3480 5230
918 333 958 398 32

830 417 1041 427 ——-————

328 551 545 646 ζητημάτων),
575 576 657 640 quas
683 551 853 638 tamquam
880 543 1053 623 materiam
1081 555 1261 621 subiecisse
1283 555 1410 622 Stoicos
1437 553 1554 620 rheto-

324 663 414 726 ricae
437 679 537 743 supra
558 659 708 740 vidimus,
730 664 865 741 statuat,
882 658 980 725 aliam
993 659 1175 726 Stoicorum
1199 659 1379 725 doctrinam
1404 665 1554 738 secutus,

324 770 424 848 atque
447 761 594 828 ordinem
621 761 823 845 singulorum
846 783 1001 846 generum
1028 763 1077 828 ita
1103 767 1217 843 mutet,
1245 767 1284 827 ut
1312 763 1455 846 primum
1487 761 1554 825 fiat

326 865 632 946 demonstrativum,
661 865 802 930 alterum
829 864 1094 947 deliberativum,
1117 867 1252 932 tertium
1273 865 1435 931 iudiciale.
1483 864 1551 929 Ne-

325 989 389 1053 que
414 968 581 1052 discrepat
592 967 813 1048 Quintilianus
826 967 862 1052 (I
886 971 939 1054 o.),
963 969 1019 1034 ubi
1033 968 1143 1034 Stoica
1165 969 1279 1036 refert:
1303 973 1435 1054 „partes
1458 969 1552 1033 euim

325 1071 506 1137 rhetorices
529 1091 601 1137 esse
623 1070 779 1137 dicebant
800 1070 1014 1152 laudativam,
1037 1071 1297 1154 deliberativam,
1325 1071 1553 1137 iudicialem.“

326 1174 475 1240 Eundem
508 1173 656 1239 ordinem
679 1173 840 1257 praebent
871 1175 938 1240 iam
961 1175 1153 1241 Cornificius
1177 1176 1262 1261 (12)
1291 1180 1324 1240 et
1353 1175 1469 1241 Cicero
1492 1174 1554 1258 (de

326 1280 390 1347 inv.
412 1277 429 1341 l
451 1281 493 1361 7),
516 1278 574 1360 qui
597 1298 670 1344 eum
692 1276 864 1343 Aristoteli
886 1277 970 1343 falso
994 1279 1120 1348 tribuit.

413 1380 521 1446 Aliam
542 1381 629 1446 viam
650 1380 818 1464 ingressus
835 1381 936 1460 estis,
962 1403 1060 1465 quem
1076 1382 1240 1466 Sulpicius
1258 1383 1369 1447 Victor
1384 1380 1553 1463 sequitur;

327 1485 385 1569 qui
409 1483 598 1567 causae'(id
621 1477 897 1568 euroaustrum)
921 1485 1003 1550 duas
1025 1485 1150 1570 species
1171 1485 1282 1565 tradit,
1304 1483 1492 1550 iudicialem
1516 1489 1555 1548 et

327 1587 589 1672 deliberativam
624 1585 740 1652 laudes
774 1591 807 1652 at
839 1585 1098 1671 uituperationes
1132 1587 1280 1654 thesibus
1310 1586 1437 1653 tribuit
1482 1587 1552 1652 Suo

326 1694 397 1757 iure
419 1691 481 1756 hoc
503 1695 648 1756 statuere
670 1691 780 1774 potuIt
802 1691 966 1775 Sulpicius
983 1692 1096 1758 Victor
1118 1691 1169 1758 vel
1197 1691 1307 1775 potius
1331 1690 1460 1756 Stoicus
1482 1689 1552 1769 ills,

326 1807 421 1879 quem
446 1793 582 1878 Sulpicii
605 1798 777 1860 auctorem
800 1793 835 1858 iu
857 1793 968 1859 multis
993 1795 1095 1860 fuisse
1122 1795 1281 1878 suspicati
1310 1813 1434 1873 sumus,
1462 1794 1554 1857 inter

329 1898 551 1990 Hermagorae
580 1902 614 1961 et
640 1897 781 1962 Senecae
811 1895 952 1962 rhetoris
985 1903 1127 1964 aetatem
1164 1897 1300 1976 floreus,
1334 1896 1460 1980 quippe
1491 1897 1552 1978 qui

327 2002 361 2065 iu
391 1999 537 2065 thesibus
559 2020 691 2083 quoque
719 2006 844 2064 certam
874 2020 1049 2083 personam
1081 2003 1189 2066 inesse
1220 2021 1318 2084 posse
1353 1999 1513 2066 docuerit.
1525 2003 1549 2081 ¹)

327 2103 449 2170 Similis
472 2123 576 2187 eaque
597 2103 708 2169 Stoica
729 2103 865 2186 partitio
884 2102 1006 2188 legitur
1028 2104 1117 2188 apud
1137 2106 1242 2172 Anon.
1259 2103 1320 2170 Vll
1335 2126 1366 2187 p.
1383 2111 1402 2170 2
1419 2124 1467 2186 sq.
1483 2103 1551 2168 W.:

733 2201 827 2292 λόγος

367 2309 556 2390 ἐνδιάθετος
983 2309 1182 2398 προφορικός

753 2412 954 2502 θεωρητικός
1121 2412 1299 2500 πρακτικός

603 2515 703 2596 θέσις
717 2515 873 2604 ἐγκώμιον
888 2502 991 2604 ψόγος
1041 2517 1310 2604 συμβουλευτικός
1331 2517 1497 2596 benevente

415 2619 517 2699 Quam
545 2619 738 2686 diuisionem
764 2621 813 2686 ita
843 2621 955 2704 potius
985 2642 1057 2686 esse
1091 2620 1352 2688 constituendam
1386 2621 1558 2704 perspexit

328 2721 567 2807 Spengelius22)

548 2823 750 2914 θεωρητικός
1127 2824 1309 2916 πρακτικός

644 2913 650 2998 Ι
1183 2915 1189 2998 Ι

609 2996 707 3077 θέσις
1127 2994 1295 3079 ὗπόθοσις

502 3166 660 3257 ἐγκώμιον
682 3167 789 3257 ψόγος
977 3169 1250 3255 σομβοολεοπικός
1272 3167 1469 3249 δικανικός.’
1579 3187 1583 3192 “

417 3273 572 3357 Plerique
593 3293 670 3338 vero
685 3273 847 3354 uidentur,
870 3274 1010 3358 profecti
1027 3297 1066 3340 ex
1083 3274 1142 3340 illa
1164 3274 1291 3352 θέσεως
1313 3280 1347 3340 et
1360 3269 1557 3352 ὑποθέσεως

331 3377 524 3462 partitione,
546 3377 696 3460 neglecta
723 3376 806 3443 thesi
833 3397 973 3460 „genera
996 3385 1187 3444 causarum“
1213 3376 1271 3442 illa
1299 3377 1432 3446 dixisse.
1465 3377 1556 3441 Haec

331 3482 432 3547 etiam
454 3481 591 3546 Crassus
619 3479 723 3544 tradit
752 3480 841 3564 apud
863 3480 929 3546 Cic.
952 3481 993 3546 de
1023 3503 1069 3550 or.
1092 3481 1109 3546 I
1136 3489 1210 3562 141,
1233 3481 1313 3545 trita
1340 3485 1439 3564 atque
1467 3500 1555 3544 eom·

334 3584 445 3650 munia
467 3583 609 3649 omnium
631 3589 811 3667 praecepta
834 3589 977 3650 secutus.
1023 3585 1184 3649 Antonius
1207 3588 1317 3649 autem
1339 3583 1431 3664 (ibid.
1446 3583 1479 3648 Π
1497 3587 1553 3665 43)

332 3687 535 3754 laudativum
565 3707 667 3771 genus
695 3693 793 3772 putat
820 3687 926 3752 miuus
955 3687 1186 3756 necessarium.
1230 3686 1340 3751 Etiam
1366 3685 1555 3770 philosophi

334 3791 546 3876 Peripatetici
571 3797 606 3856 et
628 3791 814 3857 Academici
843 3790 1045 3875 temporibus
1068 3791 1178 3857 Crassi
1205 3811 1279 3856 cum
1305 3787 1363 3857 τὸν
1385 3781 1556 3855 πολιτικὸν

333 3892 428 3981 λόγον
455 3895 488 3959 iu
519 3895 628 3960 thesin
653 3901 686 3960 et
708 3895 904 3979 hypothesin
927 3894 1120 3990 divIdsreut,
1150 3894 1209 3960 illa
1230 3895 1296 3960 tria
1324 3914 1445 3978 genera
1471 3887 1556 3958 iuro-

332 3997 458 4077 θέσεως
481 4003 707 4082 ρσεοετιιηέ.3)

421 4101 624 4194 Scholiastae
647 4102 766 4169 Graeci
791 4102 873 4168 haec
896 4101 961 4168 tria
984 4122 1112 4186 genera,
1136 4121 1220 4186 quae
1244 4123 1317 4168 cum
1332 4100 1439 4166 tribus
1454 4101 1557 4168 animi

337 4292 547 4303 .-.—-—-.-

405 4415 425 4482 ι)
444 4415 477 4468 er.
497 4431 523 4483 p.
541 4414 599 4467 ars.
617 4415 669 4469 err
686 4411 721 4468 Η.

407 4501 427 4568 ¹)
445 4499 515 4556 Mus.
534 4501 620 4556 Rhea.
639 4499 733 4556 XVIII
751 4514 778 4569 p.
797 4501 855 4554 500.

406 4587 426 4658 ⁸)
445 4585 479 4644 do
497 4603 535 4644 or.
553 4585 594 4642 III
613 4589 675 4656 109,
694 4587 759 4658 Top.
778 4587 823 4658 91;
842 4586 934 4642 Theou
954 4585 979 4641 ll
999 4605 1024 4658 p.
1043 4587 1085 4656 61,
1103 4587 1136 4641 21
1154 4601 1193 4657 sq.
1213 4585 1257 4658 Sp.
