3598 5226
827 399 869 467 99

747 485 959 498 ἡ

326 621 395 705 Quo
409 623 530 691 factum
551 629 610 704 est,
632 628 669 691 ut
684 625 770 693 furor
790 627 967 692 iamborum
987 627 1077 709 quasi
1091 626 1124 692 in
1139 627 1338 712 proverbium
1353 627 1463 706 abiret,

241 728 279 794 ci.
303 728 420 795 Catulli
442 747 537 796 carm.
561 730 611 808 36,
634 731 671 794 4:
696 730 819 808 ·,‚Vovit
841 733 895 812 (sc
917 731 1144 814 mappella),
1166 731 1194 796 si
1216 731 1276 798 sibi
1297 731 1462 796 restitutus

240 851 344 898 essem
376 832 598 916 Desissemque
623 836 754 899 truces
781 835 902 900 vibrare
930 833 1066 912 iambos,
1100 833 1301 900 Electissima
1332 833 1461 918 pessimi

240 938 349 1020 poetae
374 936 497 1020 Scripta
521 937 676 1021 tardipedi
699 938 757 1003 deo
780 938 959 1012 daturam“;
995 937 1105 1002 Horat
1128 955 1223 1002 carm.
1245 937 1263 1001 I
1286 936 1377 1015 16‚1
1414 935 1462 1015 „0

240 1043 340 1106 matre
374 1039 506 1124 pulchra
536 1041 602 1105 iilia
627 1041 799 1125 pulchrior,
832 1039 934 1120 Quem
967 1039 1186 1106 criminosis
1221 1059 1345 1123 amque
1378 1041 1463 1106 voles

240 1143 370 1208 modum
392 1143 493 1209 Pones
514 1144 663 1220 iambis“;
686 1144 822 1228 Apollin.
845 1143 951 1210 Sidon.
974 1145 1065 1229 epist.
1087 1143 1133 1208 IX
1157 1144 1198 1207 14
1219 1164 1248 1227 p.
1270 1144 1334 1207 469
1354 1143 1397 1208 B:

452 1264 577 1344 „Iubes
600 1265 709 1344 amice,
727 1268 835 1331 nostra
852 1284 909 1350 per
929 1265 1090 1331 volumina

450 1366 551 1433 Medis
573 1368 707 1434 resultet
726 1369 954 1434 incitatioribus

450 1471 570 1537 Ferox
591 1471 726 1551 iambus,
748 1473 780 1538 et
801 1474 966 1538 trochaeus
987 1473 1151 1551 hactenus,

452 1574 625 1658 Pigrasqua
647 1576 744 1662 bigas
759 1578 792 1641 et
813 1579 968 1659 quaterna
988 1577 1129 1660 tempora

451 1676 614 1761 Spondeus
637 1677 742 1757 addat,
764 1681 802 1744 ut
822 1698 945 1756 moram
966 1679 1139 1763 volucripes

450 1780 575 1846 Habeat
595 1799 766 1866 parumper
786 1783 915 1848 insitam
937 1783 1107 1858 trimetria;

449 1884 648 1968 Resonetque
670 1886 787 1952 mixtus
809 1887 863 1952 ille
885 1905 941 1971 pes
963 1885 1144 1952 celerrimus

450 1987 537 2053 Bene
559 1991 759 2072 nuncupatus
781 1990 941 2072 quondam
963 1989 1002 2054 ab
1025 1991 1092 2054 arta
1111 1987 1289 2073 pyrncho‘t

325 2106 409 2187 Quin
432 2109 527 2174 etiam
550 2110 617 2174 tam
639 2111 706 2174 arte
727 2109 935 2176 maledicendi
957 2111 990 2175 et
1011 2108 1173 2194 pugnandi
1195 2107 1281 2174 notio
1303 2105 1458 2190 cumipse

239 2210 343 2276 iambo
371 2213 439 2276 erat
465 2213 651 2290 consociata,
679 2215 716 2278 ut
738 2232 757 2278 a
777 2214 899 2298 vulgari
927 2233 989 2279 usu
1021 2232 1055 2278 se
1077 2210 1221 2279 resedere
1244 2208 1458 2278 callimachus

240 2313 439 2398 profiteretur
460 2316 510 2380 bis
532 2316 634 2380 verbis
657 2315 702 2396 (in
722 2316 860 2382 ‘scholiis
875 2316 1135 2401 Hephaestioneis
1149 2316 1186 2380 A’
1203 2336 1234 2400 p.
1251 2313 1345 2391 146,5
1361 2311 1402 2375 W
1416 2337 1460 2366 =

242 2419 303 2482 132
326 2420 408 2484 med.
432 2419 533 2498 stud,
557 2418 679 2485 Gallim.
701 2419 813 2504 fragm.
837 2422 877 2485 90
900 2421 948 2486 ed.
972 2419 1170 2500 Schneider):
1203 2413 1319 2504 Φέρων
1339 2407 1459 2498 ἴαμβον

240 2511 276 2586 οὗ
296 2517 403 2611 μοίχνγν
436 2513 586 2588 aarum
620 2514 686 2608 Ίῖμ
717 2520 929 2590 Βοοπάλειον.
975 2522 1037 2589 Sed
1070 2524 1137 2606 ipse
1174 2520 1351 2598 scholiasta,
1385 2536 1459 2583 cum

241 2625 326 2690 bunc
348 2626 451 2692 adfert
471 2627 586 2704 locum,
608 2627 685 2691 varii
708 2629 883 2694 iamborum
906 2647 982 2693 usus
1005 2646 1063 2692 nos
1091 2625 1254 2691 admonet:
1282 2615 1400 2705 ἴαμβος
1421 2617 1459 2686 δὲ

241 2720 278 2794 οὗ
309 2733 377 2808 πᾶς
404 2726 477 2795 ἔστι
508 2725 667 2818 λοίδορος,
699 2721 769 2796 ἀλλ’
798 2724 870 2796 εἴστι
895 2727 951 2796 καὶ
978 2721 1128 2816 εὐσεβής·
1156 2723 1190 2792 ἐν
1214 2719 1373 2812 κωμῳδίᾳ
1399 2721 1460 2807 μὲν

239 2822 299 2918 γὰρ
321 2829 542 2916 στωμύλλεται
564 2831 620 2898 καί
641 2832 792 2921 λοιδορεῖ,
800 2835 822 2920 ¹)
846 2831 879 2900 ἐν
907 2832 944 2899 δὲ
970 2825 1135 2923 τραγῳδίᾳ
1156 2831 1284 2910 πενθεῖ,
1308 2821 1383 2893 ἴσθ’
1406 2821 1460 2892 ὅτε

241 2933 278 3000 δὲ
301 2934 358 3001 καὶ
380 2930 474 3019 ἴμνοι
497 2932 676 3024 γράφονται
698 2934 811 3025 τούτῳ,
834 2933 991 3004 ὥστεκαὶ
1012 2927 1152 3020 εὐσεβής.
1196 2932 1255 2999 eui
1276 2931 1387 2997 similis
1410 2933 1460 2996 est

241 3041 399 3106 sententia
420 3041 522 3106 Procli
545 3041 734 3121 (chrestum.
756 3062 785 3126 p.
809 3043 881 3121 242,
904 3043 946 3105 25
967 3040 1022 3104 W:
1050 3029 1109 3103 τὸν
1133 3030 1253 3121 ἴαμβον
1272 3029 1459 3116 τάττεσθαι

239 3140 301 3227 μὲν
323 3139 383 3208 ἐπὶ
404 3139 571 3231 λοιδορίας
591 3135 630 3209 τδ
653 3140 798 3211 παλαιόν
818 3143 872 3230 (sc.
894 3139 1032 3230 λέγεται)
1066 3190 1073 3205 .
1103 3188 1140 3205 ..
1171 3133 1256 3204 ἔοικε
1278 3133 1315 3202 δὲ
1342 3130 1457 3221 δῖαμ-

239 3249 298 3330 βος
318 3238 358 3314 τὸ
380 3243 441 3331 μὲν
467 3239 610 3314 παλαιὸν
631 3243 691 3312 ἐπί
713 3251 778 3313 ταῖν
801 3240 848 3326 είς
871 3243 978 3332 ψόγον
1006 3239 1062 3308 καὶ
1089 3235 1226 3308 ἔπαινον
1246 3236 1456 3328 γραφομένων

241 3343 363 3433 ὁμοίως
389 3347 559 3436 λέγεσθαι·
588 3348 663 3416 ἐπεὶ
689 3348 727 3417 δέ
750 3373 836 3430 τινες
864 3345 1064 3415 ἐπλεόνασαν
1091 3343 1126 3411 ἐν
1152 3347 1225 3423 ταῖς
1250 3338 1455 3429 κακολογίαις

241 3445 280 3520 τὸ
302 3451 431 3540 μέτρον,
455 3451 582 3521 ἐκεῖθεν
602 3448 642 3521 τὸ
664 3448 831 3539 ἰαμβίζειν
853 3449 900 3532 τίς
920 3448 960 3519 τὸ
974 3445 1116 3539 ὑβρίζειν
1130 3438 1196 3514 ὑπὸ
1210 3451 1269 3535 τῆς
1285 3441 1460 3534 συνηθείας

241 3554 402 3638 ἐκπεσεῖν,
435 3551 547 3646 ὥσπερ
581 3549 652 3624 ἀπὸ
685 3561 750 3624 τῶν
782 3559 934 3641 κωμικῶν
960 3545 1000 3622 τὸ
1021 3550 1271 3640 κωμῳδεῖσθαι)
1303 3553 1336 3616 at
1362 3548 1462 3614 Molli

241 3867 298 3924 Pal.
317 3867 344 3922 ll
364 3869 392 3937 1)
410 3885 433 3923 τ.
451 3869 514 3923 aba:
541 3871 597 3920 Kal
613 3865 700 3922 τίοτοτ
717 3863 802 3940 δβρδτ
819 3862 940 3936 ελαμντεν
956 3861 1135 3938 δριστονίοιο
1161 3863 1308 3936 Κρατίνου,
1327 3856 1376 3914 ‘¹0⁶
1393 3874 1463 3912 ποτε

241 3951 422 4025 δημοβόροισι
445 3952 676 4022 πολισσούχοισιν
696 3951 798 4006 Ἰώνων
825 3947 1034 4020 Θομοδαιτεῖτ
1057 3947 1186 4002 ἔδδεισεν
1207 3944 1463 4018 ολκοντιστῆροτ

241 4039 363 4109 ι’τίμβουτ.

313 4147 334 4214 ¹)
353 4143 391 4199 ef.
411 4143 480 4198 Mar.
500 4143 569 4198 Plot.
589 4144 699 4200 Sacerd.
722 4160 747 4212 p.
766 4143 825 4210 lae,
851 4144 884 4197 10
902 4141 940 4196 K:
966 4139 1027 4210 „cui
1045 4139 1093 4208 (so.
1110 4137 1215 4205 iambo)
1239 4151 1335 4191 nomeu
1360 4133 1462 4200 Iambe,

243 4230 317 4286 Celsi
335 4229 401 4296 filia,
420 4229 503 4298 dedit,
522 4217 592 4299 quase
610 4229 795 4286 cavillationes
817 4229 960 4285 iocosae
982 4226 1062 4281 huius
1084 4223 1162 4293 pedis
1185 4239 1251 4278 sono
1270 4221 1361 4276 dicens
1380 4219 1464 4275 risum

244 4315 338 4371 Generi
363 4315 514 4384 hospitanti
536 4315 574 4370 ibi
593 4315 778 4384 gratissimum
797 4313 996 4372 commovebat:
1018 4310 1089 4366 uude
1113 4309 1197 4364 etiam
1215 4307 1295 4362 buius
1313 4305 1389 4375 pedis
1408 4321 1463 4360 me·

242 4406 313 4456 bum
341 4401 535 4467 comoediis,
563 4401 614 4458 boc
638 4405 682 4457 est
707 4402 747 4457 rei
775 4401 961 4470 gratissimae,
990 4395 1208 4462 conmodatur‘3
1237 4392 1365 4448 Iluststb.
1389 4390 1425 4447 ad
1449 4387 1465 4442 λ

241 4489 292 4543 277
309 4503 336 4557 p.
358 4489 434 4555 1684,
452 4489 499 4543 52:
518 4483 588 4542 ὅτι.
609 4527 615 4540 .
634 4529 640 4542 .
659 4486 823 4554 σκωπτόλης
839 4486 876 4539 τοὶ
893 4485 993 4558 πρῶτα
1012 4482 1028 4537 δ
1045 4482 1158 4550 ἴαμβοι,
1176 4475 1256 4546 δηλοῖ
1271 4481 1318 4531 καὶ
1335 4477 1351 4530 δ
1369 4474 1466 4549 πικρδτ

238 4573 395 4640 Ἱππῶναξ,
413 4571 653 4643 χωλιαμβοττοτῶν
670 4570 831 4648 ἀκράχολα·
850 4569 894 4627 ὅτι
912 4568 941 4623 dl
960 4573 1007 4623 καλ
1026 4566 1144 4637 ἱλαροί
1159 4585 1231 4620 τινες
1251 4561 1348 4617 ’δοντα
1360 4561 1464 4631 ἴαμβοι,

239 4658 349 4729 tolosa
372 4659 529 4735 ἱστορήσας,
550 4659 587 4716 ὡς
604 4661 732 4734 Δημήτηρ
749 4659 904 4730 λιατονμένη
922 4655 979 4714 κτλ.
1220 4737 1256 4794 7*
