<?xml version="1.0" encoding="UTF-8"?>
<!DOCTYPE html PUBLIC "-//W3C//DTD XHTML 1.0 Transitional//EN"
    "http://www.w3.org/TR/xhtml1/DTD/xhtml1-transitional.dtd">
<html xmlns="http://www.w3.org/1999/xhtml" xml:lang="en" lang="en">
 <head>
  <title>
</title>
<meta http-equiv="Content-Type" content="text/html;charset=utf-8" />
  <meta name='ocr-system' content='tesseract 3.04.00' />
  <meta name='ocr-capabilities' content='ocr_page ocr_carea ocr_par ocr_line ocrx_word'/>
</head>
<body>
  <div class='ocr_page' id='page_1' title='image "./destoicorumstud00strigoog_0145.png"; bbox 0 0 3480 5230; ppageno 0'>
   <div class='ocr_carea' id='block_1_1' title="bbox 937 305 978 366">
    <p class='ocr_par' dir='ltr' id='par_1_1' title="bbox 937 305 978 366">
     <span class='ocr_line' id='line_1_1' title="bbox 937 305 978 366; baseline 0 0"><span class='ocrx_word' id='word_1_1' title='bbox 937 305 978 366; x_wconf 80' lang='lat'>22</span> 
     </span>
    </p>
   </div>
   <div class='ocr_carea' id='block_1_2' title="bbox 850 388 1063 406">
    <p class='ocr_par' dir='ltr' id='par_1_2' title="bbox 850 388 1063 406">
     <span class='ocr_line' id='line_1_2' title="bbox 850 388 1063 406; baseline 0 -6"><span class='ocrx_word' id='word_1_2' title='bbox 850 388 1063 406; x_wconf 57' lang='grc' dir='ltr'>..-.-,-.----.ιι</span> 
     </span>
    </p>
   </div>
   <div class='ocr_carea' id='block_1_3' title="bbox 358 528 1681 624">
    <p class='ocr_par' dir='ltr' id='par_1_3' title="bbox 358 528 1681 624">
     <span class='ocr_line' id='line_1_3' title="bbox 358 528 1681 624; baseline -0.001 -10"><span class='ocrx_word' id='word_1_3' title='bbox 358 545 458 614; x_wconf 84' lang='lat' dir='ltr'>etiam</span> <span class='ocrx_word' id='word_1_4' title='bbox 486 541 596 611; x_wconf 82' lang='lat' dir='ltr'>theses</span> <span class='ocrx_word' id='word_1_5' title='bbox 621 528 836 620; x_wconf 87' lang='lat' dir='ltr'>philosophas</span> <span class='ocrx_word' id='word_1_6' title='bbox 864 540 954 607; x_wconf 86' lang='lat' dir='ltr'>velut</span> <span class='ocrx_word' id='word_1_7' title='bbox 986 535 1116 624; x_wconf 81' lang='lat' dir='ltr'>„verine</span> <span class='ocrx_word' id='word_1_8' title='bbox 1139 534 1206 603; x_wconf 90' lang='lat' dir='ltr'>sint</span> <span class='ocrx_word' id='word_1_9' title='bbox 1239 546 1394 614; x_wconf 71' lang='lat' dir='ltr'>sensust“</span> <span class='ocrx_word' id='word_1_10' title='bbox 1432 548 1586 614; x_wconf 84' lang='lat' dir='ltr'>oratoris</span> <span class='ocrx_word' id='word_1_11' title='bbox 1677 584 1681 593; x_wconf 95' lang='lat'>·</span> 
     </span>
    </p>
   </div>
   <div class='ocr_carea' id='block_1_4' title="bbox 352 649 1590 1887">
    <p class='ocr_par' dir='ltr' id='par_1_4' title="bbox 352 649 1588 846">
     <span class='ocr_line' id='line_1_4' title="bbox 354 649 1588 742; baseline 0.004 -23"><span class='ocrx_word' id='word_1_12' title='bbox 354 652 464 720; x_wconf 88' lang='lat' dir='ltr'>officio</span> <span class='ocrx_word' id='word_1_13' title='bbox 485 651 641 719; x_wconf 90' lang='lat' dir='ltr'>tribuere.</span> <span class='ocrx_word' id='word_1_14' title='bbox 686 651 750 720; x_wconf 86' lang='lat' dir='ltr'>Sed</span> <span class='ocrx_word' id='word_1_15' title='bbox 774 653 855 739; x_wconf 90' lang='lat' dir='ltr'>quid</span> <span class='ocrx_word' id='word_1_16' title='bbox 878 654 919 721; x_wconf 89' lang='lat' dir='ltr'>de</span> <span class='ocrx_word' id='word_1_17' title='bbox 940 651 1088 720; x_wconf 89' lang='lat' dir='ltr'>finitione</span> <span class='ocrx_word' id='word_1_18' title='bbox 1109 649 1295 720; x_wconf 75' lang='lat' dir='ltr'>rhetoricae</span> <span class='ocrx_word' id='word_1_19' title='bbox 1311 653 1353 721; x_wconf 89' lang='lat' dir='ltr'>ah</span> <span class='ocrx_word' id='word_1_20' title='bbox 1369 655 1588 742; x_wconf 73' lang='lat' dir='ltr'><strong>Hermagora</strong></span> 
     </span>
     <span class='ocr_line' id='line_1_5' title="bbox 352 757 1229 846; baseline 0.006 -22"><span class='ocrx_word' id='word_1_21' title='bbox 352 758 463 845; x_wconf 88' lang='lat' dir='ltr'>posita</span> <span class='ocrx_word' id='word_1_22' title='bbox 484 757 696 824; x_wconf 90' lang='lat' dir='ltr'>iudicandum</span> <span class='ocrx_word' id='word_1_23' title='bbox 720 760 774 842; x_wconf 86' lang='lat' dir='ltr'>sit,</span> <span class='ocrx_word' id='word_1_24' title='bbox 797 760 862 827; x_wconf 88' lang='lat' dir='ltr'>iam</span> <span class='ocrx_word' id='word_1_25' title='bbox 887 781 988 846; x_wconf 88' lang='lat' dir='ltr'>supra</span> <span class='ocrx_word' id='word_1_26' title='bbox 1010 757 1229 844; x_wconf 81' lang='lat' dir='ltr'>exposuimus.</span> 
     </span>
    </p>

    <p class='ocr_par' dir='ltr' id='par_1_5' title="bbox 352 861 1590 1887">
     <span class='ocr_line' id='line_1_6' title="bbox 441 861 1588 950; baseline 0 -20"><span class='ocrx_word' id='word_1_27' title='bbox 441 864 532 945; x_wconf 91' lang='lat' dir='ltr'>Quae</span> <span class='ocrx_word' id='word_1_28' title='bbox 548 861 760 930; x_wconf 85' lang='lat' dir='ltr'>difficultates</span> <span class='ocrx_word' id='word_1_29' title='bbox 783 885 857 931; x_wconf 88' lang='lat' dir='ltr'>cum</span> <span class='ocrx_word' id='word_1_30' title='bbox 872 866 980 932; x_wconf 89' lang='lat' dir='ltr'>adhuc</span> <span class='ocrx_word' id='word_1_31' title='bbox 996 863 1213 950; x_wconf 78' lang='lat' dir='ltr'>explicatione</span> <span class='ocrx_word' id='word_1_32' title='bbox 1229 871 1349 949; x_wconf 81' lang='lat' dir='ltr'>egeant</span> <span class='ocrx_word' id='word_1_33' title='bbox 1370 904 1409 915; x_wconf 94' lang='lat'>-</span> <span class='ocrx_word' id='word_1_34' title='bbox 1434 887 1524 933; x_wconf 81' lang='lat' dir='ltr'>nam</span> <span class='ocrx_word' id='word_1_35' title='bbox 1548 886 1588 931; x_wconf 92' lang='lat' dir='ltr'>ne</span> 
     </span>
     <span class='ocr_line' id='line_1_7' title="bbox 354 967 1585 1054; baseline 0.002 -20"><span class='ocrx_word' id='word_1_36' title='bbox 354 969 581 1036; x_wconf 87' lang='lat' dir='ltr'>Volkmannus</span> <span class='ocrx_word' id='word_1_37' title='bbox 616 967 747 1053; x_wconf 92' lang='lat' dir='ltr'>quidem</span> <span class='ocrx_word' id='word_1_38' title='bbox 780 991 895 1036; x_wconf 81' lang='lat' dir='ltr'>rerum</span> <span class='ocrx_word' id='word_1_39' title='bbox 930 972 1099 1036; x_wconf 85' lang='lat' dir='ltr'>assecutus</span> <span class='ocrx_word' id='word_1_40' title='bbox 1126 989 1197 1035; x_wconf 88' lang='lat' dir='ltr'>esse</span> <span class='ocrx_word' id='word_1_41' title='bbox 1223 969 1305 1036; x_wconf 91' lang='lat' dir='ltr'>mihi</span> <span class='ocrx_word' id='word_1_42' title='bbox 1337 969 1511 1054; x_wconf 76' lang='lat' dir='ltr'>ridetur1)</span> <span class='ocrx_word' id='word_1_43' title='bbox 1548 1007 1585 1020; x_wconf 90' lang='lat'>-</span> 
     </span>
     <span class='ocr_line' id='line_1_8' title="bbox 355 1071 1590 1160; baseline 0 -22"><span class='ocrx_word' id='word_1_44' title='bbox 355 1073 462 1139; x_wconf 88' lang='lat' dir='ltr'>denuo</span> <span class='ocrx_word' id='word_1_45' title='bbox 485 1073 651 1139; x_wconf 80' lang='lat' dir='ltr'>instituam</span> <span class='ocrx_word' id='word_1_46' title='bbox 676 1071 762 1140; x_wconf 88' lang='lat' dir='ltr'>hano</span> <span class='ocrx_word' id='word_1_47' title='bbox 778 1074 1003 1160; x_wconf 86' lang='lat' dir='ltr'>quaestionem</span> <span class='ocrx_word' id='word_1_48' title='bbox 1020 1077 1120 1157; x_wconf 86' lang='lat' dir='ltr'>atque</span> <span class='ocrx_word' id='word_1_49' title='bbox 1136 1071 1326 1158; x_wconf 88' lang='lat' dir='ltr'>proficiscar</span> <span class='ocrx_word' id='word_1_50' title='bbox 1341 1075 1383 1140; x_wconf 90' lang='lat' dir='ltr'>ab</span> <span class='ocrx_word' id='word_1_51' title='bbox 1402 1075 1590 1158; x_wconf 74' lang='lat' dir='ltr'>Augustini</span> 
     </span>
     <span class='ocr_line' id='line_1_9' title="bbox 352 1176 1587 1263; baseline 0.002 -22"><span class='ocrx_word' id='word_1_52' title='bbox 352 1176 535 1242; x_wconf 83' lang='lat' dir='ltr'>rhetoricae</span> <span class='ocrx_word' id='word_1_53' title='bbox 557 1198 588 1260; x_wconf 90' lang='lat' dir='ltr'>p.</span> <span class='ocrx_word' id='word_1_54' title='bbox 614 1183 779 1246; x_wconf 80' lang='lat'>137-151</span> <span class='ocrx_word' id='word_1_55' title='bbox 810 1178 875 1262; x_wconf 87' lang='lat' dir='ltr'>(ed.</span> <span class='ocrx_word' id='word_1_56' title='bbox 897 1177 1026 1262; x_wconf 81' lang='lat' dir='ltr'>Halm),</span> <span class='ocrx_word' id='word_1_57' title='bbox 1054 1198 1151 1260; x_wconf 90' lang='lat' dir='ltr'>quem</span> <span class='ocrx_word' id='word_1_58' title='bbox 1180 1177 1407 1263; x_wconf 80' lang='lat' dir='ltr'>Hermagorae</span> <span class='ocrx_word' id='word_1_59' title='bbox 1435 1179 1516 1244; x_wconf 88' lang='lat' dir='ltr'>eius</span> <span class='ocrx_word' id='word_1_60' title='bbox 1546 1179 1587 1244; x_wconf 90' lang='lat' dir='ltr'>de</span> 
     </span>
     <span class='ocr_line' id='line_1_10' title="bbox 354 1279 1588 1366; baseline 0.001 -20"><span class='ocrx_word' id='word_1_61' title='bbox 354 1302 418 1366; x_wconf 92' lang='lat' dir='ltr'>quo</span> <span class='ocrx_word' id='word_1_62' title='bbox 442 1279 553 1363; x_wconf 86' lang='lat' dir='ltr'>agitur</span> <span class='ocrx_word' id='word_1_63' title='bbox 575 1285 753 1365; x_wconf 88' lang='lat' dir='ltr'>praecepta</span> <span class='ocrx_word' id='word_1_64' title='bbox 774 1281 898 1347; x_wconf 87' lang='lat' dir='ltr'>referre</span> <span class='ocrx_word' id='word_1_65' title='bbox 920 1285 1072 1366; x_wconf 89' lang='lat' dir='ltr'>apertum</span> <span class='ocrx_word' id='word_1_66' title='bbox 1095 1284 1154 1348; x_wconf 86' lang='lat' dir='ltr'>est.</span> <span class='ocrx_word' id='word_1_67' title='bbox 1201 1280 1307 1365; x_wconf 80' lang='lat' dir='ltr'>Atque</span> <span class='ocrx_word' id='word_1_68' title='bbox 1329 1281 1416 1349; x_wconf 86' lang='lat' dir='ltr'>hanc</span> <span class='ocrx_word' id='word_1_69' title='bbox 1439 1284 1588 1350; x_wconf 90' lang='lat' dir='ltr'>Herma·</span> 
     </span>
     <span class='ocr_line' id='line_1_11' title="bbox 354 1383 1586 1471; baseline 0.002 -22"><span class='ocrx_word' id='word_1_70' title='bbox 354 1405 453 1468; x_wconf 88' lang='lat' dir='ltr'>gorae</span> <span class='ocrx_word' id='word_1_71' title='bbox 476 1383 659 1450; x_wconf 87' lang='lat' dir='ltr'>doctrinam</span> <span class='ocrx_word' id='word_1_72' title='bbox 682 1385 799 1451; x_wconf 89' lang='lat' dir='ltr'>tradit:</span> <span class='ocrx_word' id='word_1_73' title='bbox 834 1383 1004 1466; x_wconf 86' lang='lat' dir='ltr'>„Oratoris</span> <span class='ocrx_word' id='word_1_74' title='bbox 1028 1383 1172 1451; x_wconf 85' lang='lat' dir='ltr'>officium</span> <span class='ocrx_word' id='word_1_75' title='bbox 1196 1389 1247 1450; x_wconf 86' lang='lat' dir='ltr'>est</span> <span class='ocrx_word' id='word_1_76' title='bbox 1269 1387 1476 1470; x_wconf 88' lang='lat' dir='ltr'>persuadere</span> <span class='ocrx_word' id='word_1_77' title='bbox 1503 1408 1586 1471; x_wconf 87' lang='lat' dir='ltr'>qua-</span> 
     </span>
     <span class='ocr_line' id='line_1_12' title="bbox 354 1488 1586 1572; baseline 0.001 -20"><span class='ocrx_word' id='word_1_78' title='bbox 354 1493 449 1553; x_wconf 90' lang='lat' dir='ltr'>tenus</span> <span class='ocrx_word' id='word_1_79' title='bbox 471 1508 580 1554; x_wconf 89' lang='lat' dir='ltr'>rerum</span> <span class='ocrx_word' id='word_1_80' title='bbox 604 1493 638 1554; x_wconf 91' lang='lat' dir='ltr'>et</span> <span class='ocrx_word' id='word_1_81' title='bbox 660 1509 877 1572; x_wconf 90' lang='lat' dir='ltr'>personarum</span> <span class='ocrx_word' id='word_1_82' title='bbox 901 1488 1051 1554; x_wconf 93' lang='lat' dir='ltr'>condicio</span> <span class='ocrx_word' id='word_1_83' title='bbox 1074 1489 1217 1572; x_wconf 86' lang='lat' dir='ltr'>patitur,</span> <span class='ocrx_word' id='word_1_84' title='bbox 1247 1489 1419 1556; x_wconf 82' lang='lat' dir='ltr'>dumtaxat</span> <span class='ocrx_word' id='word_1_85' title='bbox 1441 1491 1479 1555; x_wconf 94' lang='lat' dir='ltr'>in</span> <span class='ocrx_word' id='word_1_86' title='bbox 1507 1490 1586 1554; x_wconf 84' lang='lat' dir='ltr'>civi-</span> 
     </span>
     <span class='ocr_line' id='line_1_13' title="bbox 353 1589 1586 1677; baseline 0.002 -21"><span class='ocrx_word' id='word_1_87' title='bbox 353 1591 439 1656; x_wconf 88' lang='lat' dir='ltr'>libus</span> <span class='ocrx_word' id='word_1_88' title='bbox 467 1589 734 1674; x_wconf 86' lang='lat' dir='ltr'>quaestionibus“</span> <span class='ocrx_word' id='word_1_89' title='bbox 751 1591 842 1677; x_wconf 85' lang='lat' dir='ltr'>(Aur.</span> <span class='ocrx_word' id='word_1_90' title='bbox 867 1593 948 1676; x_wconf 87' lang='lat' dir='ltr'>Aug.</span> <span class='ocrx_word' id='word_1_91' title='bbox 965 1615 996 1677; x_wconf 91' lang='lat' dir='ltr'>p.</span> <span class='ocrx_word' id='word_1_92' title='bbox 1015 1594 1099 1676; x_wconf 79' lang='lat'>138).</span> <span class='ocrx_word' id='word_1_93' title='bbox 1145 1593 1235 1670; x_wconf 82' lang='lat' dir='ltr'>Quae</span> <span class='ocrx_word' id='word_1_94' title='bbox 1257 1593 1358 1658; x_wconf 86' lang='lat' dir='ltr'>verba</span> <span class='ocrx_word' id='word_1_95' title='bbox 1379 1592 1515 1659; x_wconf 86' lang='lat' dir='ltr'>Graece</span> <span class='ocrx_word' id='word_1_96' title='bbox 1540 1593 1586 1658; x_wconf 89' lang='lat' dir='ltr'>sic</span> 
     </span>
     <span class='ocr_line' id='line_1_14' title="bbox 354 1689 1586 1784; baseline -0.001 -23"><span class='ocrx_word' id='word_1_97' title='bbox 354 1697 421 1761; x_wconf 86' lang='lat' dir='ltr'>fere</span> <span class='ocrx_word' id='word_1_98' title='bbox 455 1694 704 1779; x_wconf 85' lang='lat' dir='ltr'>interpretanda</span> <span class='ocrx_word' id='word_1_99' title='bbox 735 1699 827 1764; x_wconf 84' lang='lat' dir='ltr'>eunt:</span> <span class='ocrx_word' id='word_1_100' title='bbox 861 1693 996 1784; x_wconf 76' lang='grc' dir='ltr'><em>ῥήτορος</em></span> <span class='ocrx_word' id='word_1_101' title='bbox 1029 1691 1122 1782; x_wconf 73' lang='grc' dir='ltr'><em>ἔργον</em></span> <span class='ocrx_word' id='word_1_102' title='bbox 1150 1693 1220 1762; x_wconf 78' lang='grc' dir='ltr'><strong><em>ἐστὶ</em></strong></span> <span class='ocrx_word' id='word_1_103' title='bbox 1255 1692 1391 1764; x_wconf 72' lang='grc' dir='ltr'><strong><em>πείθειν</em></strong></span> <span class='ocrx_word' id='word_1_104' title='bbox 1421 1689 1513 1762; x_wconf 81' lang='grc' dir='ltr'><strong><em>κατὰ</em></strong></span> <span class='ocrx_word' id='word_1_105' title='bbox 1548 1689 1586 1761; x_wconf 84' lang='grc' dir='ltr'>τὸ</span> 
     </span>
     <span class='ocr_line' id='line_1_15' title="bbox 355 1793 1585 1887; baseline -0.002 -22"><span class='ocrx_word' id='word_1_106' title='bbox 355 1793 558 1882; x_wconf 76' lang='grc' dir='ltr'><strong><em>ἐνδεχόμενον</em></strong></span> <span class='ocrx_word' id='word_1_107' title='bbox 580 1796 614 1864; x_wconf 77' lang='grc' dir='ltr'>ἐν</span> <span class='ocrx_word' id='word_1_108' title='bbox 637 1799 799 1887; x_wconf 80' lang='grc' dir='ltr'><strong><em>πολιτικῷ</em></strong></span> <span class='ocrx_word' id='word_1_109' title='bbox 824 1796 991 1886; x_wconf 82' lang='grc' dir='ltr'><strong><em>ζητήματι.</em></strong></span> <span class='ocrx_word' id='word_1_110' title='bbox 1036 1799 1120 1866; x_wconf 89' lang='lat' dir='ltr'>Vide</span> <span class='ocrx_word' id='word_1_111' title='bbox 1143 1805 1347 1884; x_wconf 88' lang='lat' dir='ltr'>quantopere</span> <span class='ocrx_word' id='word_1_112' title='bbox 1369 1799 1585 1866; x_wconf 81' lang='lat' dir='ltr'>consentiant</span> 
     </span>
    </p>
   </div>
   <div class='ocr_carea' id='block_1_5' title="bbox 355 1901 1685 1988">
    <p class='ocr_par' dir='ltr' id='par_1_6' title="bbox 355 1901 1685 1988">
     <span class='ocr_line' id='line_1_16' title="bbox 355 1901 1685 1988; baseline -0.003 -20"><span class='ocrx_word' id='word_1_113' title='bbox 355 1924 427 1968; x_wconf 91' lang='lat' dir='ltr'>cum</span> <span class='ocrx_word' id='word_1_114' title='bbox 454 1901 504 1966; x_wconf 91' lang='lat' dir='ltr'>his</span> <span class='ocrx_word' id='word_1_115' title='bbox 532 1923 587 1982; x_wconf 83' lang='lat' dir='ltr'>ea,</span> <span class='ocrx_word' id='word_1_116' title='bbox 626 1923 710 1986; x_wconf 88' lang='lat' dir='ltr'>quae</span> <span class='ocrx_word' id='word_1_117' title='bbox 739 1902 857 1969; x_wconf 86' lang='lat' dir='ltr'>Sextus</span> <span class='ocrx_word' id='word_1_118' title='bbox 883 1902 1067 1986; x_wconf 82' lang='lat' dir='ltr'>Empiricos</span> <span class='ocrx_word' id='word_1_119' title='bbox 1095 1903 1181 1988; x_wconf 86' lang='lat' dir='ltr'>(adv.</span> <span class='ocrx_word' id='word_1_120' title='bbox 1209 1903 1293 1972; x_wconf 88' lang='lat' dir='ltr'>rhet.</span> <span class='ocrx_word' id='word_1_121' title='bbox 1322 1909 1376 1976; x_wconf 71' lang='lat'>62)</span> <span class='ocrx_word' id='word_1_122' title='bbox 1407 1903 1584 1987; x_wconf 90' lang='lat' dir='ltr'>perhibet:</span> <span class='ocrx_word' id='word_1_123' title='bbox 1680 1948 1685 1979; x_wconf 85' lang='grc'>,</span> 
     </span>
    </p>
   </div>
   <div class='ocr_carea' id='block_1_6' title="bbox 355 1997 1584 2198">
    <p class='ocr_par' dir='ltr' id='par_1_7' title="bbox 355 1997 1584 2198">
     <span class='ocr_line' id='line_1_17' title="bbox 355 1997 1584 2093; baseline 0 -23"><span class='ocrx_word' id='word_1_124' title='bbox 355 2001 477 2071; x_wconf 75' lang='grc' dir='ltr'><strong><em>τελείου</em></strong></span> <span class='ocrx_word' id='word_1_125' title='bbox 509 2001 642 2093; x_wconf 79' lang='grc' dir='ltr'><strong><em>ῥήτορος</em></strong></span> <span class='ocrx_word' id='word_1_126' title='bbox 669 2001 760 2093; x_wconf 71' lang='grc' dir='ltr'><em>ἔργον</em></span> <span class='ocrx_word' id='word_1_127' title='bbox 790 1997 874 2073; x_wconf 77' lang='grc' dir='ltr'><strong><em>εἶναι</em></strong></span> <span class='ocrx_word' id='word_1_128' title='bbox 906 2008 963 2092; x_wconf 91' lang='lat' dir='ltr'>(so.</span> <span class='ocrx_word' id='word_1_129' title='bbox 994 1999 1195 2093; x_wconf 74' lang='grc' dir='ltr'><em>Ἑρμαγόρας</em></span> <span class='ocrx_word' id='word_1_130' title='bbox 1224 2004 1325 2093; x_wconf 74' lang='grc' dir='ltr'><strong><em>λέγει)</em></strong></span> <span class='ocrx_word' id='word_1_131' title='bbox 1358 2002 1584 2074; x_wconf 65' lang='lat' dir='ltr'>‹troald-endor</span> 
     </span>
     <span class='ocr_line' id='line_1_18' title="bbox 356 2101 1582 2198; baseline -0.002 -22"><span class='ocrx_word' id='word_1_132' title='bbox 356 2101 440 2176; x_wconf 79' lang='grc' dir='ltr'><strong><em>κατὰ</em></strong></span> <span class='ocrx_word' id='word_1_133' title='bbox 461 2103 499 2175; x_wconf 84' lang='grc' dir='ltr'>τὸ</span> <span class='ocrx_word' id='word_1_134' title='bbox 528 2105 731 2194; x_wconf 77' lang='grc' dir='ltr'><strong><em>ἐνδεχόμενον</em></strong></span> <span class='ocrx_word' id='word_1_135' title='bbox 752 2112 934 2190; x_wconf 82' lang='grc' dir='ltr'><strong><em>πειστικῶς</em></strong></span> <span class='ocrx_word' id='word_1_136' title='bbox 960 2101 1002 2175; x_wconf 81' lang='grc' dir='ltr'>τὰ</span> <span class='ocrx_word' id='word_1_137' title='bbox 1025 2102 1181 2176; x_wconf 80' lang='grc' dir='ltr'><strong><em>πολιτικὰ</em></strong></span> <span class='ocrx_word' id='word_1_138' title='bbox 1206 2106 1421 2198; x_wconf 55' lang='grc' dir='ltr'>ζητήματολ)</span> <span class='ocrx_word' id='word_1_139' title='bbox 1466 2110 1582 2188; x_wconf 85' lang='lat' dir='ltr'>Miror,</span> 
     </span>
    </p>
   </div>
   <div class='ocr_carea' id='block_1_7' title="bbox 357 2210 1687 2298">
    <p class='ocr_par' dir='ltr' id='par_1_8' title="bbox 357 2210 1687 2298">
     <span class='ocr_line' id='line_1_19' title="bbox 357 2210 1687 2298; baseline 0 -22"><span class='ocrx_word' id='word_1_140' title='bbox 357 2211 447 2298; x_wconf 91' lang='lat' dir='ltr'>quod</span> <span class='ocrx_word' id='word_1_141' title='bbox 463 2210 639 2278; x_wconf 89' lang='lat' dir='ltr'>Pideritius</span> <span class='ocrx_word' id='word_1_142' title='bbox 663 2213 832 2279; x_wconf 88' lang='lat' dir='ltr'>contendit</span> <span class='ocrx_word' id='word_1_143' title='bbox 848 2213 1063 2295; x_wconf 87' lang='lat' dir='ltr'>Augustinum</span> <span class='ocrx_word' id='word_1_144' title='bbox 1087 2213 1128 2278; x_wconf 90' lang='lat' dir='ltr'>de</span> <span class='ocrx_word' id='word_1_145' title='bbox 1150 2234 1209 2278; x_wconf 90' lang='lat' dir='ltr'>suo</span> <span class='ocrx_word' id='word_1_146' title='bbox 1232 2212 1315 2278; x_wconf 93' lang='lat' dir='ltr'>illud</span> <span class='ocrx_word' id='word_1_147' title='bbox 1338 2213 1582 2292; x_wconf 79' lang='lat' dir='ltr'>„dumtaxatin</span> <span class='ocrx_word' id='word_1_148' title='bbox 1686 2211 1687 2242; x_wconf 77' lang='lat'><em>³</em></span> 
     </span>
    </p>
   </div>
   <div class='ocr_carea' id='block_1_8' title="bbox 357 2315 1581 2815">
    <p class='ocr_par' dir='ltr' id='par_1_9' title="bbox 357 2315 1581 2611">
     <span class='ocr_line' id='line_1_20' title="bbox 357 2315 1581 2398; baseline 0 -18"><span class='ocrx_word' id='word_1_149' title='bbox 357 2315 506 2381; x_wconf 86' lang='lat' dir='ltr'>civilibus</span> <span class='ocrx_word' id='word_1_150' title='bbox 545 2315 810 2398; x_wconf 87' lang='lat' dir='ltr'>quaestionibus“</span> <span class='ocrx_word' id='word_1_151' title='bbox 847 2316 1025 2382; x_wconf 88' lang='lat' dir='ltr'>addidisse.</span> <span class='ocrx_word' id='word_1_152' title='bbox 1085 2317 1167 2381; x_wconf 88' lang='lat' dir='ltr'>Nam</span> <span class='ocrx_word' id='word_1_153' title='bbox 1205 2316 1261 2381; x_wconf 91' lang='lat' dir='ltr'>ille</span> <span class='ocrx_word' id='word_1_154' title='bbox 1299 2316 1432 2382; x_wconf 85' lang='lat' dir='ltr'>disertis</span> <span class='ocrx_word' id='word_1_155' title='bbox 1469 2317 1581 2384; x_wconf 84' lang='lat' dir='ltr'>verbis</span> 
     </span>
     <span class='ocr_line' id='line_1_21' title="bbox 357 2418 1581 2504; baseline 0.002 -20"><span class='ocrx_word' id='word_1_156' title='bbox 357 2418 544 2504; x_wconf 89' lang='lat' dir='ltr'>profitetur:</span> <span class='ocrx_word' id='word_1_157' title='bbox 568 2418 690 2500; x_wconf 87' lang='lat' dir='ltr'>„dicit</span> <span class='ocrx_word' id='word_1_158' title='bbox 712 2420 957 2503; x_wconf 80' lang='lat' dir='ltr'>(Hermagoras)</span> <span class='ocrx_word' id='word_1_159' title='bbox 973 2421 1059 2485; x_wconf 90' lang='lat' dir='ltr'>enim</span> <span class='ocrx_word' id='word_1_160' title='bbox 1083 2441 1155 2486; x_wconf 87' lang='lat' dir='ltr'>esse</span> <span class='ocrx_word' id='word_1_161' title='bbox 1171 2420 1312 2486; x_wconf 88' lang='lat' dir='ltr'>oratoris</span> <span class='ocrx_word' id='word_1_162' title='bbox 1329 2420 1473 2486; x_wconf 86' lang='lat' dir='ltr'>officium</span> <span class='ocrx_word' id='word_1_163' title='bbox 1492 2426 1581 2504; x_wconf 86' lang='lat' dir='ltr'>eqs.“</span> 
     </span>
     <span class='ocr_line' id='line_1_22' title="bbox 359 2516 1397 2611; baseline 0.002 -25"><span class='ocrx_word' id='word_1_164' title='bbox 359 2522 478 2603; x_wconf 84' lang='lat' dir='ltr'>Qualia</span> <span class='ocrx_word' id='word_1_165' title='bbox 499 2523 565 2587; x_wconf 86' lang='lat' dir='ltr'>sint</span> <span class='ocrx_word' id='word_1_166' title='bbox 587 2522 646 2587; x_wconf 89' lang='lat' dir='ltr'>illa</span> <span class='ocrx_word' id='word_1_167' title='bbox 669 2516 825 2590; x_wconf 81' lang='grc' dir='ltr'><strong><em>πολιτικὰ</em></strong></span> <span class='ocrx_word' id='word_1_168' title='bbox 848 2519 1016 2611; x_wconf 74' lang='grc' dir='ltr'><strong><em>ζητήματα</em></strong></span> <span class='ocrx_word' id='word_1_169' title='bbox 1038 2524 1103 2588; x_wconf 87' lang='lat' dir='ltr'>iarn</span> <span class='ocrx_word' id='word_1_170' title='bbox 1126 2543 1227 2607; x_wconf 85' lang='lat' dir='ltr'>supra</span> <span class='ocrx_word' id='word_1_171' title='bbox 1248 2522 1397 2588; x_wconf 83' lang='lat' dir='ltr'>vidimus.</span> 
     </span>
    </p>

    <p class='ocr_par' dir='ltr' id='par_1_10' title="bbox 358 2625 1580 2815">
     <span class='ocr_line' id='line_1_23' title="bbox 445 2625 1580 2710; baseline 0.001 -19"><span class='ocrx_word' id='word_1_172' title='bbox 445 2625 572 2692; x_wconf 89' lang='lat' dir='ltr'>Deinde</span> <span class='ocrx_word' id='word_1_173' title='bbox 601 2626 716 2692; x_wconf 90' lang='lat' dir='ltr'>harum</span> <span class='ocrx_word' id='word_1_174' title='bbox 745 2626 890 2692; x_wconf 82' lang='lat' dir='ltr'>ciuilium</span> <span class='ocrx_word' id='word_1_175' title='bbox 916 2627 1146 2710; x_wconf 87' lang='lat' dir='ltr'>quaestionum</span> <span class='ocrx_word' id='word_1_176' title='bbox 1170 2627 1235 2692; x_wconf 90' lang='lat' dir='ltr'>duo</span> <span class='ocrx_word' id='word_1_177' title='bbox 1258 2647 1379 2710; x_wconf 87' lang='lat' dir='ltr'>genera</span> <span class='ocrx_word' id='word_1_178' title='bbox 1402 2649 1475 2694; x_wconf 90' lang='lat' dir='ltr'>esse</span> <span class='ocrx_word' id='word_1_179' title='bbox 1500 2627 1580 2693; x_wconf 88' lang='lat' dir='ltr'>Her·</span> 
     </span>
     <span class='ocr_line' id='line_1_24' title="bbox 358 2728 1578 2815; baseline -0.001 -20"><span class='ocrx_word' id='word_1_180' title='bbox 358 2749 512 2814; x_wconf 82' lang='lat' dir='ltr'>magonae</span> <span class='ocrx_word' id='word_1_181' title='bbox 536 2728 643 2810; x_wconf 82' lang='lat' dir='ltr'>docet,</span> <span class='ocrx_word' id='word_1_182' title='bbox 672 2729 779 2795; x_wconf 91' lang='lat' dir='ltr'>thesin</span> <span class='ocrx_word' id='word_1_183' title='bbox 808 2733 841 2795; x_wconf 85' lang='lat' dir='ltr'>et</span> <span class='ocrx_word' id='word_1_184' title='bbox 861 2730 1066 2814; x_wconf 83' lang='lat' dir='ltr'>hypothesin.</span> <span class='ocrx_word' id='word_1_185' title='bbox 1111 2730 1255 2796; x_wconf 87' lang='lat' dir='ltr'>Theseos</span> <span class='ocrx_word' id='word_1_186' title='bbox 1278 2731 1428 2815; x_wconf 90' lang='lat' dir='ltr'>exempla</span> <span class='ocrx_word' id='word_1_187' title='bbox 1449 2731 1491 2796; x_wconf 89' lang='lat' dir='ltr'>ab</span> <span class='ocrx_word' id='word_1_188' title='bbox 1516 2731 1578 2796; x_wconf 89' lang='lat' dir='ltr'>Au-</span> 
     </span>
    </p>
   </div>
   <div class='ocr_carea' id='block_1_9' title="bbox 360 2831 1687 2919">
    <p class='ocr_par' dir='ltr' id='par_1_11' title="bbox 360 2831 1687 2919">
     <span class='ocr_line' id='line_1_25' title="bbox 360 2831 1687 2919; baseline 0.004 -20"><span class='ocrx_word' id='word_1_189' title='bbox 360 2833 491 2919; x_wconf 89' lang='lat' dir='ltr'>gustino</span> <span class='ocrx_word' id='word_1_190' title='bbox 518 2831 699 2898; x_wconf 87' lang='lat' dir='ltr'>afferuntur</span> <span class='ocrx_word' id='word_1_191' title='bbox 721 2854 751 2916; x_wconf 93' lang='lat' dir='ltr'>p.</span> <span class='ocrx_word' id='word_1_192' title='bbox 778 2839 838 2900; x_wconf 89' lang='grc'>140</span> <span class='ocrx_word' id='word_1_193' title='bbox 866 2832 960 2898; x_wconf 88' lang='lat' dir='ltr'>haec:</span> <span class='ocrx_word' id='word_1_194' title='bbox 988 2854 1031 2898; x_wconf 89' lang='lat' dir='ltr'>an</span> <span class='ocrx_word' id='word_1_195' title='bbox 1061 2833 1280 2918; x_wconf 85' lang='lat' dir='ltr'>navigandum</span> <span class='ocrx_word' id='word_1_196' title='bbox 1307 2833 1370 2901; x_wconf 71' lang='lat' dir='ltr'>sits</span> <span class='ocrx_word' id='word_1_197' title='bbox 1401 2854 1443 2899; x_wconf 91' lang='lat' dir='ltr'>an</span> <span class='ocrx_word' id='word_1_198' title='bbox 1475 2833 1580 2919; x_wconf 90' lang='lat' dir='ltr'>philo·</span> <span class='ocrx_word' id='word_1_199' title='bbox 1686 2849 1687 2904; x_wconf 74' lang='lat' dir='ltr'>l</span> 
     </span>
    </p>
   </div>
   <div class='ocr_carea' id='block_1_10' title="bbox 359 2935 1687 3021">
    <p class='ocr_par' dir='ltr' id='par_1_12' title="bbox 359 2935 1687 3021">
     <span class='ocr_line' id='line_1_26' title="bbox 359 2935 1687 3021; baseline -0.002 -17"><span class='ocrx_word' id='word_1_200' title='bbox 359 2935 584 3021; x_wconf 85' lang='lat' dir='ltr'>sophandum&#39;?</span> <span class='ocrx_word' id='word_1_201' title='bbox 606 2935 822 3020; x_wconf 84' lang='lat' dir='ltr'>hypotheseos</span> <span class='ocrx_word' id='word_1_202' title='bbox 837 2935 915 3004; x_wconf 87' lang='lat' dir='ltr'>hoo:</span> <span class='ocrx_word' id='word_1_203' title='bbox 930 2958 972 3002; x_wconf 88' lang='lat' dir='ltr'>an</span> <span class='ocrx_word' id='word_1_204' title='bbox 991 2936 1233 3004; x_wconf 89' lang='lat' dir='ltr'>decernendum</span> <span class='ocrx_word' id='word_1_205' title='bbox 1245 2935 1356 3002; x_wconf 87' lang='lat' dir='ltr'>Duilio</span> <span class='ocrx_word' id='word_1_206' title='bbox 1374 2938 1579 3020; x_wconf 81' lang='lat' dir='ltr'>praemium?</span> <span class='ocrx_word' id='word_1_207' title='bbox 1686 2969 1687 2988; x_wconf 63' lang='grc' dir='ltr'><strong><em>ι</em></strong></span> 
     </span>
    </p>
   </div>
   <div class='ocr_carea' id='block_1_11' title="bbox 358 3038 1578 4158">
    <p class='ocr_par' dir='ltr' id='par_1_13' title="bbox 358 3038 1578 3624">
     <span class='ocr_line' id='line_1_27' title="bbox 358 3038 1578 3125; baseline 0.001 -22"><span class='ocrx_word' id='word_1_208' title='bbox 358 3038 459 3105; x_wconf 92' lang='lat' dir='ltr'>Vides</span> <span class='ocrx_word' id='word_1_209' title='bbox 482 3042 615 3105; x_wconf 91' lang='lat' dir='ltr'>auctore</span> <span class='ocrx_word' id='word_1_210' title='bbox 633 3041 817 3125; x_wconf 88' lang='lat' dir='ltr'>Augustino</span> <span class='ocrx_word' id='word_1_211' title='bbox 833 3039 1069 3125; x_wconf 89' lang='lat' dir='ltr'>Hermagoram</span> <span class='ocrx_word' id='word_1_212' title='bbox 1084 3041 1194 3107; x_wconf 88' lang='lat' dir='ltr'>theses</span> <span class='ocrx_word' id='word_1_213' title='bbox 1206 3039 1409 3124; x_wconf 80' lang='lat' dir='ltr'>intellexisse</span> <span class='ocrx_word' id='word_1_214' title='bbox 1438 3061 1496 3106; x_wconf 89' lang='lat' dir='ltr'>eas</span> <span class='ocrx_word' id='word_1_215' title='bbox 1509 3045 1578 3105; x_wconf 91' lang='lat' dir='ltr'>tan·</span> 
     </span>
     <span class='ocr_line' id='line_1_28' title="bbox 359 3140 1578 3226; baseline -0.003 -17"><span class='ocrx_word' id='word_1_216' title='bbox 359 3149 428 3209; x_wconf 90' lang='lat' dir='ltr'>tum</span> <span class='ocrx_word' id='word_1_217' title='bbox 441 3143 659 3225; x_wconf 84' lang='lat' dir='ltr'>quaestiones,</span> <span class='ocrx_word' id='word_1_218' title='bbox 683 3164 767 3226; x_wconf 87' lang='lat' dir='ltr'>qnae</span> <span class='ocrx_word' id='word_1_219' title='bbox 781 3149 871 3210; x_wconf 88' lang='lat' dir='ltr'>recte</span> <span class='ocrx_word' id='word_1_220' title='bbox 887 3140 1056 3210; x_wconf 78' lang='grc' dir='ltr'><strong><em>πολιτικαί</em></strong></span> <span class='ocrx_word' id='word_1_221' title='bbox 1074 3143 1290 3222; x_wconf 86' lang='lat' dir='ltr'>nominentur,</span> <span class='ocrx_word' id='word_1_222' title='bbox 1301 3163 1375 3207; x_wconf 92' lang='lat' dir='ltr'>oum</span> <span class='ocrx_word' id='word_1_223' title='bbox 1390 3147 1578 3226; x_wconf 85' lang='lat' dir='ltr'>quaeratur,</span> 
     </span>
     <span class='ocr_line' id='line_1_29' title="bbox 360 3244 1578 3332; baseline -0.001 -19"><span class='ocrx_word' id='word_1_224' title='bbox 360 3270 401 3313; x_wconf 89' lang='lat' dir='ltr'>an</span> <span class='ocrx_word' id='word_1_225' title='bbox 429 3247 530 3313; x_wconf 89' lang='lat' dir='ltr'>utile</span> <span class='ocrx_word' id='word_1_226' title='bbox 557 3247 602 3312; x_wconf 85' lang='lat' dir='ltr'>sit</span> <span class='ocrx_word' id='word_1_227' title='bbox 623 3247 777 3330; x_wconf 86' lang='lat' dir='ltr'>navigare</span> <span class='ocrx_word' id='word_1_228' title='bbox 799 3244 849 3314; x_wconf 84' lang='lat' dir='ltr'>vel</span> <span class='ocrx_word' id='word_1_229' title='bbox 872 3247 1106 3332; x_wconf 87' lang='lat' dir='ltr'>philosophari.</span> <span class='ocrx_word' id='word_1_230' title='bbox 1154 3246 1293 3327; x_wconf 85' lang='lat' dir='ltr'>Quidam</span> <span class='ocrx_word' id='word_1_231' title='bbox 1322 3245 1414 3311; x_wconf 91' lang='lat' dir='ltr'>illam</span> <span class='ocrx_word' id='word_1_232' title='bbox 1442 3246 1578 3332; x_wconf 89' lang='lat' dir='ltr'>biparti-</span> 
     </span>
     <span class='ocr_line' id='line_1_30' title="bbox 360 3349 1578 3435; baseline -0.003 -19"><span class='ocrx_word' id='word_1_233' title='bbox 360 3351 482 3417; x_wconf 90' lang='lat' dir='ltr'>tionem</span> <span class='ocrx_word' id='word_1_234' title='bbox 523 3349 809 3434; x_wconf 88' lang='lat' dir='ltr'>reprehenderunt</span> <span class='ocrx_word' id='word_1_235' title='bbox 850 3371 1029 3434; x_wconf 89' lang='lat' dir='ltr'>eorumque</span> <span class='ocrx_word' id='word_1_236' title='bbox 1072 3356 1265 3435; x_wconf 83' lang='lat' dir='ltr'>argumenta</span> <span class='ocrx_word' id='word_1_237' title='bbox 1302 3350 1507 3434; x_wconf 88' lang='lat' dir='ltr'>Augustinus</span> <span class='ocrx_word' id='word_1_238' title='bbox 1542 3370 1578 3415; x_wconf 91' lang='lat' dir='ltr'>ex</span> 
     </span>
     <span class='ocr_line' id='line_1_31' title="bbox 362 3452 1577 3539; baseline -0.003 -20"><span class='ocrx_word' id='word_1_239' title='bbox 362 3453 586 3538; x_wconf 86' lang='lat' dir='ltr'>Hermagorae</span> <span class='ocrx_word' id='word_1_240' title='bbox 609 3453 773 3520; x_wconf 86' lang='lat' dir='ltr'>sententia</span> <span class='ocrx_word' id='word_1_241' title='bbox 795 3452 939 3519; x_wconf 86' lang='lat' dir='ltr'>refutare</span> <span class='ocrx_word' id='word_1_242' title='bbox 956 3452 1068 3519; x_wconf 91' lang='lat' dir='ltr'>studet</span> <span class='ocrx_word' id='word_1_243' title='bbox 1082 3458 1124 3538; x_wconf 90' lang='lat' dir='ltr'>(p.</span> <span class='ocrx_word' id='word_1_244' title='bbox 1144 3462 1229 3539; x_wconf 83' lang='lat'>140).</span> <span class='ocrx_word' id='word_1_245' title='bbox 1266 3453 1358 3519; x_wconf 90' lang='lat' dir='ltr'>Haec</span> <span class='ocrx_word' id='word_1_246' title='bbox 1373 3453 1483 3520; x_wconf 88' lang='lat' dir='ltr'>omnia</span> <span class='ocrx_word' id='word_1_247' title='bbox 1499 3454 1577 3521; x_wconf 90' lang='lat' dir='ltr'>bene</span> 
     </span>
     <span class='ocr_line' id='line_1_32' title="bbox 361 3556 1293 3624; baseline -0.002 -1"><span class='ocrx_word' id='word_1_248' title='bbox 361 3558 505 3624; x_wconf 80' lang='lat' dir='ltr'>interae</span> <span class='ocrx_word' id='word_1_249' title='bbox 529 3558 706 3624; x_wconf 89' lang='lat' dir='ltr'>cohaerere</span> <span class='ocrx_word' id='word_1_250' title='bbox 729 3561 763 3624; x_wconf 90' lang='lat' dir='ltr'>et</span> <span class='ocrx_word' id='word_1_251' title='bbox 785 3557 968 3623; x_wconf 88' lang='lat' dir='ltr'>consentire</span> <span class='ocrx_word' id='word_1_252' title='bbox 990 3578 1085 3624; x_wconf 90' lang='lat' dir='ltr'>nemo</span> <span class='ocrx_word' id='word_1_253' title='bbox 1108 3579 1173 3623; x_wconf 90' lang='lat' dir='ltr'>non</span> <span class='ocrx_word' id='word_1_254' title='bbox 1198 3556 1293 3622; x_wconf 84' lang='lat' dir='ltr'>videt.</span> 
     </span>
    </p>

    <p class='ocr_par' dir='ltr' id='par_1_14' title="bbox 363 3658 1577 4158">
     <span class='ocr_line' id='line_1_33' title="bbox 449 3658 1576 3747; baseline -0.004 -21"><span class='ocrx_word' id='word_1_255' title='bbox 449 3661 513 3727; x_wconf 89' lang='lat' dir='ltr'>Sed</span> <span class='ocrx_word' id='word_1_256' title='bbox 542 3661 640 3747; x_wconf 89' lang='lat' dir='ltr'>plane</span> <span class='ocrx_word' id='word_1_257' title='bbox 666 3661 708 3726; x_wconf 90' lang='lat' dir='ltr'>ab</span> <span class='ocrx_word' id='word_1_258' title='bbox 734 3660 786 3726; x_wconf 87' lang='lat' dir='ltr'>his</span> <span class='ocrx_word' id='word_1_259' title='bbox 813 3660 1025 3741; x_wconf 80' lang='lat' dir='ltr'>dissentiunt,</span> <span class='ocrx_word' id='word_1_260' title='bbox 1058 3682 1141 3745; x_wconf 88' lang='lat' dir='ltr'>quae</span> <span class='ocrx_word' id='word_1_261' title='bbox 1166 3660 1280 3727; x_wconf 81' lang='lat' dir='ltr'>Cicero</span> <span class='ocrx_word' id='word_1_262' title='bbox 1307 3658 1412 3724; x_wconf 88' lang='lat' dir='ltr'>tradit</span> <span class='ocrx_word' id='word_1_263' title='bbox 1432 3658 1467 3725; x_wconf 90' lang='lat' dir='ltr'>in</span> <span class='ocrx_word' id='word_1_264' title='bbox 1495 3659 1576 3725; x_wconf 90' lang='lat' dir='ltr'>libro</span> 
     </span>
     <span class='ocr_line' id='line_1_34' title="bbox 363 3761 1577 3850; baseline -0.003 -22"><span class='ocrx_word' id='word_1_265' title='bbox 363 3762 473 3848; x_wconf 90' lang='lat' dir='ltr'>priore</span> <span class='ocrx_word' id='word_1_266' title='bbox 501 3764 541 3830; x_wconf 90' lang='lat' dir='ltr'>de</span> <span class='ocrx_word' id='word_1_267' title='bbox 569 3764 765 3833; x_wconf 83' lang='lat' dir='ltr'>inventione.</span> <span class='ocrx_word' id='word_1_268' title='bbox 809 3763 861 3830; x_wconf 89' lang='lat' dir='ltr'>lbi</span> <span class='ocrx_word' id='word_1_269' title='bbox 890 3762 975 3828; x_wconf 92' lang='lat' dir='ltr'>enim</span> <span class='ocrx_word' id='word_1_270' title='bbox 998 3764 1030 3848; x_wconf 61' lang='grc' dir='ltr'>(ξ</span> <span class='ocrx_word' id='word_1_271' title='bbox 1052 3764 1086 3850; x_wconf 83' lang='grc'>8)</span> <span class='ocrx_word' id='word_1_272' title='bbox 1114 3764 1349 3847; x_wconf 90' lang='lat' dir='ltr'>Hermagoram</span> <span class='ocrx_word' id='word_1_273' title='bbox 1382 3761 1515 3828; x_wconf 91' lang='lat' dir='ltr'>thesin</span> <span class='ocrx_word' id='word_1_274' title='bbox 1547 3766 1577 3826; x_wconf 87' lang='lat' dir='ltr'>et</span> 
     </span>
     <span class='ocr_line' id='line_1_35' title="bbox 363 3865 1576 3952; baseline 0 -22"><span class='ocrx_word' id='word_1_275' title='bbox 363 3866 605 3951; x_wconf 84' lang='lat' dir='ltr'>hypothesin</span> <span class='ocrx_word' id='word_1_276' title='bbox 628 3867 777 3934; x_wconf 81' lang='lat' dir='ltr'>divisisse</span> <span class='ocrx_word' id='word_1_277' title='bbox 799 3867 871 3952; x_wconf 87' lang='lat' dir='ltr'>ipse</span> <span class='ocrx_word' id='word_1_278' title='bbox 887 3886 1018 3951; x_wconf 92' lang='lat' dir='ltr'>quoque</span> <span class='ocrx_word' id='word_1_279' title='bbox 1042 3866 1147 3948; x_wconf 86' lang='lat' dir='ltr'>docet,</span> <span class='ocrx_word' id='word_1_280' title='bbox 1172 3866 1231 3932; x_wconf 90' lang='lat' dir='ltr'>sed</span> <span class='ocrx_word' id='word_1_281' title='bbox 1253 3865 1362 3931; x_wconf 90' lang='lat' dir='ltr'>thesin</span> <span class='ocrx_word' id='word_1_282' title='bbox 1385 3885 1459 3930; x_wconf 93' lang='lat' dir='ltr'>eum</span> <span class='ocrx_word' id='word_1_283' title='bbox 1481 3866 1576 3932; x_wconf 89' lang='lat' dir='ltr'>inter·</span> 
     </span>
     <span class='ocr_line' id='line_1_36' title="bbox 363 3967 1576 4054; baseline -0.002 -20"><span class='ocrx_word' id='word_1_284' title='bbox 363 3974 528 4054; x_wconf 87' lang='lat' dir='ltr'>pretatum</span> <span class='ocrx_word' id='word_1_285' title='bbox 552 3993 623 4036; x_wconf 90' lang='lat' dir='ltr'>esse</span> <span class='ocrx_word' id='word_1_286' title='bbox 645 3971 749 4038; x_wconf 87' lang='lat' dir='ltr'>velut:</span> <span class='ocrx_word' id='word_1_287' title='bbox 772 3971 882 4036; x_wconf 81' lang='lat' dir='ltr'>verine</span> <span class='ocrx_word' id='word_1_288' title='bbox 905 3970 971 4035; x_wconf 90' lang='lat' dir='ltr'>sint</span> <span class='ocrx_word' id='word_1_289' title='bbox 986 3971 1125 4035; x_wconf 85' lang='lat' dir='ltr'>sensus?</span> <span class='ocrx_word' id='word_1_290' title='bbox 1149 3969 1255 4053; x_wconf 85' lang='lat' dir='ltr'>qualis</span> <span class='ocrx_word' id='word_1_291' title='bbox 1272 3969 1316 4034; x_wconf 90' lang='lat' dir='ltr'>sit</span> <span class='ocrx_word' id='word_1_292' title='bbox 1330 3975 1439 4035; x_wconf 87' lang='lat' dir='ltr'>terrae</span> <span class='ocrx_word' id='word_1_293' title='bbox 1455 3967 1576 4034; x_wconf 86' lang='lat' dir='ltr'>formal</span> 
     </span>
     <span class='ocr_line' id='line_1_37' title="bbox 364 4071 1575 4158; baseline -0.001 -22"><span class='ocrx_word' id='word_1_294' title='bbox 364 4072 472 4156; x_wconf 91' lang='lat' dir='ltr'>Atque</span> <span class='ocrx_word' id='word_1_295' title='bbox 496 4073 683 4140; x_wconf 88' lang='lat' dir='ltr'>Ciceronem</span> <span class='ocrx_word' id='word_1_296' title='bbox 707 4072 806 4158; x_wconf 88' lang='lat' dir='ltr'>plane</span> <span class='ocrx_word' id='word_1_297' title='bbox 829 4077 961 4139; x_wconf 85' lang='lat' dir='ltr'>secutus</span> <span class='ocrx_word' id='word_1_298' title='bbox 984 4075 1035 4137; x_wconf 91' lang='lat' dir='ltr'>est</span> <span class='ocrx_word' id='word_1_299' title='bbox 1049 4071 1280 4150; x_wconf 81' lang='lat' dir='ltr'>Quintilianus,</span> <span class='ocrx_word' id='word_1_300' title='bbox 1324 4072 1407 4137; x_wconf 89' lang='lat' dir='ltr'>Nam</span> <span class='ocrx_word' id='word_1_301' title='bbox 1431 4072 1575 4156; x_wconf 90' lang='lat' dir='ltr'>equidem</span> 
     </span>
    </p>
   </div>
   <div class='ocr_carea' id='block_1_12' title="bbox 364 4311 1575 4648">
    <p class='ocr_par' dir='ltr' id='par_1_15' title="bbox 364 4311 1575 4553">
     <span class='ocr_line' id='line_1_38' title="bbox 436 4311 1574 4384; baseline -0.002 -16"><span class='ocrx_word' id='word_1_302' title='bbox 436 4315 454 4377; x_wconf 87' lang='lat'>¹)</span> <span class='ocrx_word' id='word_1_303' title='bbox 473 4313 554 4368; x_wconf 89' lang='lat' dir='ltr'>Rhet.</span> <span class='ocrx_word' id='word_1_304' title='bbox 573 4313 622 4368; x_wconf 87' lang='lat' dir='ltr'>der</span> <span class='ocrx_word' id='word_1_305' title='bbox 640 4313 686 4368; x_wconf 87' lang='lat' dir='ltr'>Gr.</span> <span class='ocrx_word' id='word_1_306' title='bbox 705 4330 729 4367; x_wconf 89' lang='lat' dir='ltr'>u.</span> <span class='ocrx_word' id='word_1_307' title='bbox 742 4313 850 4368; x_wconf 84' lang='lat' dir='ltr'>Room.¹</span> <span class='ocrx_word' id='word_1_308' title='bbox 867 4332 893 4384; x_wconf 90' lang='lat' dir='ltr'>p.</span> <span class='ocrx_word' id='word_1_309' title='bbox 912 4315 960 4366; x_wconf 70' lang='lat'>3⁸3:</span> <span class='ocrx_word' id='word_1_310' title='bbox 984 4312 1054 4378; x_wconf 91' lang='lat' dir='ltr'>„Die</span> <span class='ocrx_word' id='word_1_311' title='bbox 1072 4312 1177 4368; x_wconf 83' lang='lat' dir='ltr'>Thesen</span> <span class='ocrx_word' id='word_1_312' title='bbox 1195 4328 1230 4367; x_wconf 85' lang='lat' dir='ltr'>an</span> <span class='ocrx_word' id='word_1_313' title='bbox 1248 4311 1320 4379; x_wconf 90' lang='lat' dir='ltr'>sich,</span> <span class='ocrx_word' id='word_1_314' title='bbox 1343 4311 1413 4365; x_wconf 90' lang='lat' dir='ltr'>ohne</span> <span class='ocrx_word' id='word_1_315' title='bbox 1426 4312 1574 4378; x_wconf 77' lang='lat' dir='ltr'>Beziehung</span> 
     </span>
     <span class='ocr_line' id='line_1_39' title="bbox 366 4396 1575 4468; baseline 0 -16"><span class='ocrx_word' id='word_1_316' title='bbox 366 4414 398 4452; x_wconf 87' lang='lat' dir='ltr'>zo</span> <span class='ocrx_word' id='word_1_317' title='bbox 417 4398 512 4466; x_wconf 87' lang='lat' dir='ltr'>irgend</span> <span class='ocrx_word' id='word_1_318' title='bbox 530 4398 645 4454; x_wconf 84' lang='lat' dir='ltr'>welchcr</span> <span class='ocrx_word' id='word_1_319' title='bbox 663 4399 836 4468; x_wconf 84' lang='lat' dir='ltr'>Hypothesis,</span> <span class='ocrx_word' id='word_1_320' title='bbox 855 4398 958 4453; x_wconf 86' lang='lat' dir='ltr'>schloss</span> <span class='ocrx_word' id='word_1_321' title='bbox 977 4397 1046 4452; x_wconf 87' lang='lat' dir='ltr'>auch</span> <span class='ocrx_word' id='word_1_322' title='bbox 1064 4413 1094 4452; x_wconf 90' lang='lat' dir='ltr'>er</span> <span class='ocrx_word' id='word_1_323' title='bbox 1112 4415 1162 4453; x_wconf 84' lang='lat' dir='ltr'>ron</span> <span class='ocrx_word' id='word_1_324' title='bbox 1181 4397 1229 4453; x_wconf 86' lang='lat' dir='ltr'>der</span> <span class='ocrx_word' id='word_1_325' title='bbox 1248 4396 1439 4452; x_wconf 83' lang='lat' dir='ltr'>reduerischen</span> <span class='ocrx_word' id='word_1_326' title='bbox 1457 4397 1575 4454; x_wconf 83' lang='lat' dir='ltr'>Behand·</span> 
     </span>
     <span class='ocr_line' id='line_1_40' title="bbox 364 4484 796 4553; baseline 0.007 -16"><span class='ocrx_word' id='word_1_327' title='bbox 364 4484 430 4552; x_wconf 83' lang='lat' dir='ltr'>long</span> <span class='ocrx_word' id='word_1_328' title='bbox 448 4499 505 4550; x_wconf 84' lang='lat' dir='ltr'>aue,</span> <span class='ocrx_word' id='word_1_329' title='bbox 524 4484 614 4553; x_wconf 85' lang='lat' dir='ltr'>Quint.</span> <span class='ocrx_word' id='word_1_330' title='bbox 633 4484 659 4540; x_wconf 89' lang='grc' dir='ltr'>ΙΙ</span> <span class='ocrx_word' id='word_1_331' title='bbox 676 4485 719 4553; x_wconf 84' lang='grc'>21,</span> <span class='ocrx_word' id='word_1_332' title='bbox 736 4487 796 4539; x_wconf 83' lang='lat'>21.“</span> 
     </span>
    </p>

    <p class='ocr_par' dir='ltr' id='par_1_16' title="bbox 434 4568 824 4648">
     <span class='ocr_line' id='line_1_41' title="bbox 434 4568 824 4648; baseline 0.01 -24"><span class='ocrx_word' id='word_1_333' title='bbox 434 4568 455 4641; x_wconf 74' lang='lat'>²)</span> <span class='ocrx_word' id='word_1_334' title='bbox 474 4569 507 4626; x_wconf 84' lang='lat' dir='ltr'>cl.</span> <span class='ocrx_word' id='word_1_335' title='bbox 527 4569 619 4644; x_wconf 83' lang='lat' dir='ltr'>Sopat.</span> <span class='ocrx_word' id='word_1_336' title='bbox 638 4569 708 4648; x_wconf 82' lang='lat' dir='ltr'>Vp.</span> <span class='ocrx_word' id='word_1_337' title='bbox 730 4571 764 4624; x_wconf 84' lang='lat'>15</span> <span class='ocrx_word' id='word_1_338' title='bbox 782 4569 824 4628; x_wconf 90' lang='lat' dir='ltr'>W.</span> 
     </span>
    </p>
   </div>
   <div class='ocr_carea' id='block_1_13' title="bbox 1299 4437 1689 5198">
    <p class='ocr_par' dir='ltr' id='par_1_17' title="bbox 1299 4437 1689 5198">
     <span class='ocr_line' id='line_1_42' title="bbox 1688 4437 1689 4530; baseline 0 -5"><span class='ocrx_word' id='word_1_339' title='bbox 1688 4437 1689 4530; x_wconf 81' lang='lat' dir='ltr'>l</span> 
     </span>
     <span class='ocr_line' id='line_1_43' title="bbox 1299 5115 1689 5198; baseline 0 -14"><span class='ocrx_word' id='word_1_340' title='bbox 1299 5115 1689 5198; x_wconf 34' lang='lat' dir='ltr'>„m</span> 
     </span>
    </p>
   </div>
   <div class='ocr_carea' id='block_1_14' title="bbox 0 0 1756 5230">
    <p class='ocr_par' dir='ltr' id='par_1_18' title="bbox 0 0 1756 5230">
     <span class='ocr_line' id='line_1_44' title="bbox 0 0 1756 5230; baseline 0 0"><span class='ocrx_word' id='word_1_341' title='bbox 0 0 1756 5230; x_wconf 95' lang='lat' dir='ltr'> </span> 
     </span>
    </p>
   </div>
  </div>
 </body>
</html>
