3546 5236
681 525 690 528 ,
756 433 889 530 1.Ίὲ-,

260 633 369 711 potest
395 626 481 693 lilius
505 627 602 692 etiam
627 625 710 693 alias
734 626 938 693 narrationes
960 627 1050 692 velut
1072 627 1148 693 illas
1172 626 1213 692 de
1237 626 1396 692 Trichone

171 739 203 798 et
226 733 325 798 'Pario
351 733 405 814 (de
429 732 518 799 olem.
542 733 558 797 l
583 735 646 814 15),
669 719 712 800 de
735 732 838 798 Paulo
863 741 895 799 et
910 734 993 799 Rufo
1019 733 1073 816 (de
1091 734 1195 800 benef.
1210 734 1256 797 lll
1273 737 1397 818 cosp),

171 837 212 904 de
234 839 329 904 Liria
354 847 385 906 et
410 839 548 906 Octavia
572 838 631 926 (ad
654 840 751 908 Maro.
776 838 874 926 iso),
898 839 939 905 de
962 841 1046 906 Iulia
1069 840 1126 923 (de
1150 841 1255 908 benef.
1271 841 1316 904 Vl
1340 842 1399 924 3‘2)

170 947 357 1031 similesque
393 967 433 1012 ex
470 946 562 1030 largo
598 946 805 1013 historiarum
842 968 863 1012 a
899 954 994 1032 patre
1026 947 1280 1032 conscriptarum
1312 967 1397 1032 penu

170 1060 334 1121 mutuatus
363 1073 445 1138 esse,
474 1045 574 1118 immo¹
599 1053 687 1119 hand
713 1053 927 1140 improbabile
956 1053 1084 1121 videtur
1112 1053 1146 1119 id
1170 1054 1291 1120 facturn
1314 1073 1398 1137 esse,

170 1161 229 1227 sed
266 1161 416 1245 quoniam
453 1161 551 1226 certis
587 1160 786 1244 argumentis
822 1161 952 1245 probari
994 1161 1117 1246 nequit,
1160 1160 1281 1226 diutius
1321 1160 1398 1225 hnic

170 1267 352 1351 quaestioni
381 1266 544 1332 immorari
572 1267 655 1332 nolo.
684 1305 726 1313 ——
756 1288 863 1352 pauca
896 1267 1035 1334 dicenda
1067 1275 1191 1334 restant
1224 1267 1265 1333 de
1294 1266 1396 1332 altero

170 1374 376 1440 historiarum
403 1374 584 1459 fragmento
617 1374 650 1438 in
683 1373 829 1440 Suetonii
860 1375 929 1440 vita
957 1375 1080 1442 Tiberii
1108 1377 1178 1456 (13)
1208 1373 1396 1456 servat022).

169 1501 243 1546 narn
267 1481 413 1564 quamvis
438 1489 470 1546 st
492 1480 545 1546 hic
570 1489 601 1546 et
623 1480 814 1547 Lactantius
839 1483 1005 1566 scriptoris
1029 1489 1153 1547 tantum
1180 1502 1305 1565 nornen,
1333 1501 1397 1546 non

169 1587 242 1653 libri
274 1587 497 1672 indicaverint,
530 1597 638 1654 tamen
670 1609 744 1653 num
779 1589 847 1654 iure
879 1589 937 1653 illa
965 1589 1149 1672 fragmenta
1178 1589 1221 1653 ad
1250 1589 1396 1654 Senecae

169 1695 271 1779 patris
302 1695 457 1761 historias
489 1694 670 1761 referantur
702 1715 765 1760 non
799 1705 849 1762 est
882 1715 938 1760 cur
971 1694 1163 1763 dubitemus.
1219 1695 1278 1758 filii
1311 1693 1395 1758 enirn

167 1801 289 1867 nullum
317 1822 399 1886 opus
426 1801 614 1868 historicum
647 1801 866 1879 Quintilianus
899 1803 931 1866 in
964 1801 1115 1885 catalogo
1145 1803 1297 1867 librorum
1327 1801 1395 1866 eius

168 1917 408 1994 commemorat,
440 1915 587 1974 neutrum
616 1929 692 1974 vero
720 1909 934 1993 fragmentum
963 1909 1010 1973 ita
1038 1915 1257 1994 comparatum
1288 1915 1396 1974 estut

169 2027 322 2100 tanquam
355 2015 536 2101 exemplum
565 2017 597 2081 in
626 2017 754 2100 scriptis
778 2015 1004 2101 philosophiae
1028 2016 1125 2082 iacile
1148 2016 1253 2082 locum
1276 2015 1396 2080 habere

167 2124 317 2208 potuerit.
353 2123 559 2189 confirmatur
582 2131 690 2188 antem
714 2123 894 2205 fragmento
910 2121 1109 2188 Suetoniano
1133 2121 1167 2187 id
1191 2121 1278 2206 qnod
1297 2141 1396 2204 supra

167 2229 306 2297 vidimus
322 2230 468 2296 Senecae
491 2229 595 2315 patris
619 2228 773 2296 historias
792 2249 1010 2314 poscensque
1032 2232 1073 2294 od
1094 2233 1203 2295 mortis
1225 2233 1291 2294 aas
1314 2231 1395 2292 diem

166 2337 361 2422 pertinuisse
385 2345 418 2402 et
441 2337 523 2403 satis
554 2335 714 2421 prolixum
742 2335 894 2401 narrandi
922 2355 1024 2419 genus
1053 2335 1164 2402 fuisse.
1211 2355 1284 2400 nam
1309 2333 1395 2418 quod

165 2443 254 2510 Flori
278 2443 417 2529 epitome
440 2463 523 2529 pace
546 2442 740 2508 Parthorum
763 2450 795 2509 et
819 2443 1062 2508 consecratione
1083 2441 1220 2525 Augusti
1246 2441 1394 2506 termina·

166 2558 229 2636 tur,
260 2571 301 2617 ea
329 2572 368 2617 ex
396 2571 431 2618 re
460 2551 605 2618 Senecae
632 2549 787 2618 historias
816 2550 857 2616 ab
886 2569 924 2614 eo
949 2548 1114 2616 adhibitas
1136 2569 1201 2616 nou
1224 2569 1297 2615 esse
1321 2566 1394 2613 con-

167 2658 296 2725 cludere
319 2678 383 2723 non
407 2657 492 2724 lioet
525 2659 620 2723 immo
641 2658 743 2722 voluit
757 2657 872 2722 librum
887 2677 988 2740 suum,
1014 2677 1110 2740 quarn
1125 2656 1394 2722 declamationem

165 2767 273 2831 verius
297 2763 419 2830 dixeris
442 2785 539 2848 quam
562 2764 739 2848 historiam,
765 2765 852 2829 exitu
876 2783 972 2847 quam
997 2765 1166 2848 aptissimo
1190 2762 1291 2827 finire.

259 2924 293 2992 ²¹)
318 2925 435 2980 aliorum
464 2924 497 2978 de
521 2926 599 2979 obitu
624 2924 727 2980 Tiberii
753 2924 958 2979 narrationibus
984 2924 1142 2978 memoratis
1165 2924 1233 2978 haec
1252 2923 1394 2978 dicuntur:

165 3016 264 3069 Seneca
290 3033 349 3068 eum
372 3017 466 3068 scribit
489 3017 623 3068 intellecto
640 3016 786 3080 desectione
805 3025 956 3081 exemptum
975 3015 1084 3066 anulum
1105 3016 1186 3081 quasi
1204 3014 1289 3066 alicui
1302 2999 1395 3066 trodi-

164 3113 255 3157 turum
278 3121 429 3172 parumper
453 3107 581 3170 tenuisse,
606 3107 668 3156 dein
692 3121 792 3156 rursus
815 3111 924 3171 optasse
947 3105 1033 3170 dipito
1055 3111 1079 3156 et
1102 3119 1255 3170 compresso
1278 3104 1395 3156 sinistro

167 3211 247 3246 muna
268 3195 384 3246 iacuisse
404 3195 452 3246 diu
471 3194 640 3258 immobilem,
663 3195 750 3247 subito
774 3195 874 3248 voeatis
893 3195 1029 3246 miuie'ris
1047 3210 1080 3245 uo
1100 3195 1202 3245 nemine
1220 3193 1395 3258 respondente

165 3284 318 3336 suffecisse
337 3299 384 3334 uec
398 3283 497 3350 procul
516 3301 533 3336 a
550 3284 646 3336 lectulo
665 3284 846 3348 deficientibus
864 3283 969 3336 viribus
988 3283 1141 3334 concidisse.
1178 3280 1263 3334 habes
1281 3280 1394 3334 ultimos

166 3371 279 3438 tyranni
302 3369 459 3425 moribundi
484 3387 606 3440 spasmos
630 3370 729 3424 vividis
753 3371 889 3426 coloribus
908 3387 925 3424 a
943 3371 1052 3424 rhetore
1070 3369 1201 3438 depictos,
1224 3369 1306 3422 simul
1330 3387 1394 3424 vero

163 3458 239 3512 vides
258 3477 343 3526 quam
361 3477 415 3514 non
435 3459 569 3514 sollicitus
587 3460 632 3514 hic
651 3460 735 3515 lirerit
754 3459 903 3514 mendaciis
922 3459 979 3513 suis
998 3459 1098 3513 saltem
1116 3459 1233 3527 speciem
1253 3459 1394 3526 quandam

164 3548 222 3601 veri
245 3548 420 3602 circumdare.
468 3552 608 3603 mendacio
632 3549 700 3612 dico,
726 3567 790 3604 nam
814 3549 837 3603 si
860 3567 894 3603 ne
921 3549 1048 3602 minister
1075 3548 1187 3616 quidem
1215 3548 1287 3601 ullus
1311 3549 1394 3602 morti

165 3637 268 3690 'liberii
291 3637 433 3702 interluit,
458 3638 520 3706 quis
542 3638 655 3692 tandem
679 3639 722 3692 vel
747 3638 875 3692 minimos
899 3638 957 3692 eius
981 3641 1073 3692 motus
1096 3637 1251 3706 spectavit?
1288 3637 1394 3691 accedit

164 3726 237 3794 quod
255 3743 378 3794 eaquae
397 3727 430 3780 de
449 3727 533 3782 anulo
551 3731 701 3782 narrantur
719 3727 755 3782 ad
777 3727 988 3782 similitudinem
1013 3726 1109 3782 mortis
1128 3726 1280 3780 Alexandri
1298 3727 1393 3796 magni

163 3815 255 3870 efficta
272 3815 409 3872 videntur.
447 3833 526 3885 porro
550 3817 826 3872 animadvertendum
845 3819 887 3870 est
904 3817 1044 3880 Senecam,
1064 3815 1166 3884 quippe
1185 3816 1234 3883 qui
1253 3815 1323 3870 Gaio
1341 3815 1391 3868 inr-

163 3909 277 3974 perante
301 3905 430 3960 historias
454 3905 490 3960 ad
512 3907 594 3960 finem
618 3905 799 3974 perduxisset,
823 3905 895 3960 nihil
918 3906 951 3960 ds
970 3905 1080 3960 Tiberio
1103 3923 1121 3960 a
1139 3905 1209 3960 Gaio
1227 3906 1394 3974 interempto

164 3993 317 4050 tradidisse.
355 3999 475 4050 ceterum
500 4013 563 4050 curu
586 3995 639 4048 hac
661 3995 690 4048 in
713 4011 742 4049 re
765 3994 927 4050 Suetonium
951 3993 1114 4049 auctoritati
1133 3995 1251 4050 Senecae
1273 3995 1395 4048 multum

163 4084 290 4138 tribuisse
313 4087 456 4153 appareat,
484 4084 569 4138 etiam
594 4083 662 4138 alibi
686 4101 749 4138 eum
772 4101 825 4138 non
850 4088 1002 4138 memorato
1025 4083 1136 4138 nomine
1158 4085 1208 4138 illo
1231 4102 1311 4140 usum
1335 4101 1392 4138 esse

162 4174 303 4243 probabile
321 4177 370 4230 eat.
