3480 5230
985 333 1005 396 2

530 551 664 631 Βοΐσκος
684 543 754 618 ἀπὸ
777 552 927 634 Kelenoi),
952 545 1077 633 παντὸς
1097 545 1239 642 γραφεὺς
1260 549 1453 641 ποιήματος,

525 653 582 722 τὸν
604 648 766 724 &trinovi
787 649 886 744 eripede
907 653 1017 738 στίχον
1042 652 1154 743 Φοίβῳ
1175 653 1291 744 τίθησι
1313 657 1424 744 δῶρον.

398 759 499 844 (eous.
523 760 561 826 de
587 761 699 826 Boisoo
722 760 817 826 etiam
837 761 974 826 Marium
996 760 1190 826 Victorinum
1211 781 1242 845 p.
1266 763 1317 838 82,
1339 763 1380 824 25
1402 761 1459 844 K).

483 864 573 929 Idem
594 882 675 929 nova
692 864 793 928 metra
808 863 954 947 captandi
976 864 1116 929 studium
1138 866 1269 948 apparet
1290 883 1327 928 ex
1343 864 1542 928 carminibus
1570 864 1639 927 illis

397 969 550 1050 figuratis,
573 986 653 1050 quae
668 965 871 1031 Alexandriae
886 986 959 1032 cum
981 967 1034 1032 alii
1055 970 1125 1032 tum
1140 967 1323 1031 Theocritus
1332 968 1368 1048 ¹),
1391 965 1520 1042 Simias,
1537 966 1640 1030 Dosi-

398 1072 473 1136 adas
495 1069 705 1135 confecerunt

483 1174 550 1238 Nec
580 1173 682 1237 multo
715 1190 806 1236 secus
833 1173 937 1237 Latini
969 1176 1078 1257 poetae
1105 1173 1240 1239 labentis
1270 1172 1392 1255 imperii
1425 1174 1637 1256 temporibus

398 1296 489 1342 suam
511 1277 544 1340 in
564 1275 782 1340 diversissimis
804 1277 913 1340 metris
938 1276 1170 1341 conformandis
1193 1277 1294 1340 artem
1317 1277 1518 1340 ostentantes
1540 1276 1634 1340 iden-

397 1381 496 1445 tidem
518 1379 556 1443 de
572 1379 769 1460 singulorum
785 1380 959 1444 metrorum
982 1383 1097 1444 natura
1119 1382 1152 1443 et
1165 1379 1359 1463 praestantia
1375 1379 1472 1444 verba
1487 1377 1636 1452 iaciunt;

398 1499 591 1566 quamquam
614 1500 670 1564 ego
692 1501 754 1545 non
778 1501 887 1546 omnes
910 1483 967 1547 bos
989 1484 1125 1548 novicios
1147 1485 1265 1566 poetae,
1288 1482 1344 1545 sed
1359 1482 1539 1546 Ausonium
1557 1485 1636 1544 tan-

397 1589 467 1651 tum
491 1586 523 1650 et
537 1585 752 1669 Apollinarem
776 1583 938 1649 Sidonium
962 1586 1127 1668 diligenter
1148 1585 1276 1669 perlegi.
1320 1583 1418 1648 Velut
1431 1583 1636 1667 Apollinaris

400 1688 548 1767 Sidonius
570 1687 603 1752 in
626 1687 761 1771 epistula
786 1686 865 1752 VllI
889 1689 930 1751 15
962 1689 1024 1770 (ed.
1047 1689 1157 1766 Baret,
1190 1687 1318 1752 Parisiis
1343 1687 1439 1766 1879)
1465 1687 1634 1751 oratorem

399 1791 557 1874 quendam
585 1790 767 1855 collaudans
796 1792 844 1868 „si
870 1792 1024 1856 orationes
1051 1792 1163 1868 illius,“
1190 1791 1305 1872 inquit,
1334 1789 1510 1867 „melioria
1544 1809 1633 1867 acer,

397 1895 567 1972 rotundus,
599 1894 802 1977 compositus,
839 1913 1003 1959 excussus:
1046 1895 1072 1958 si
1099 1895 1260 1976 poemata,
1288 1895 1390 1968 tener,
1416 1891 1634 1967 multimeter,

399 1999 528 2078 argutus
552 1996 662 2063 artifex
677 1999 753 2060 erat
797 1997 944 2062 Faciebat
967 1997 1122 2079 siquidem
1137 2015 1246 2061 versus
1269 1996 1381 2078 oppido
1396 1997 1533 2072 exactos,
1558 1999 1632 2060 mm

396 2101 514 2184 pedum
546 2101 625 2165 mira
653 2118 748 2182 quarn
775 2100 948 2182 figurarum
975 2101 1140 2165 varietate:
1173 2098 1453 2181 hendecasyllabos
1484 2097 1631 2164 lubricos

398 2205 430 2268 et
452 2203 583 2281 enodes,
606 2204 804 2268 hexametros
827 2205 991 2286 crepantes
1014 2205 1046 2267 et
1067 2203 1287 2281 cothurnatos,
1315 2202 1419 2284 elegos
1441 2219 1516 2266 vero
1539 2221 1631 2268 nnnc

399 2305 555 2384 echoicos,
588 2323 673 2370 nune
702 2307 910 2382 recurrentes,
943 2325 1028 2370 nunc
1056 2323 1112 2389 per
1135 2305 1341 2388 anadiplosim
1362 2306 1423 2369 fine
1445 2304 1632 2388 principiis-

401 2427 462 2491 que
485 2413 646 2473 conexos.“

484 2511 529 2576 le
552 2529 684 2595 prosae
706 2511 852 2576 orationis
868 2511 1070 2596 scriptoribus
1085 2511 1256 2595 principem
1277 2511 1382 2574 locum
1397 2511 1629 2578 vindicaverim

396 2615 551 2680 Platoni
578 2616 610 2679 et
637 2613 816 2693 Isocrati,
850 2615 964 2699 quippe
987 2616 1041 2698 qui
1063 2633 1159 2679 aurea
1184 2615 1239 2679 illa
1260 2615 1377 2698 lyricae
1405 2617 1437 2678 et
1459 2615 1628 2680 scaenicae

398 2718 590 2784 Graecorum
617 2717 721 2801 poesis
748 2718 851 2782 aetate
882 2737 944 2782 non
968 2719 1068 2782 multo
1090 2718 1251 2783 inferiores
1279 2719 1351 2782 sint
1394 2716 1536 2796 Quorum
1573 2719 1629 2783 ille

398 2825 589 2905 quantopere
604 2820 743 2885 musicae
759 2839 869 2885 amans
892 2821 986 2885 fuerit
1008 2824 1039 2886 et
1062 2823 1213 2903 quantam
1229 2820 1386 2904 rhythmis
1402 2823 1627 2890 auctoritatem

398 2924 556 3002 tribuerit,
589 2925 672 2988 inter
693 2941 803 2988 omnes
825 2925 956 2988 constat.
999 2925 1119 2988 Tamen
1142 2943 1194 3002 ea,
1229 2922 1369 3005 quaeda
1396 2923 1569 2988 harmoniis
1595 2930 1628 2989 et

397 3027 556 3110 rhythmis
584 3027 669 3092 idem
696 3027 808 3105 tradit,
842 3030 878 3091 ut
899 3029 983 3091 recte
1007 3028 1210 3092 aestimemus
1232 3045 1311 3092 neve
1338 3030 1457 3091 temere
1479 3026 1628 3092 Platonis

398 3129 557 3214 opiniones
586 3132 710 3195 nostras
733 3129 898 3206 faciamus,
932 3129 1170 3195 meminerimus
1198 3131 1320 3214 oportet
1347 3129 1453 3194 omnia
1478 3148 1553 3194 eum
1585 3132 1627 3195 ad

398 3252 495 3297 unam
528 3233 758 3316 philosophiam
790 3233 905 3298 referre
933 3253 1035 3316 neque
1063 3251 1187 3316 semper
1220 3251 1355 3315 aequum
1381 3232 1520 3298 iudicem
1546 3253 1628 3300 esse.

397 3335 509 3419 Itaque
530 3356 604 3401 cum
626 3355 689 3401 non
710 3337 781 3420 ipsa
802 3338 950 3400 accurata
973 3337 1069 3401 animi
1092 3335 1262 3401 affectuum
1283 3336 1458 3400 imitatione
1481 3337 1626 3402 musicae

399 3458 556 3504 summam
579 3457 616 3503 ac
637 3439 862 3523 perfectionem
885 3439 967 3504 effici
983 3443 1119 3519 censeat,
1142 3438 1199 3504 sed
1221 3441 1258 3503 ut
1279 3439 1312 3502 in
1334 3439 1445 3504 ceteris
1465 3439 1563 3504 rebus
1579 3441 1626 3505 ita

398 3543 431 3606 in
454 3542 555 3607 modis
578 3544 611 3607 et
633 3543 771 3607 numeris
787 3543 1023 3626 simplicitatem
1044 3543 1245 3627 potissimum
1267 3544 1300 3607 et
1314 3541 1440 3608 virtutis
1461 3543 1626 3624 quandam

398 3644 638 3710 similitudinem
660 3648 867 3724 consectetur,
888 3647 1006 3712 mirum
1027 3665 1091 3711 non
1114 3649 1171 3726 est,
1195 3647 1277 3729 qnod
1294 3647 1452 3731 vituperat
1473 3647 1506 3710 et
1529 3647 1570 3710 ab
1587 3665 1627 3711 ea

399 3766 496 3831 quam
517 3747 607 3831 fingit
627 3748 830 3832 reipublicae
853 3751 955 3834 specie
970 3753 1110 3816 removet
1124 3751 1243 3816 variam
1265 3749 1353 3831 illam
1373 3751 1406 3812 et
1420 3747 1626 3816 artificiosam

398 3851 621 3934 rhythmorum
644 3852 912 3935 compositionem,
942 3873 1022 3936 quae
1045 3853 1202 3939 plerisque
1225 3853 1371 3918 omuibus
1394 3853 1463 3916 tum
1484 3855 1625 3919 maxime

398 3953 555 4037 placebat.
600 3955 739 4033 Accedit,
755 3955 837 4036 quod
852 3957 942 4021 Plato
957 3957 1170 4042 philosophus,
1192 3977 1266 4023 cum
1285 3956 1384 4020 nollet
1403 3957 1460 4021 τοῦ
1478 3960 1625 4036 τεχνικοῦ

398 4058 504 4141 partes
528 4075 635 4140 agere,
661 4058 766 4122 multa
788 4058 916 4141 quidem
938 4060 976 4125 de
997 4061 1146 4126 universa
1171 4061 1392 4144 rhythmorum
1419 4061 1536 4124 natura
1558 4066 1625 4126 tra-

400 4160 492 4240 didit,
528 4164 683 4229 certorum
710 4163 818 4226 tamm
844 4181 1050 4229 numerorum
1077 4155 1146 4252 ἤθη
1168 4183 1231 4229 non
1254 4163 1434 4246 descripsit,
1460 4163 1516 4228 sed
1538 4169 1625 4250 post—

400 4282 496 4348 quam
514 4265 624 4332 leviter
641 4264 824 4349 perstrinxit
841 4266 1005 4352 rhythmos
1024 4259 1094 4332 κατ’
1112 4263 1264 4333 ἐνόπλιον
1278 4261 1437 4349 ξύνθετο,
1454 4263 1623 4351 δάκτυλον,

471 4507 495 4573 ¹)
512 4504 546 4560 cl.
574 4503 700 4562 carolum
727 4505 877 4562 Haeberlin
905 4505 1042 4564 ‘Carmina
1059 4505 1178 4579 figuram
1196 4507 1310 4566 Graeca’
1328 4507 1521 4580 (Hannoseree
1542 4511 1622 4577 1886)
