3514 5244
975 397 1019 466 32

387 597 507 663 servati
532 603 606 663 sunt
629 617 726 680 quam
749 604 927 663 ceterorum
950 597 1020 662 eins
1043 597 1196 663 librorum
1220 599 1369 664 emnium.
1412 620 1485 664 cum
1511 608 1623 666 autem

387 725 525 788 magnae
553 705 647 770 molis
676 725 757 790 opus
785 714 861 770 ante
890 706 1054 770 saeculum
1077 726 1195 770 nonum
1225 706 1258 770 in
1287 706 1351 772 duo
1379 706 1545 772 volumina
1578 709 1622 773 di·

387 814 522 881 scissum
549 820 649 894 esset,
676 831 812 896 quorum
835 813 924 897 prius
948 812 1115 896 tredecim,
1147 813 1309 898 posterius
1338 821 1463 898 septem
1492 822 1623 880 tantum

388 921 487 986 libros
516 921 788 1005 complecteretur,
817 921 879 984 hoc
909 921 1008 985 multo
1036 921 1141 986 rarius
1171 926 1203 986 et
1226 920 1422 1007 descriptum
1446 929 1499 986 est
1521 943 1623 1004 quarn

375 1028 466 1126 ,illud
491 1035 523 1092 et
546 1028 579 1092 in
604 1028 774 1112 excerptis,
798 1048 882 1110 quae
905 1029 1006 1094 multa
1029 1049 1093 1093 non
1116 1028 1225 1111 magni
1249 1029 1345 1112 pretii
1361 1049 1465 1112 neque
1485 1033 1624 1096 saeculo

388 1137 578 1203 duodecimo
621 1136 800 1201 vetustiora
842 1144 1025 1221 supersunt,
1068 1143 1265 1219 usurpatum.
1325 1155 1409 1218 quae
1451 1137 1625 1203 volumina

390 1245 520 1315 saeculo
558 1243 748 1310 duodecimo
788 1244 893 1310 denuo
930 1243 1081 1327 coniungi
1123 1250 1239 1329 coepta
1281 1263 1355 1310 esse
1395 1243 1514 1310 docent
1553 1253 1624 1312 tres

388 1354 517 1422 codices
545 1352 658 1434 viginti
689 1350 899 1436 epistularum
926 1351 1026 1418 libros
1055 1352 1228 1437 complexi:
1258 1351 1514 1418 Abrincensis
1543 1356 1624 1420 239

386 1461 507 1528 saeculi
537 1460 613 1543 XII,
645 1458 1011 1543 Mentepessnlanus
1041 1459 1198 1524 scholae
1227 1458 1443 1525 medicinae
1477 1459 1509 1523 H
1543 1463 1625 1527 445

387 1569 509 1637 saeculi
532 1567 624 1650 Xlil,
659 1567 1000 1650 Cantabrigiensis
1031 1570 1128 1633 1768
1162 1565 1306 1631 eiusdem
1336 1567 1463 1631 aetatis.
1510 1587 1624 1651 neque

386 1685 494 1742 tamen
517 1674 600 1740 duos
625 1675 740 1740 saltem
765 1695 873 1740 eorum
897 1695 937 1740 ex
961 1673 1103 1740 sontibus
1128 1673 1264 1739 diversis
1289 1673 1330 1738 ab
1354 1673 1403 1757 iis,
1433 1694 1472 1739 ex
1499 1675 1624 1757 quibus

384 1783 579 1851 vetustiores
608 1781 738 1848 codices
765 1782 937 1864 fluxerunt,
970 1780 1166 1848 derivandos
1199 1801 1272 1847 esse
1304 1781 1380 1847 inde
1412 1783 1625 1867 perspicitur,

386 1892 471 1977 quod
506 1897 538 1957 et
569 1890 602 1954 in
635 1890 934 1975 Montepessulano,
976 1910 1069 1972 quem
1102 1888 1248 1954 Parisios
1281 1888 1505 1954 transmissum
1537 1891 1623 1956 mihi

386 2000 546 2085 inspicere
574 1998 674 2080 licuit,
704 2004 736 2063 et
758 1997 790 2062 in
816 1997 1076 2080 Cantabrigiensi
1102 1995 1144 2080 (v.
1172 1997 1335 2078 Catalepta
1358 2003 1397 2080 qf
1415 1999 1462 2062 the
1484 2021 1560 2062 maa.
1590 2005 1631 2082 ef

386 2113 434 2174 llze
455 2110 621 2189 areleersitp
644 2110 682 2188 qs
695 2105 876 2184 Combriqde
893 2104 941 2168 llI
953 2126 984 2190 p.
994 2103 1075 2188 406)
1098 2103 1288 2188 posterioris
1303 2110 1427 2168 tantum
1442 2105 1625 2170 voluminis

387 2214 547 2300 epistulae
570 2214 604 2277 in
627 2213 726 2278 libros
751 2210 944 2277 dividuntur.
984 2219 1120 2297 apparet
1143 2212 1242 2295 igitur
1261 2210 1303 2274 ad
1319 2211 1402 2276 baec
1417 2212 1625 2296 exemplaria

386 2319 586 2387 conficienda
610 2319 674 2384 duo
698 2319 875 2404 archetypa
897 2317 1045 2398 adhibita
1069 2340 1152 2396 esse,
1184 2339 1317 2402 quorum
1340 2318 1476 2383 alterum
1497 2321 1623 2403 prioris

386 2429 558 2495 voluminis
587 2427 733 2510 singulas
769 2427 926 2512 epistulas
956 2434 1155 2504 numeratas,
1194 2427 1329 2491 alterum
1363 2427 1552 2511 posterioris
1589 2430 1623 2493 in

385 2537 485 2603 libros
513 2535 703 2601 distributas
732 2535 917 2600 contineret.
963 2534 1036 2599 libri
1060 2533 1267 2599 abrincensis
1295 2554 1370 2598 num
1395 2533 1509 2600 similis
1534 2538 1623 2601 ratio

387 2645 430 2712 sit
452 2643 606 2727 ignoroll.
653 2641 795 2707 certain
819 2642 979 2724 catalogo,
1008 2642 1062 2725 qui
1085 2641 1170 2706 inest
1203 2643 1235 2705 in
1258 2641 1339 2705 libre
1368 2641 1415 2706 ita
1444 2641 1622 2727 inscripto:

389 2753 553 2833 Coloquae
574 2752 700 2832 penerel
721 2751 774 2814 des
789 2750 1001 2834 bibliotheques
1011 2751 1170 2834 publiqaec
1185 2752 1237 2812 clas
1252 2752 1472 2832 depertancna
1495 2749 1559 2815 vol.
1574 2751 1624 2814 iv
1725 2759 1726 2766 ’

388 2882 419 2945 p.
434 2860 507 2942 548,
531 2856 611 2921 nihil
635 2856 676 2922 de
701 2876 740 2921 ea
764 2877 798 2921 re
821 2856 967 2922 traditur.

477 2980 613 3064 prioris
647 2979 885 3062 epistularum
918 2980 1112 3046 voluminis
1150 2981 1295 3048 recensio
1334 2981 1440 3046 adhuc
1472 2981 1621 3048 Fielrerti

386 3093 597 3158 instrumento
626 3089 736 3154 critico
767 3091 808 3155 ab
832 3090 969 3155 Aemilio
995 3088 1166 3154 Chatelain
1190 3088 1348 3154 laudabili
1372 3108 1449 3153 cura
1473 3089 1620 3156 adaucto
1725 3155 1726 3158 ,

387 3203 502 3281 (Reate
525 3200 561 3262 de
580 3200 741 3282 philequie
763 3197 880 3264 11877
901 3220 931 3283 p.
949 3201 1007 3262 101
1028 3199 1087 3280 sq.)
1109 3197 1261 3277 nititur4).
1299 3216 1370 3261 cum
1394 3202 1502 3262 tamen
1525 3199 1621 3264 multi

387 3449 443 3486 esse
471 3448 545 3484 nunc
572 3447 665 3484 ornnes
693 3429 866 3492 existimant,
899 3429 926 3480 h.
955 3449 976 3481 e.
1006 3429 1102 3498 primis
1134 3432 1196 3498 post
1228 3429 1345 3484 Neronis
1377 3431 1495 3482 mortem
1529 3431 1622 3485 annis.

388 3518 584 3575 Baehrensium
604 3517 677 3572 enim
697 3518 755 3571 sine
775 3517 871 3571 idonea
891 3536 974 3571 carisa
988 3517 1057 3571 illud
1073 3519 1100 3572 O.
1117 3518 1237 3586 Sulpicio
1255 3517 1408 3587 Apollinari
1423 3517 1619 3587 periocharum

389 3609 618 3664 'l'erentianarum
637 3605 762 3675 scriptori
781 3607 979 3662 attribuentem
1000 3606 1081 3676 (poet.
1102 3607 1162 3661 Lat.
1184 3607 1249 3661 min.
1265 3607 1290 3660 V
1310 3626 1336 3676 p.
1355 3607 1418 3674 386)
1437 3625 1491 3660 non
1511 3611 1553 3662 est
1573 3629 1624 3662 eur

351 3709 354 3718 ’
388 3699 540 3754 audiamus.
579 3700 700 3750 ceterum
719 3695 792 3763 quod
810 3695 839 3748 in
858 3696 949 3750 codice
968 3697 1088 3764 quodam
1112 3697 1273 3751 Hildeberto
1292 3696 1490 3750 Cenomanensi
1515 3700 1623 3752 (Hilde-

388 3793 477 3844 bertus
501 3791 540 3841 ed.
561 3788 730 3840 Benedictim'
753 3804 779 3853 p.
800 3786 879 3848 1369)
909 3785 1051 3848 tribuitur,
1075 3803 1245 3854 quamquam
1264 3787 1348 3840 codex
1367 3785 1622 3849 Valeneiennensis,
1725 3847 1726 3858 ,

389 3896 443 3946 quo
461 3875 597 3931 vetustior
610 3874 703 3927 nullus
718 3877 760 3928 est
774 3892 876 3938 eorum,
895 3874 995 3942 quibus
1010 3875 1183 3944 epitaphium
1199 3875 1363 3940 continetur,
1383 3875 1488 3929 duobus
1503 3877 1622 3930 saeculis

388 3969 462 4021 hune
488 3965 578 4019 virum
607 3964 753 4027 antecedit,
782 3981 862 4018 nemo
886 3964 1041 4030 mirabitur,
1071 3965 1118 4033 qui
1143 3964 1364 4028 consideraverit,
1392 3982 1476 4032 quam
1502 3965 1623 4020 libenter

388 4059 487 4126 poetae
506 4052 589 4108 medii
609 4053 670 4106 aevi
689 4051 806 4120 antiqua
825 4053 948 4107 carmina
966 4072 1014 4122 pro
1033 4055 1089 4107 suis
1107 4053 1320 4108 venditaverint.

480 4159 501 4228 ³)
520 4177 613 4214 omnes
632 4159 750 4214 Senecae
768 4160 908 4229 epistulas,
933 4161 979 4214 sed
1002 4161 1098 4230 primis
1117 4160 1345 4229 quaternionibus
1364 4159 1514 4228 deperditis
1533 4160 1621 4215 etiam

391 4251 586 4305 Franciscanus
605 4249 718 4316 quidam
737 4251 858 4318 optimus
877 4267 969 4304 eornm
989 4249 1120 4315 codicum,
1145 4269 1212 4318 quos
1235 4249 1393 4303 llemandns
1412 4249 1561 4302 Pincianus
1585 4251 1620 4303 ad

389 4341 519 4395 Senecam
543 4338 743 4393 emendandum
766 4339 903 4403 adhibuit,
926 4339 1037 4392 videtur
1060 4339 1234 4400 continuisse,
1265 4338 1368 4407 quippe
1390 4355 1423 4391 ex
1446 4355 1502 4405 quo
1525 4339 1620 4393 variae

388 4430 519 4485 lectiones
541 4428 605 4482 inde
633 4430 667 4482 ab
690 4429 810 4497 epistula
833 4428 907 4481 IV8
931 4429 986 4493 (37)
1015 4446 1100 4496 nsque
1125 4429 1159 4482 ad
1182 4428 1311 4482 ultimam
1336 4427 1494 4482 afferantur.
1538 4429 1618 4496 plura

389 4519 445 4572 dixi
465 4519 498 4572 de
517 4536 548 4573 eo
567 4536 593 4587 p.
613 4518 648 4572 40
666 4518 760 4572 adnot.
779 4517 821 4571 20.

482 4624 504 4692 ⁴)
522 4625 689 4693 quicumque
707 4623 789 4678 hodie
807 4624 843 4678 ad
857 4624 987 4678 Senecam
1008 4625 1185 4678 tractandum
1204 4623 1338 4678 areedunt
1352 4623 1447 4678 acerbe
1461 4623 1618 4692 vituperare

391 4715 480 4769 solent
507 4712 629 4767 Fickerti
656 4711 863 4781 neglegentiam
887 4714 916 4766 et
939 4715 1085 4781 stuporem.
1124 4717 1153 4766 at
1176 4730 1345 4780 quamquam
1368 4711 1446 4766 nullo
1468 4716 1550 4781 pacto
1574 4731 1616 4766 ex·
