3634 5240
806 447 845 511 21

722 538 933 547 ᾑ-

217 693 290 739 reru
312 673 481 757 pyrrhichii
504 673 599 756 pedes
622 673 846 738 continuantur
870 674 1010 758 apochis,
1035 673 1087 738 nbi
1110 691 1148 739 aa
1163 673 1337 750 saltatione,
1359 692 1439 756 qnae

217 771 356 863 πυρρίχη
379 779 525 852 vocatur,
549 777 649 840 utitur
670 778 793 842 chorus.

303 881 366 945 Sed
394 880 486 957 haec,
513 881 551 944 ut
578 878 653 956 dixi,
682 879 722 944 ad
750 899 852 962 pauca
877 880 995 962 pedum
1022 882 1054 944 et
1081 879 1284 944 saltationum
1311 880 1439 944 nomina

216 984 382 1068 pertinent.
419 983 465 1046 Re
488 1002 562 1048 vera
585 985 675 1047 tanta
697 985 746 1047 est
768 983 850 1047 inter
872 984 1007 1067 corporis
1022 989 1055 1047 et
1068 982 1152 1047 vocis
1167 985 1290 1046 motum
1306 984 1440 1047 necessi-

218 1087 310 1163 tudo,
333 1088 382 1164 ut,
405 1105 478 1150 cum
501 1088 614 1150 neuter
627 1085 777 1168 rhythmo
793 1089 906 1162 careat,
930 1105 1023 1170 saepe
1041 1085 1154 1150 dubius
1169 1086 1308 1162 haereas,
1332 1087 1438 1150 utrum

217 1191 254 1255 de
278 1189 443 1254 saltatione
468 1208 507 1252 an
532 1189 570 1253 de
593 1188 782 1274 carminibus
806 1207 975 1270 eorumque
990 1190 1093 1254 uerbis
1108 1188 1199 1252 Plato
1216 1188 1329 1270 aliique
1344 1188 1439 1272 scrip-

216 1296 300 1358 tores
332 1292 545 1373 cogitaverint.
596 1290 798 1374 Quamquam
825 1291 903 1356 lenti
934 1291 1104 1374 celartsque
1132 1293 1236 1355 motus
1266 1291 1439 1356 differentia

216 1396 361 1462 slmiliter
382 1395 517 1459 sentitur
539 1395 571 1458 in
593 1395 704 1459 metris
728 1397 822 1476 atque
844 1395 877 1457 in
901 1395 1035 1458 hominis
1050 1395 1190 1459 incessu:
1214 1393 1253 1458 cf.
1270 1395 1439 1460 Aristidem

215 1499 321 1579 Quint
336 1519 366 1582 p.
384 1498 424 1561 99
439 1497 482 1560 Μ.
519 1497 642 1580 Itaque,
664 1499 701 1561 ut
723 1498 864 1580 exemplo
887 1501 967 1575 utar,
991 1515 1071 1579 quae
1094 1497 1133 1562 de
1155 1497 1334 1580 pyrrhichio
1357 1498 1436 1581 pede

216 1601 402 1678 traduntur,
431 1601 495 1664 sive
525 1601 564 1664 ad
592 1601 790 1665 saltationem
817 1600 980 1666 referenda
1007 1603 1082 1665 sunt
1111 1600 1206 1682 (qnod
1235 1601 1340 1683 placet
1362 1600 1439 1666 Cae-

215 1705 294 1782 sari,
316 1703 504 1786 Gmndzdge
528 1703 557 1768 d.
581 1703 694 1786 griech.
717 1703 868 1785 Rhythm.
892 1724 920 1788 p.
945 1703 1020 1786 262)
1044 1703 1108 1768 sive
1132 1703 1171 1767 ad
1194 1698 1291 1782 λέξιν,
1315 1706 1438 1768 constat

216 1807 296 1872 nihil
320 1806 405 1871 alind
428 1807 532 1871 ualere
555 1806 586 1869 in
610 1805 753 1870 saltando
776 1826 889 1891 parvos
911 1826 1025 1891 passus
1042 1825 1137 1888 quam
1154 1806 1186 1870 in
1201 1806 1312 1871 metris
1328 1807 1437 1872 breves

216 1910 365 1995 syllabas.

299 2013 507 2079 Harmonia
530 2015 721 2096 quantopere
743 2014 884 2097 rhythmi
900 2013 1012 2078 auxilio
1037 2012 1185 2094 indigeat,
1208 2013 1257 2076 rel
1280 2030 1316 2077 ec
1337 2013 1438 2077 mani-

214 2117 332 2182 festum
356 2119 415 2194 ast,
448 2116 529 2198 quod
561 2116 742 2199 saepissime
765 2118 999 2199 coniunguntur
1026 2109 1164 2202 ἁρμονία
1191 2112 1246 2178 καὶ
1273 2111 1406 2200 ῥυθμός.
1415 2119 1437 2196 ¹)

212 2219 409 2303 Quapropter
423 2239 486 2284 non
502 2219 605 2284 solnm
629 2221 768 2285 carmine
784 2239 802 2284 a
824 2220 943 2296 metris,
967 2219 1020 2284 sed
1044 2218 1140 2284 etiam
1155 2219 1242 2282 nomi
1257 2217 1307 2296 (cl.
1319 2217 1437 2282 Polluc.

212 2323 258 2388 IV
282 2323 338 2403 65)
366 2324 399 2388 et
419 2341 584 2386 nomomm
607 2324 713 2406 partes
736 2343 755 2388 a
777 2321 934 2406 rhythmis
957 2323 1086 2386 nomina
1109 2323 1305 2406 acceperunt.
1343 2320 1438 2385 Velut

211 2428 244 2491 in
273 2425 406 2508 Pythice
428 2444 522 2489 nomo
556 2422 609 2505 (de
643 2445 703 2507 quo
734 2425 875 2491 conferas
899 2425 1121 2491 Gnhrauernm
1142 2425 1176 2488 in
1201 2424 1304 2488 annal.
1328 2423 1435 2506 philol.

213 2528 370 2614 supplem.
393 2531 468 2592 tom.
492 2527 571 2592 VIII
594 2547 620 2592 a
644 2529 779 2608 larona
803 2549 831 2613 p.
857 2529 1026 2592 309⁴-352
1055 2530 1088 2592 et
1114 2526 1285 2609 Berghinm
1309 2523 1432 2590 Grieoh.

211 2631 490 2712 Litteraturgesch.
506 2630 539 2695 Π
555 2632 630 2710 222)
651 2632 788 2715 partium
812 2631 1010 2714 quarundam
1034 2631 1217 2714 significatio
1242 2649 1260 2693 a
1278 2630 1435 2712 rhythmis

212 2736 351 2801 derivata
363 2736 421 2799 est.
443 2734 552 2798 Tradit
563 2735 647 2799 onim
659 2733 769 2799 Pollux
780 2735 877 2801 Iubae
891 2735 1054 2799 historiam
1065 2734 1252 2798 theatralem
1263 2733 1435 2799 utridetur

212 2841 340 2906 secutus
367 2838 485 2920 (ipsum
507 2837 621 2902 Iubam
645 2856 682 2902 ex
708 2837 873 2904 Heraclide
900 2838 1030 2903 PontIcc
1059 2838 1136 2901 haee
1157 2837 1299 2901 hausisse
1322 2839 1435 2903 conicit

209 2943 345 3008 Ervinus
372 2939 481 3005 Rohde
510 2939 558 3004 ‘de
586 2939 657 3004 Iulii
685 2940 823 3005 Pollucis
850 2941 883 3005 in
912 2945 1062 3025 apparatu
1091 2940 1233 3005 scaenico
1260 2942 1433 3006 enarrando

211 3044 360 3112 iontibns'
384 3063 414 3127 p.
439 3043 479 3106 74
499 3043 561 3126 sq.)
588 3043 634 3106 IV
656 3045 714 3108 84:
747 3045 804 3108 τοῦ
827 3041 864 3108 δὲ
887 3045 1042 3109 Πυθικοῦ
1063 3038 1165 3125 νόμου
1185 3044 1241 3106 τοῦ
1264 3033 1434 3130 αὐλητικοῦ

210 3145 293 3234 μέρη
310 3142 421 3211 πέντε·
445 3147 552 3231 πεῖρα,
575 3140 838 3228 κατακολεοσμός,
864 3141 1060 3230 ἶαμβικόν,
1083 3143 1312 3224 σπονδεῖον,
1336 3169 1434 3210 κοινα-

211 3246 379 3335 χόροοσις.
397 3298 404 3313 .
422 3298 430 3313 .
447 3244 482 3312 ἐν
503 3246 540 3312 δὲ
562 3251 609 3335 τῷ
633 3242 804 3336 ἰαμβικῷ
827 3247 976 3332 μάχεται.
1000 3241 1230 3334 ἐμπεριείληφε
1253 3245 1289 3311 δὲ
1303 3239 1343 3313 τὸ
1359 3243 1434 3332 ἰαμ-

210 3349 305 3440 βικὸν
337 3348 392 3416 καὶ
423 3343 465 3414 τὰ
493 3341 695 3416 colmontensi
728 3347 894 3438 κρούματα
922 3349 978 3416 καὶ
1005 3342 1060 3416 τὸν
1089 3341 1284 3434 ὀδοντισμὸν
1311 3344 1355 3428 ὡς
1377 3354 1433 3416 τοῦ

209 3451 385 3544 δράκοντος
418 3450 451 3518 ἓν
485 3457 532 3541 τῷ
564 3448 759 3535 reficiendae
792 3450 1015 3541 σομντρίοννος
1046 3445 1120 3532 τοὺς
1154 3445 1296 3531 ὀδόντας.
1330 3444 1431 3520 τὸδὲ

209 3556 425 3626 σπονδεῖον
452 3556 543 3644 δηλοῖ
569 3549 626 3642 τὴν
652 3554 741 3643 νίκην
766 3559 821 3621 τοῦ
849 3559 938 3623 θεοῦ.
987 3559 1113 3636 StrabO,
1142 3558 1232 3622 ouius
1255 3556 1293 3621 de
1316 3557 1375 3622 hau
1398 3577 1431 3623 re

208 3660 426 3727 testimonium
453 3659 573 3725 Polluci
605 3660 859 3743 posthabendum
893 3680 962 3726 esse
995 3663 1152 3745 perspexit
1179 3659 1356 3738 Guhrauer,
1392 3660 1430 3726 de

206 3765 310 3830 isdem
333 3763 476 3847 partibus
498 3763 578 3827 haec
601 3763 696 3829 refert
717 3763 763 3828 lX
787 3765 816 3841 3,
841 3763 895 3827 10:
912 3812 920 3828 .
937 3813 945 3828 .
963 3756 1133 3846 ,ἴαμβον
1157 3759 1193 3827 δὲ
1215 3759 1271 3826 καὶ
1294 3757 1431 3827 δάκνο-

207 3867 272 3932 λον
298 3856 354 3931 τὸν
380 3857 644 3948 ἑπιπαιανισμὸν
669 3855 727 3931 τὸν
751 3861 962 3950 [γιγνόμενον]
986 3862 1046 3930 ἐπὶ
1067 3868 1107 3951 τῇ
1128 3859 1199 3952 νίκῃ
1220 3854 1303 3947 μετὰ
1324 3862 1430 3930 τοιού-

207 3992 275 4034 των
303 3971 450 4054 ῥυθμῶν,
480 3953 525 4032 ὧν
551 3964 569 4032 ὁ
600 3965 662 4052 μὲν
694 3961 804 4052 ἱῗμνοις
832 3965 923 4032 ἐστὶν
946 3963 1075 4049 οἰκεῖος,
1105 3961 1174 4033 ὁδ’
1198 3961 1315 4049 ἴαμβος
1336 3992 1431 4033 κακι-

207 4073 314 4155 σμοῖς.
358 4073 462 4152 Atque
486 4071 581 4135 etiam
603 4070 636 4134 in
660 4090 710 4149 ec,
733 4091 827 4153 quem
850 4071 1005 4156 Olympus
1031 4072 1065 4135 in
1087 4071 1261 4136 Minervam
1284 4071 1429 4151 condidIt,

207 4193 301 4241 nomo
335 4174 408 4240 solis
442 4174 599 4257 rhythmis
636 4193 672 4239 ex
698 4193 816 4258 paeone
845 4175 968 4260 epibato
994 4174 1028 4239 in
1056 4175 1238 4239 trochaeum
1268 4175 1428 4241 conversis

207 4298 268 4344 nec
294 4279 419 4342 mutata
448 4277 622 4342 candlcnae
652 4280 766 4342 natura
787 4276 933 4361 insignite
956 4277 1117 4343 immutari
1139 4272 1177 4340 τὸ
1199 4262 1284 4362 ἦθος
1305 4278 1430 4344 Plutar-

207 4383 286 4448 chus
310 4381 363 4463 qui
386 4379 486 4444 fertur
507 4378 586 4461 (sive
609 4379 826 4464 Anatomnns)
849 4383 957 4446 namet
979 4380 1017 4446 da
1040 4381 1161 4445 musica
1183 4399 1249 4465 cap.
1275 4383 1324 4445 33.

278 4539 301 4599 ¹)
323 4533 407 4588 Velut
425 4533 494 4588 ΡΜ.
514 4532 591 4601 Reip.
609 4531 655 4586 ΠΙ
673 4533 723 4587 397
740 4532 776 4597 Β;
795 4531 861 4601 Lug.
879 4533 906 4587 II
924 4535 977 4588 670
996 4533 1054 4587 DE.
1069 4563 1101 4573 -
1118 4532 1224 4604 ῥυθμός
1242 4534 1295 4602 (τε)
1314 4539 1360 4587 καὶ
1378 4534 1426 4609 ἁρ-

207 4625 292 4687 μονία
311 4619 373 4686 (hec
391 4619 534 4674 verborum
553 4619 755 4684 collocationel:
775 4619 867 4686 Symp.
888 4621 937 4673 167
957 4619 993 4684 ὓς
1013 4619 1085 4672 Prot.
1105 4621 1156 4672 526
1177 4620 1211 4685 B;
1231 4619 1351 4687 Reiplll
1376 4623 1428 4676 400

207 4707 247 4773 D3
267 4703 330 4773 Lep.
350 4702 382 4758 11
401 4704 632 4772 scamnum
651 4705 702 4758 669
721 4704 758 4770 E,
777 4704 881 4774 arom
901 4705 952 4758 672
971 4704 1030 4770 cm
1049 4704 1102 4759 VII
1119 4707 1171 4759 812
1190 4705 1210 4758 C
1229 4711 1257 4761 et
1275 4707 1385 4776 passIm.
