3560 5242
896 423 1104 520 „ii-„-

391 647 593 710 eoolesiarum
610 648 825 731 sophismae)
848 649 1015 712 Irenaeum
1030 645 1204 710 nominavit
1217 645 1420 710 Proculum
1443 649 1612 730 quendam,

391 750 531 832 ‘virginis
565 753 709 814 senectae
747 755 780 814 et
812 750 1055 816 Christianae
1093 749 1337 832 eloquentiae
1374 751 1614 834 dignitatem'.²)

357 863 363 876 ·
390 849 491 931 Quem
514 853 573 917 etsi
596 873 656 916 non
681 853 858 936 aooepimus
881 853 1094 917 defensionem
1118 851 1275 934 religionis
1298 852 1493 919 Christianae
1515 856 1615 939 serip-

390 957 483 1032 sisse,
510 961 616 1020 tamen
646 956 710 1020 veri
734 975 795 1020 non
819 957 969 1022 dissimile
992 958 1041 1020 est
1063 956 1248 1020 sollemnem
1271 975 1391 1021 morem
1414 977 1487 1022 eum
1506 959 1615 1023 obser·

390 1078 492 1136 vasae,
524 1079 585 1141 quo
612 1059 755 1124 homines
778 1060 961 1124 eruditiores
984 1057 1154 1123 Christiani
1177 1057 1251 1122 faeti
1276 1060 1418 1143 apologia
1440 1061 1615 1144 oomposita

390 1163 461 1226 fidei
492 1163 649 1245 speoimen
679 1164 751 1227 dare
774 1163 857 1226 soliti
881 1164 963 1226 suut.
1009 1158 1126 1240 Quodsi
1149 1161 1263 1225 Latina
1285 1162 1435 1226 Prooulus
1457 1165 1510 1228 ille
1533 1183 1613 1228 usus

390 1267 439 1329 est
471 1265 594 1346 lingua,
627 1266 712 1329 huno
743 1266 925 1330 crediderim
961 1265 1057 1329 fuisse
1084 1284 1282 1330 eommunem
1310 1267 1400 1330 illum
1426 1267 1614 1330 Tertulliani

389 1370 422 1430 et
444 1366 571 1432 Minucii
594 1373 763 1446 auctorem,
787 1370 876 1433 euius
898 1368 1085 1432 memoriam
1108 1367 1242 1432 restitui.

460 1627 484 1691 ¹)
502 1625 543 1678 De
563 1625 611 1679 hoc
629 1642 651 1679 v.
672 1625 800 1680 Othonem
818 1626 835 1680 l.
854 1641 876 1678 c.
896 1625 945 1679 vol.
965 1623 1004 1678 lX
1023 1639 1050 1691 p.
1068 1623 1121 1676 364
1138 1639 1195 1691 sqq.

458 1713 479 1779 ²)
500 1711 540 1764 De
560 1711 673 1765 Prooulo
698 1711 753 1765 eive
773 1711 867 1764 Proelo
885 1726 908 1764 v.
928 1711 1057 1765 Ps.·Tert.
1078 1709 1138 1764 adv.
1157 1725 1228 1763 omn.
1247 1709 1323 1764 haer.
1343 1713 1374 1778 7;
1394 1711 1458 1766 Eue.
1478 1711 1511 1764 H.
1532 1714 1564 1768 Ε.
1584 1713 1611 1766 11

389 1797 431 1862 21),
455 1798 479 1850 6.
500 1799 642 1862 111314.
664 1796 808 1862 V120‚3;
838 1787 945 1850 Pacida.
971 1811 1012 1863 ep.
1036 1795 1071 1849 ad
1099 1797 1204 1865 Sympr.
1222 1795 1289 1850 Nor.
1312 1799 1332 1858 1,
1352 1798 1382 1862 2ς
1403 1797 1477 1852 Hier.
1498 1799 1544 1852 eir.
1562 1800 1613 1853 inl.

388 1885 430 1934 fel.
456 1913 488 1920 -
512 1883 532 1935 l.
552 1882 688 1936 Pamelius
712 1883 757 1936 rit.
778 1883 850 1936 Tert.
870 1881 942 1948 opud
962 1881 991 1934 l'.
1011 1880 1156 1935 Oehlerum
1175 1881 1249 1934 Tert.
1269 1880 1310 1935 ed.
1331 1883 1392 1936 mai.
1412 1883 1452 1939 lll
1472 1903 1499 1954 p.
1517 1885 1550 1936 24
1569 1901 1612 1952 eq.

388 1970 418 2020 31
441 1984 513 2035 sqq.;
532 1971 564 2021 A.
585 1967 760 2021 Hermarchi.
781 1985 803 2022 v.
823 1967 906 2021 Caius
924 1967 956 2020 R.
976 1967 1006 2019 E.
1029 1967 1067 2019 lll
1086 1968 1126 2020 63.

816 3476 1185 3599 Corrigenda.

601 3679 628 3731 p.
664 3666 682 3716 8
700 3662 761 3716 adn.
780 3666 797 3717 4
815 3663 959 3731 legendum
978 3665 1179 3720 vindobonensi
1198 3665 1258 3720 duo,

598 3763 625 3815 p.
647 3751 680 3800 10
698 3749 758 3802 adn.
882 3791 897 3817 ,,
978 3751 1133 3805 Ciceronem
1152 3751 1252 3805 similia
1270 3752 1319 3806 hie.

599 3849 624 3900 p.
647 3836 718 3888 171.
739 3837 770 3888 11
882 3875 898 3901 ,,
976 3836 1024 3891 sed
1043 3853 1067 3890 a.

597 3935 621 3986 p.
641 3920 676 3971 20
694 3919 754 3973 adn.
773 3923 791 3972 3
877 3962 893 3985 ,‚
973 3938 988 3976 ο
1007 3923 1157 3978 Carneade.

698 4677 769 4726 lypis
785 4681 904 4726 expremit
919 4679 961 4718 Fr.
978 4679 1049 4728 Aug.
1068 4681 1170 4728 hlupel,
1190 4679 1377 4722 oenomaum.
