3634 5240
738 407 779 468 45

148 625 202 692 καί
226 631 362 712 ῥυθμῶν
383 631 529 715 γοερῶνῖ)
554 631 609 716 τῆς
630 626 753 715 μούσης
774 634 832 715 τῆς
854 630 1001 716 Καρικῆς
1022 623 1058 693 αἱ
1074 623 1224 694 ποικίλαι
1241 651 1368 716 φαρμα-

147 733 231 795 κεῖαι
247 728 500 817 διαφθείρουσιν
514 723 587 810 τοὺς
608 729 752 819 τρόπους
767 724 936 818 ἀκολάστῳ
957 729 1013 796 καὶ
1032 729 1210 817 κακοτέχνῳ
1229 734 1368 817 μουσικῇ

147 826 194 910 εἰς
216 828 331 912 πόθος
353 827 573 919 δποσόρουσαι
594 838 651 900 τοῦ
673 831 783 918 κιόμου
804 831 923 900 τοτ’του.
1022 841 1024 844 ’

232 937 279 1002 De
302 937 361 1002 hac
383 941 451 1022 ipsa
472 940 692 1022 rhythmorum
715 939 863 1004 varietate
892 941 924 1002 et
944 938 1158 1003 vicissitudine
1186 939 1250 1002 iam
1277 938 1366 1002 nobis

147 1044 196 1104 est
211 1040 379 1122 agendum,
399 1043 435 1104 ut
449 1042 521 1106 inde
544 1043 714 1107 transitum
730 1043 770 1106 ad
786 1043 1028 1126 disputationem
1044 1043 1127 1105 intra
1148 1043 1313 1124 longarum
1336 1044 1368 1105 et

146 1143 287 1207 brevium
309 1143 502 1226 syllabarum
524 1145 603 1210 fines
627 1146 715 1228 quasi
738 1146 1007 1229 circumscriptam
1029 1145 1218 1209 muniamus.

240 1367 258 1447 ἕ
283 1367 310 1433 9.
354 1366 406 1430 De
429 1367 699 1450 rhythmorum
721 1369 908 1435 varietate
931 1371 968 1433 et
989 1367 1272 1432 vicissitudine.

229 1538 278 1600 Ea
298 1537 367 1620 ipsa
390 1541 502 1616 aetate,
526 1559 589 1622 qua
611 1540 732 1604 musica
754 1540 945 1607 Graecorum
973 1559 1023 1604 ars
1052 1539 1223 1604 laetissime
1254 1539 1366 1616 floruit,

146 1641 202 1704 hoo
229 1641 318 1704 enixe
348 1641 520 1706 studebant
550 1645 673 1726 poetae,
707 1645 743 1707 ut
773 1644 993 1726 rhythmorum
1026 1643 1176 1706 varietate
1211 1642 1367 1706 auditores

147 1743 348 1821 delectarent,
372 1744 455 1826 quod
477 1747 509 1808 et
531 1765 566 1808 en
589 1749 771 1829 poematum
788 1745 979 1811 Graecorum
994 1745 1134 1826 reliquiis
1150 1746 1182 1808 et
1197 1764 1213 1808 e
1228 1744 1368 1808 [Pseudo-

145 1846 308 1911 Plutarchi
331 1848 433 1911 verbis
454 1837 557 1912 elucet
579 1849 631 1929 (de
652 1868 732 1912 mua.
756 1847 821 1934 21);
847 1850 887 1934 τῆ
903 1898 909 1911 .
927 1897 935 1912 .
952 1897 960 1910 .
978 1844 1055 1932 περὶ
1069 1840 1128 1924 τὰς
1142 1841 1367 1932 ῥυθμοποιίας

147 1944 295 2036 ποικιλίᾳ
314 1941 390 2037 οῆσῃ
413 1947 633 2038 ποικιλωτέρᾳ
655 1947 831 2037 ἐχρήσαντο
854 1947 884 2015 ολ
900 1945 1055 2014 παλαιοί·
1080 1944 1197 2031 ἐτίμων
1217 1952 1289 2033 γοῦν
1310 1941 1367 2033 τὴν

147 2044 310 2138 ῥυθμικὴν
332 2048 530 2120 ποικιλίαν.
554 2103 562 2118 .
588 2105 594 2118 .
620 2047 650 2118 ol
672 2046 813 2140 μὲνγὰρ
835 2058 890 2117 νῦν
918 2053 1117 2140 φιλομαθεῖς
1144 2053 1201 2130 (sic
1229 2053 1364 2127 codices;

146 2151 329 2239 φιλόμυθοι
352 2157 567 2230 Volkmannn;
600 2152 769 2242 φιλότονυι
797 2157 976 2241 Westphal;
1009 2153 1240 2242 φιλομελεῖς
1263 2157 1365 2236 Bergk

147 2258 225 2322 Mus.
241 2259 342 2324 Rhea.
358 2260 416 2322 XX
433 2261 519 2341 289),
542 2254 574 2324 οἱ
597 2257 634 2324 δὲ
657 2256 730 2324 τότε
751 2257 1033 2347 φιλόρρυθμοι.
1080 2259 1248 2342 Dionysius
1264 2259 1313 2322 vel
1329 2279 1366 2322 ex

148 2381 207 2425 uno
240 2363 462 2427 vicissitudinis
497 2363 600 2428 studio
631 2401 662 2410 -
692 2360 746 2427 καὶ
777 2356 837 2450 γὰρ
868 2359 887 2448 ῆ
921 2353 1083 2446 μεταβολὴ
1115 2352 1241 2439 παντὸς
1274 2355 1366 2446 ἔργου

146 2467 250 2548 χρῆμα
273 2457 333 2549 ἡδύ
356 2485 455 2549 comp.
469 2467 551 2530 verb.
574 2487 599 2532 c.
616 2468 655 2530 12
672 2488 702 2551 p.
720 2469 781 2530 148
798 2467 868 2532 Sch.
887 2503 923 2513 —
942 2467 1111 2549 lyricorum
1126 2455 1227 2528 metra
1241 2465 1365 2528 fluxisse

147 2569 237 2647 putat
252 2587 354 2651 comp.
378 2571 462 2634 verb.
486 2589 512 2634 ο.
537 2571 577 2633 19
599 2590 629 2653 p.
643 2571 704 2632 262
729 2569 815 2635 Sch:
840 2563 872 2633 οἱ
895 2567 931 2633 δὲ
954 2566 1031 2654 περὶ
1053 2561 1248 2654 Στησίχορόν
1262 2564 1366 2630 τεκαὶ

148 2664 313 2757 Πίνδαρον
334 2667 466 2754 μείζους
487 2669 700 2758 ἐργασάμενοι
722 2665 782 2751 τὰς
804 2668 977 2758 περιόδους
997 2666 1044 2748 είς
1066 2663 1172 2734 πολλὰ
1190 2666 1292 2754 μέτρα
1311 2667 1365 2733 καὶ

147 2773 234 2836 κῶλα
257 2771 421 2856 διένειμαν
444 2767 543 2854 αὐτάς
565 2777 621 2858 (sc.
643 2768 702 2854 τὰς
724 2773 890 2863 στροφάς),
913 2768 980 2839 οὐκ
1002 2766 1117 2839 ίίλλου
1139 2764 1244 2850 τινὸς
1262 2764 1367 2859 ῆτῆς

147 2875 369 2962 μεταβολῆς
391 2873 514 2963 ἔρωτι.
560 2879 759 2963 Quamquam
781 2900 855 2963 prae
873 2879 1012 2943 variandi
1028 2878 1131 2942 studio
1146 2878 1243 2940 bonos
1258 2879 1366 2958 poetas

147 2969 315 3067 ὀρθότητα
337 2985 369 3046 et
391 2983 555 3047 veritatem
578 3002 640 3046 non
662 2984 827 3066 neglegere
849 2983 931 3047 idem
955 2984 1063 3046 censet
1085 2981 1122 3045 de
1138 2981 1228 3044 Dein.
1252 2980 1323 3044 dict.
1339 2999 1365 3043 c.

149 3082 187 3146 18
209 3104 239 3166 p.
266 3085 359 3162 1008,
383 3085 400 3146 7
424 3087 466 3149 R:
490 3079 522 3150 οἳ
544 3076 586 3148 τδι
608 3077 673 3172 ἔπη
695 3083 750 3149 καί
774 3079 806 3150 οἱ
827 3077 886 3163 τὰς
900 3078 1083 3172 τραγῳδίας
1104 3079 1160 3146 καί
1180 3076 1211 3146 οὶ
1229 3077 1271 3146 τὰ
1285 3079 1366 3168 μέλι]

147 3181 188 3248 τὰ
211 3185 379 3252 σπουδαῖα
400 3183 583 3276 γράψαντες
605 3179 639 3252 ου’
659 3185 816 3275 τοσαύτην
839 3185 1027 3271 ποιούμενοι
1047 3188 1104 3272 τῆς
1124 3181 1239 3272 ἡδονῆς
1261 3181 1364 3264 δόσιν,

149 3281 225 3374 ὅσην
247 3291 307 3375 τῆς
328 3281 494 3378 ἇλῆθείας.

230 3395 274 3458 at
296 3413 370 3458 oum
391 3395 458 3458 iure
480 3395 654 3477 meritoque
677 3415 820 3461 summae
842 3396 930 3460 nobis
954 3394 1152 3459 admirationi
1169 3393 1210 3457 sit
1225 3393 1366 3457 veterum

148 3493 178 3557 in
207 3497 347 3562 versibus
370 3498 542 3582 pangendis
566 3499 774 3582 praestantia,
810 3518 828 3564 a
859 3499 1003 3574 Platone,
1037 3499 1074 3562 ut
1106 3497 1254 3572 diximus,
1287 3497 1332 3560 vit
1353 3529 1368 3542 ·

148 3601 275 3678 peretur
297 3601 393 3666 etiam
414 3620 616 3667 numerorum
639 3601 845 3667 abundantia.
891 3602 1073 3685 Simplicem
1095 3601 1179 3665 enim
1198 3618 1267 3664 asse
1282 3601 1366 3663 recte

148 3700 270 3766 vivendi
293 3722 450 3782 normam,
474 3723 569 3787 quam
592 3705 645 3786 qui
669 3706 819 3786 sequatur
845 3724 968 3789 semper
990 3707 1053 3770 fere
1076 3705 1135 3768 sibi
1158 3720 1226 3768 esse
1248 3720 1365 3784 parem.

149 3805 320 3889 Adaptatos
344 3808 407 3872 iam
430 3827 498 3874 esse
521 3811 661 3891 oportere
685 3811 721 3872 ut
742 3810 838 3873 verba
860 3811 892 3873 et
913 3828 1005 3872 sonos
1025 3809 1071 3872 ita
1086 3825 1232 3871 numeros
1249 3806 1367 3888 simpli-

149 3907 234 3971 citati
257 3910 312 3988 illi,
336 3930 414 3992 quae
437 3911 602 3976 iuvenibus
625 3912 666 3976 sit
688 3912 872 3995 expetenda,
907 3912 996 3976 docet
1016 3912 1099 3976 idem
1122 3909 1209 3993 Reip.
1232 3909 1281 3973 HI
1304 3908 1364 3972 397

149 4008 189 4073 B:
217 4004 329 4078 οόκυῖν
354 4006 465 4079 αὐτοῖν
494 4016 548 4096 (sc.
571 4014 637 4078 τῶν
658 4010 715 4078 δύο
735 4009 829 4080 εἰδῶν
850 4017 908 4100 τῆς
930 4013 1058 4096 λέξεως)
1080 4005 1118 4077 τὸ
1140 4011 1201 4096 μὲν
1223 4011 1366 4094 (simplex

150 4117 180 4177 et
202 4118 410 4198 probandum)
433 4108 571 4204 σμικρὰς
591 4108 651 4196 τὰς
672 4109 897 4201 μεταβολὰς
920 4111 983 4198 ἔχει
1004 4115 1059 4182 καί
1075 4112 1131 4180 ἐάν
1146 4139 1196 4193 τις
1211 4107 1366 4200 ἀποδιδῷ

151 4214 343 4304 πρέπουσαν
364 4214 521 4304 ἁρμονίαν
542 4217 597 4284 καὶ
620 4213 772 4308 ῥυθμὸν
792 4223 832 4307 τῆ
854 4217 947 4300 λέξει,
971 4215 1080 4304 ὀλίγου
1097 4210 1181 4304 πρὸς
1194 4209 1252 4303 τῆν
1267 4208 1366 4302 αι’πῆν

149 4315 285 4404 γίγνεται
307 4321 411 4410 λέγειν
432 4329 480 4412 τῷ
507 4315 619 4410 ὀρθῶς
640 4321 763 4410 λέγοντι
792 4322 846 4388 καὶ
869 4320 902 4387 ἐν
924 4325 985 4412 μιᾷ
1007 4316 1144 4409 ἁρμονίᾳ
1166 4358 1207 4368 -
1230 4319 1366 4406 σμικραὶ

222 4583 242 4648 ¹)
261 4581 471 4650 Exspecttverlfl
488 4583 579 4651 potius
596 4581 687 4650 μελῶν
702 4583 808 4654 μοιρῶν
826 4585 873 4633 καὶ
891 4580 1008 4654 ῥυθμῶν
1025 4575 1213 4651 κατεαγότανς
1232 4577 1265 4632 cf.
1283 4591 1366 4645 supra

151 4679 174 4730 p.
193 4667 226 4720 39
243 4669 303 4724 adn.
325 4673 354 4739 ¹).
