3634 5240
1091 307 1132 368 34

1003 390 1213 399 -ρ-

501 530 744 613 Hephaestione3
782 530 856 592 sunt
892 529 975 592 enim
1012 529 1068 590 aut
1098 520 1240 591 iwvrxar':
1279 566 1334 572 -—
1351 560 1365 577 υ
1384 561 1420 603 ν,
1451 531 1507 590 aut
1541 521 1741 610 rpozai'zar':

501 671 523 677 -
539 665 555 682 ν
570 671 591 677 -
607 664 640 708 ν,
664 635 719 696 aut
741 633 887 695 constant
902 626 939 693 ἐκ
952 632 1079 714 μακρᾶς
1094 627 1149 692 καί
1172 625 1337 715 τεσσάρων
1351 633 1526 715 βραχειῶνε
1553 667 1579 674 -
1603 663 1621 678 υ
1641 662 1657 677 ν
1678 663 1695 678 υ

585 736 727 800 Duorum
762 736 867 798 autem
893 733 1130 798 Homerieorum
1164 751 1312 798 versuum
1340 734 1439 815 prior,
1474 733 1610 814 integer
1639 733 1696 796 ille
1724 751 1740 794 a

1807 541 1811 614 l

500 838 647 921 Dionysio
678 838 820 913 relictus,
854 836 977 919 etipse
1007 855 1063 919 pro
1093 835 1227 900 Sotades
1254 835 1351 919 accipi
1382 837 1487 918 potest
1521 836 1668 917 syllabis
1698 836 1740 897 its
1805 821 1808 844 ¹

501 940 688 1005 distributis:
726 927 770 1016 ὣς
810 932 827 1003 δ
864 931 990 1027 πρόσθ’
1024 937 1143 1001 ἵππιον
1180 935 1238 1002 καὶ
1274 933 1392 1023 δίφρου
1428 941 1517 1003 κεῖτο
1553 935 1741 1012 samuhel,-

636 1091 643 1118 ‚
677 1081 782 1120 --Ἴ
815 1073 901 1092 --e
921 1073 954 1118 υ,
988 1080 1054 1103 --,
1098 1041 1182 1104 Nam
1205 1043 1237 1104 et
1259 1041 1402 1124 epitritus
1426 1041 1605 1104 ditrochaei
1631 1042 1739 1104 locum
1804 1089 1809 1112 ι

500 1147 638 1228 legitime
661 1149 793 1229 occupet
816 1146 933 1229 [Heph.
957 1166 984 1228 p.
1010 1145 1058 1221 37,
1081 1145 1134 1207 14:
1157 1135 1230 1208 ἀντὶ
1255 1142 1291 1207 δὲ
1314 1145 1378 1208 τῶν
1401 1137 1579 1228 ἑξασήμων
1603 1145 1740 1230 τροχοί·

501 1253 563 1312 κῶν
585 1242 660 1314 ἔσθ’
684 1242 737 1313 ὅτε
763 1242 823 1326 τὰς
845 1243 1055 1332 έπτασήμοσς
1081 1243 1256 1332 τροχαίνιάς
1284 1247 1341 1328 (sc.
1366 1243 1711 1330 παραλαμβάνουσιν)
1723 1249 1739 1328 l,

500 1370 602 1434 neque
630 1351 785 1416 molossus
806 1353 838 1415 in
862 1352 989 1434 paribus
1012 1351 1138 1414 sedibus
1162 1351 1331 1415 abeodem
1354 1350 1548 1426 excluditur,
1587 1350 1622 1414 id
1656 1352 1738 1432 qued

501 1455 533 1518 in
549 1455 715 1519 undecimo
739 1455 865 1536 quidem
881 1453 1042 1517 enchiridii
1065 1455 1166 1536 capite
1190 1453 1308 1517 frustra
1331 1472 1473 1535 quaeres,
1497 1454 1554 1517 sed
1581 1456 1685 1535 quasi
1708 1451 1740 1515 ἐν·

503 1555 656 1643 παρέργῳ
683 1561 946 1622 commemoratur
979 1578 1005 1622 c.
1029 1558 1091 1622 ΧΠ
1118 1577 1147 1640 p.
1172 1558 1220 1632 38,
1244 1559 1278 1620 9:
1316 1552 1526 1639 ἐμπίπτουσι
1557 1555 1600 1620 δέ
1625 1556 1687 1622 καί
1711 1553 1737 1620 σί

502 1659 653 1743 μολοττοί
677 1657 735 1723 ἐπὶ
757 1663 823 1725 τῶν
839 1662 1001 1744 περιττῶν
1022 1661 1132 1745 χωρῶν
1154 1656 1188 1723 ἐν
1202 1663 1272 1738 τοῖς
1293 1651 1353 1723 ἀπ’
1378 1656 1555 1737 ἐλάσσονος
1573 1654 1738 1738 ravanus.

500 1757 617 1848 ὥσπερ
640 1759 674 1826 έν
696 1765 764 1840 τοῖς
785 1753 856 1826 ἀπὸ
877 1758 1026 1844 μείζονος
1048 1759 1107 1826 ἐπὶ
1129 1765 1195 1827 τῶν
1217 1754 1346 1849 ἀρτίων.

589 1866 709 1930 Verum
741 1866 774 1928 in
802 1867 970 1949 posteriore
997 1885 1102 1942 versu,
1137 1867 1191 1929 ubi
1225 1865 1354 1930 Homeri
1381 1867 1549 1930 verborum
1586 1868 1737 1932 ordinem
1815 1944 1816 1947 ρ

504 1970 672 2054 Dionysius
693 1971 739 2033 ita
759 1971 923 2033 immutat:
948 1962 1172 2053 αἱματοέσσης
1191 1962 1298 2046 κόνιος
1314 1965 1535 2054 δεδραγμένος,
1559 1969 1738 2055 βεβρυχώς
1815 1972 1816 1977 ’

502 2075 628 2152 (-,ι-
946 2075 1059 2152 e--),
1094 2069 1267 2136 Sotadeum
1294 2089 1386 2136 nemo
1414 2075 1518 2155 potest
1547 2091 1736 2154 agnoscere
1815 2120 1816 2127 .

501 2195 597 2257 quare
623 2176 823 2240 Hermannus
847 2174 937 2238 elem.
963 2175 1059 2239 doctr.
1085 2178 1174 2238 metr.
1198 2195 1227 2257 p.
1250 2175 1313 2238 444
1337 2175 1374 2239 δε
1396 2179 1530 2256 utroque
1560 2196 1664 2240 versu
1697 2181 1738 2240 sin

500 2277 631 2342 iudicat:
662 2278 737 2354 „sed
765 2278 814 2340 his
844 2276 972 2358 quidem
999 2278 1162 2361 exemplis,
1197 2297 1329 2359 quorum
1358 2279 1391 2341 in
1418 2279 1591 2361 posteriore
1625 2276 1737 2357 κόνιος

502 2381 624 2444 duabus
659 2381 788 2464 syllabis
818 2381 1086 2463 pronuntiandum
1115 2380 1210 2458 foret,
1244 2400 1337 2445 nemo
1371 2381 1543 2463 quidquam
1579 2383 1736 2448 tribuet.··

500 2483 582 2564 Ergo
605 2486 661 2547 aut
682 2485 726 2549 rei
749 2484 896 2548 metricae
919 2483 1082 2566 imperitus
1106 2482 1165 2547 fuit
1188 2485 1357 2566 Dionysius
1381 2487 1436 2548 aut
1459 2485 1571 2560 rerba,
1596 2489 1641 2548 ut
1661 2487 1738 2569 legi-

476 2586 597 2650 ·timus
621 2587 774 2652 Sotadeus
798 2587 967 2662 efficiatur,
1001 2587 1060 2651 hoo
1083 2587 1188 2650 ordine
1215 2589 1289 2650 sunt
1311 2587 1456 2669 legenda:
1489 2581 1603 2664 κόνιος
1638 2583 1737 2670 αἱμο-

501 2685 639 2792 τοέσσης
662 2703 887 2792 δεδραγμένος,
909 2705 1073 2794 βεβρυχώς
1100 2711 1272 2786 (ΝΜ,
1303 2756 1401 2783 ---,
1431 2757 1561 2784 -Μ,
1594 2709 1679 2794 --),
1703 2716 1736 2772 nl

501 2812 607 2874 consto
649 2811 752 2893 prima
779 2810 906 2892 syzygia
933 2805 968 2873 dx
994 2807 1186 2895 τριβράχεος
1213 2807 1268 2874 καί
1297 2805 1447 2897 τροχαίου
1471 2810 1589 2892 (Heph.
1625 2832 1660 2894 p.
1686 2813 1735 2882 36,

501 2914 541 2976 22
566 2913 628 2995 W).

586 3017 697 3098 Itaque
731 3035 802 3080 cum
836 3016 894 3081 hcc
927 3017 994 3080 loeo
1027 3017 1122 3080 verba
1149 3013 1284 3080 τοιαῦτά
1313 3013 1383 3081 ἐστι
1410 3007 1451 3079 τὰ
1480 3011 1660 3081 Σωτάδεια
1696 3020 1732 3082 ad

502 3122 671 3202 utrumque
706 3138 828 3196 eorum,
863 3138 940 3201 quos
968 3119 1135 3200 Dionysius
1169 3121 1398 3204 transponendo
1426 3119 1541 3196 effecit,
1576 3139 1731 3186 versuum

501 3222 663 3286 referenda
686 3222 758 3298 sint,
782 3221 876 3285 etiarn
899 3241 1007 3286 versus
1031 3241 1067 3286 er
1089 3222 1261 3287 Homericis
1284 3215 1354 3288 ἀλλ’
1379 3216 1450 3304 ἔχον
1473 3217 1558 3287 ὥστε
1580 3220 1732 3288 τάλαντα

500 3322 575 3410 γονή
597 3323 663 3389 κτλ.
688 3326 726 3389 ab
750 3325 858 3388 eodem
883 3325 1094 3389 conformatos
1110 3344 1218 3390 omnes
1236 3328 1275 3390 ad
1297 3327 1544 3410 Priapeorum
1566 3345 1730 3398 normam,

502 3431 656 3510 quantum
685 3428 750 3492 fieri
778 3429 906 3511 poterit,
936 3429 1118 3492 conabimur
1145 3449 1288 3494 revocare
1318 3432 1444 3514 propter
1471 3429 1565 3494 rerba
1588 3428 1732 3494 τοιαῦτά
1813 3414 1815 3455 ³

500 3527 569 3596 ίστι
592 3523 633 3596 τὰ
656 3525 839 3618 Πριοίπεια.

585 3635 695 3718 Neque
733 3637 791 3701 hoc
828 3636 896 3699 loco
930 3635 999 3718 ipsa
1032 3635 1232 3719 Priapeomm
1267 3635 1410 3719 exempla
1441 3626 1477 3700 οὐ
1510 3631 1650 3722 βέβηλος
1686 3632 1730 3716 ιίς

500 3735 626 3823 λέγεται
655 3737 720 3803 κτλ.
755 3759 832 3804 num
865 3741 1039 3823 praeceptis
1067 3739 1307 3822 Hephaestionis
1337 3739 1523 3804 conueniant
1550 3738 1729 3821 disquiren-

500 3843 576 3906 dum
600 3845 663 3919 est,
687 3843 833 3924 quoniam
858 3843 975 3919 eedem,
998 3862 1060 3906 unc
1084 3844 1189 3908 tamen
1214 3861 1306 3906 versu
1329 3845 1431 3921 aucta,
1454 3841 1650 3925 Hephaestio
1674 3845 1727 3909 ad-

500 3945 561 4010 fert
589 3947 655 4026 (uhi
678 3965 734 4027 pro
758 3940 803 4024 ὠς
824 3942 952 4029 λέγεται
975 3946 1109 4026 legimus
1131 3933 1157 4009 ιῦ
1180 3942 1319 4028 τελέται)
1344 3947 1382 4010 ab
1405 3945 1604 4028 Euphorione
1630 3946 1727 4012 Cher·

501 4049 647 4126 sonesita,
670 4051 707 4113 ut
730 4047 815 4127 dicit,
838 4052 965 4132 sumpta
988 4053 1029 4128 (v.
1053 4049 1194 4114 Meinelre
1217 4050 1307 4113 Anal.
1330 4049 1415 4114 Alex.
1438 4069 1468 4132 p.
1482 4048 1684 4132 341sqq.).¹)

569 4310 589 4372 ¹)
608 4307 733 4360 Meineke
756 4306 772 4358 l.
796 4321 818 4358 c.
845 4321 869 4372 p.
888 4307 940 4358 343
957 4323 988 4373 sq
1015 4311 1094 4375 putat.
1113 4311 1141 4358 et
1160 4307 1240 4358 rerba
1262 4303 1378 4356 τοιαΐπιί
1397 4309 1456 4356 ἐστι
1473 4304 1508 4356 τοὶ
1528 4303 1671 4374 Πριάπειιι
1688 4337 1720 4346 -

497 4391 557 4459 ἥκω
574 4397 603 4447 ot
620 4390 737 4445 reinbrat
762 4395 782 4441 ε’.
805 4393 839 4442 va
866 4389 1013 4442 Σιοτιίδεια
1042 4423 1075 4430 -
1104 4391 1259 4460 πρόσωπον
1276 4392 1368 4445 deberi
1387 4391 1540 4459 glossatori,
1558 4391 1604 4458 qul
1621 4392 1670 4448 illa
1687 4409 1719 4446 ex

498 4477 713 4546 Hephaestione,
741 4478 806 4531 haec
826 4493 858 4530 ex
878 4478 1046 4544 Hermogene
1065 4493 1207 4546 perperam
1228 4479 1255 4530 in
1276 4478 1396 4546 Dionysii
1415 4482 1519 4531 textum
1536 4477 1719 4533 insument.

498 4564 550 4620 Sed
575 4565 614 4617 rel
639 4564 665 4618 ld
691 4563 753 4616 huic
777 4564 871 4618 obstat
894 4565 1075 4629 coniecturae,
1108 4564 1178 4630 quod
1203 4564 1273 4631 apud
1299 4563 1456 4630 Dionysium
1480 4567 1622 4630 quattuor,
1649 4564 1718 4633 apud

1804 963 1811 1084 l

1804 1277 1813 1528 l

1808 1529 1813 1636 l
