<?xml version="1.0" encoding="UTF-8"?>
<!DOCTYPE html PUBLIC "-//W3C//DTD XHTML 1.0 Transitional//EN"
    "http://www.w3.org/TR/xhtml1/DTD/xhtml1-transitional.dtd">
<html xmlns="http://www.w3.org/1999/xhtml" xml:lang="en" lang="en">
 <head>
  <title>
</title>
<meta http-equiv="Content-Type" content="text/html;charset=utf-8" />
  <meta name='ocr-system' content='tesseract 3.04.00' />
  <meta name='ocr-capabilities' content='ocr_page ocr_carea ocr_par ocr_line ocrx_word'/>
</head>
<body>
  <div class='ocr_page' id='page_1' title='image "./destoicorumstud00strigoog_0764.png"; bbox 0 0 3514 5244; ppageno 0'>
   <div class='ocr_carea' id='block_1_1' title="bbox 710 401 923 497">
    <p class='ocr_par' dir='ltr' id='par_1_1' title="bbox 710 401 923 497">
     <span class='ocr_line' id='line_1_1' title="bbox 710 401 923 497; baseline -0.005 0"><span class='ocrx_word' id='word_1_1' title='bbox 710 401 923 497; x_wconf 64' lang='lat' dir='ltr'><strong>-ssl-</strong></span> 
     </span>
    </p>
   </div>
   <div class='ocr_carea' id='block_1_2' title="bbox 203 592 1434 3135">
    <p class='ocr_par' dir='ltr' id='par_1_2' title="bbox 203 592 1433 1318">
     <span class='ocr_line' id='line_1_2' title="bbox 203 592 1430 678; baseline 0 -21"><span class='ocrx_word' id='word_1_2' title='bbox 203 595 353 677; x_wconf 88' lang='lat'>1113,11</span> <span class='ocrx_word' id='word_1_3' title='bbox 380 613 438 678; x_wconf 94' lang='lat' dir='ltr'><strong>pro</strong></span> <span class='ocrx_word' id='word_1_4' title='bbox 462 602 670 676; x_wconf 70' lang='lat' dir='ltr'><strong>supponent,</strong></span> <span class='ocrx_word' id='word_1_5' title='bbox 696 593 782 676; x_wconf 90' lang='lat' dir='ltr'><strong>quod</strong></span> <span class='ocrx_word' id='word_1_6' title='bbox 806 593 949 659; x_wconf 90' lang='lat' dir='ltr'><strong>Haasius</strong></span> <span class='ocrx_word' id='word_1_7' title='bbox 972 593 1090 658; x_wconf 88' lang='lat' dir='ltr'><strong>iniuria</strong></span> <span class='ocrx_word' id='word_1_8' title='bbox 1114 613 1154 659; x_wconf 86' lang='lat' dir='ltr'><strong>ex</strong></span> <span class='ocrx_word' id='word_1_9' title='bbox 1178 615 1198 678; x_wconf 91' lang='lat' dir='ltr'>p</span> <span class='ocrx_word' id='word_1_10' title='bbox 1223 593 1354 677; x_wconf 76' lang='lat' dir='ltr'><strong>recepit,</strong></span> <span class='ocrx_word' id='word_1_11' title='bbox 1377 592 1430 657; x_wconf 89' lang='lat' dir='ltr'><strong>vol</strong></span> 
     </span>
     <span class='ocr_line' id='line_1_3' title="bbox 203 698 1430 784; baseline 0 -18"><span class='ocrx_word' id='word_1_12' title='bbox 203 709 436 781; x_wconf 67' lang='lat' dir='ltr'><strong>aucerre-real,</strong></span> <span class='ocrx_word' id='word_1_13' title='bbox 466 699 552 783; x_wconf 93' lang='lat' dir='ltr'><strong>quod</strong></span> <span class='ocrx_word' id='word_1_14' title='bbox 581 701 686 766; x_wconf 89' lang='lat' dir='ltr'><strong>estin</strong></span> <span class='ocrx_word' id='word_1_15' title='bbox 710 699 793 784; x_wconf 85' lang='lat' dir='ltr'><strong>aliis,</strong></span> <span class='ocrx_word' id='word_1_16' title='bbox 822 698 942 766; x_wconf 84' lang='lat' dir='ltr'><strong>habent</strong></span> <span class='ocrx_word' id='word_1_17' title='bbox 965 708 1196 765; x_wconf 78' lang='lat' dir='ltr'><strong>arrrourruut.</strong></span> <span class='ocrx_word' id='word_1_18' title='bbox 1221 737 1263 745; x_wconf 86' lang='lat'>—</span> <span class='ocrx_word' id='word_1_19' title='bbox 1291 700 1333 764; x_wconf 83' lang='lat' dir='ltr'><strong>lv</strong></span> <span class='ocrx_word' id='word_1_20' title='bbox 1363 708 1386 783; x_wconf 88' lang='lat'><strong>1,</strong></span> <span class='ocrx_word' id='word_1_21' title='bbox 1410 701 1430 766; x_wconf 87' lang='lat'><strong>3</strong></span> 
     </span>
     <span class='ocr_line' id='line_1_4' title="bbox 203 805 1431 890; baseline 0 -18"><span class='ocrx_word' id='word_1_22' title='bbox 203 813 402 890; x_wconf 74' lang='lat' dir='ltr'><strong>aaaripalor</strong></span> <span class='ocrx_word' id='word_1_23' title='bbox 425 806 545 890; x_wconf 91' lang='lat' dir='ltr'><strong>legitur</strong></span> <span class='ocrx_word' id='word_1_24' title='bbox 557 806 591 870; x_wconf 92' lang='lat' dir='ltr'><strong>in</strong></span> <span class='ocrx_word' id='word_1_25' title='bbox 604 807 631 870; x_wconf 86' lang='lat' dir='ltr'>E</span> <span class='ocrx_word' id='word_1_26' title='bbox 645 806 686 871; x_wconf 99' lang='lat' dir='ltr'>W</span> <span class='ocrx_word' id='word_1_27' title='bbox 700 826 758 890; x_wconf 93' lang='lat' dir='ltr'><strong>pro</strong></span> <span class='ocrx_word' id='word_1_28' title='bbox 774 825 812 871; x_wconf 90' lang='lat' dir='ltr'><strong>eo</strong></span> <span class='ocrx_word' id='word_1_29' title='bbox 827 805 913 890; x_wconf 84' lang='lat' dir='ltr'><strong>quod</strong></span> <span class='ocrx_word' id='word_1_30' title='bbox 929 813 978 871; x_wconf 87' lang='lat' dir='ltr'><strong>est</strong></span> <span class='ocrx_word' id='word_1_31' title='bbox 999 809 1231 889; x_wconf 74' lang='lat' dir='ltr'><strong>perterrentes.</strong></span> <span class='ocrx_word' id='word_1_32' title='bbox 1247 807 1394 890; x_wconf 84' lang='lat' dir='ltr'>-v14‚</span> <span class='ocrx_word' id='word_1_33' title='bbox 1411 809 1431 872; x_wconf 84' lang='lat'>5</span> 
     </span>
     <span class='ocr_line' id='line_1_5' title="bbox 204 912 1432 996; baseline -0.001 -17"><span class='ocrx_word' id='word_1_34' title='bbox 204 915 286 981; x_wconf 89' lang='lat' dir='ltr'><strong>haee</strong></span> <span class='ocrx_word' id='word_1_35' title='bbox 309 915 422 979; x_wconf 84' lang='lat' dir='ltr'><strong>verba:</strong></span> <span class='ocrx_word' id='word_1_36' title='bbox 446 917 527 978; x_wconf 86' lang='lat' dir='ltr'><strong>dom</strong></span> <span class='ocrx_word' id='word_1_37' title='bbox 551 917 651 977; x_wconf 84' lang='lat' dir='ltr'><strong>intas</strong></span> <span class='ocrx_word' id='word_1_38' title='bbox 673 915 768 978; x_wconf 76' lang='lat' dir='ltr'><strong>nihil</strong></span> <span class='ocrx_word' id='word_1_39' title='bbox 790 916 967 978; x_wconf 77' lang='lat' dir='ltr'><strong>tumultus</strong></span> <span class='ocrx_word' id='word_1_40' title='bbox 990 917 1039 976; x_wconf 83' lang='lat' dir='ltr'><strong>sil</strong></span> <span class='ocrx_word' id='word_1_41' title='bbox 1062 913 1246 978; x_wconf 89' lang='lat' dir='ltr'><strong>omiserunt.</strong></span> <span class='ocrx_word' id='word_1_42' title='bbox 1266 949 1308 959; x_wconf 92' lang='lat'><strong>—</strong></span> <span class='ocrx_word' id='word_1_43' title='bbox 1324 912 1385 977; x_wconf 88' lang='lat' dir='ltr'><strong>VH</strong></span> <span class='ocrx_word' id='word_1_44' title='bbox 1402 915 1432 996; x_wconf 88' lang='lat'><strong>3,</strong></span> 
     </span>
     <span class='ocr_line' id='line_1_6' title="bbox 208 1018 1432 1104; baseline -0.005 -16"><span class='ocrx_word' id='word_1_45' title='bbox 208 1025 247 1088; x_wconf 89' lang='grc'><strong>14</strong></span> <span class='ocrx_word' id='word_1_46' title='bbox 270 1024 307 1086; x_wconf 86' lang='lat' dir='ltr'><strong>de</strong></span> <span class='ocrx_word' id='word_1_47' title='bbox 330 1043 424 1086; x_wconf 75' lang='lat' dir='ltr'><strong>euersa</strong></span> <span class='ocrx_word' id='word_1_48' title='bbox 445 1022 614 1102; x_wconf 76' lang='lat' dir='ltr'><strong>pasorali</strong></span> <span class='ocrx_word' id='word_1_49' title='bbox 636 1041 759 1084; x_wconf 82' lang='lat' dir='ltr'><strong>sumas</strong></span> <span class='ocrx_word' id='word_1_50' title='bbox 782 1018 909 1104; x_wconf 86' lang='lat' dir='ltr'><strong>hahent,</strong></span> <span class='ocrx_word' id='word_1_51' title='bbox 933 1023 1081 1085; x_wconf 81' lang='lat' dir='ltr'><strong>decorose</strong></span> <span class='ocrx_word' id='word_1_52' title='bbox 1102 1023 1269 1100; x_wconf 76' lang='lat' dir='ltr'><strong>peperoli</strong></span> <span class='ocrx_word' id='word_1_53' title='bbox 1286 1023 1432 1104; x_wconf 78' lang='lat' dir='ltr'><strong>perseri-</strong></span> 
     </span>
     <span class='ocr_line' id='line_1_7' title="bbox 203 1126 1433 1212; baseline -0.003 -19"><span class='ocrx_word' id='word_1_54' title='bbox 203 1151 280 1193; x_wconf 83' lang='lat' dir='ltr'><strong>mos</strong></span> <span class='ocrx_word' id='word_1_55' title='bbox 308 1149 328 1212; x_wconf 92' lang='lat' dir='ltr'>p</span> <span class='ocrx_word' id='word_1_56' title='bbox 353 1127 394 1210; x_wconf 87' lang='lat' dir='ltr'><strong>M,</strong></span> <span class='ocrx_word' id='word_1_57' title='bbox 426 1130 463 1192; x_wconf 89' lang='lat' dir='ltr'><strong>de</strong></span> <span class='ocrx_word' id='word_1_58' title='bbox 495 1149 590 1192; x_wconf 82' lang='lat' dir='ltr'><strong>causo</strong></span> <span class='ocrx_word' id='word_1_59' title='bbox 619 1129 927 1210; x_wconf 69' lang='lat' dir='ltr'><strong>generalissimas</strong></span> <span class='ocrx_word' id='word_1_60' title='bbox 958 1126 993 1190; x_wconf 90' lang='lat' dir='ltr'><strong>P.</strong></span> <span class='ocrx_word' id='word_1_61' title='bbox 1022 1163 1065 1173; x_wconf 94' lang='lat'><strong>-—</strong></span> <span class='ocrx_word' id='word_1_62' title='bbox 1093 1132 1123 1210; x_wconf 82' lang='lat'><strong>4,</strong></span> <span class='ocrx_word' id='word_1_63' title='bbox 1152 1129 1192 1192; x_wconf 81' lang='lat'><strong>21</strong></span> <span class='ocrx_word' id='word_1_64' title='bbox 1227 1133 1301 1212; x_wconf 89' lang='lat' dir='ltr'><strong>post</strong></span> <span class='ocrx_word' id='word_1_65' title='bbox 1332 1127 1433 1191; x_wconf 85' lang='lat' dir='ltr'><strong>verba</strong></span> 
     </span>
     <span class='ocr_line' id='line_1_8' title="bbox 203 1229 1432 1318; baseline -0.002 -20"><span class='ocrx_word' id='word_1_66' title='bbox 203 1239 327 1300; x_wconf 83' lang='lat' dir='ltr'><strong>honesta</strong></span> <span class='ocrx_word' id='word_1_67' title='bbox 355 1257 405 1298; x_wconf 88' lang='lat' dir='ltr'><strong>res</strong></span> <span class='ocrx_word' id='word_1_68' title='bbox 431 1237 487 1298; x_wconf 86' lang='lat' dir='ltr'><strong>sed</strong></span> <span class='ocrx_word' id='word_1_69' title='bbox 513 1236 610 1298; x_wconf 80' lang='lat' dir='ltr'><strong>tristis</strong></span> <span class='ocrx_word' id='word_1_70' title='bbox 633 1233 665 1298; x_wconf 95' lang='lat' dir='ltr'><strong>in</strong></span> <span class='ocrx_word' id='word_1_71' title='bbox 690 1242 824 1316; x_wconf 88' lang='lat' dir='ltr'><strong>utroque</strong></span> <span class='ocrx_word' id='word_1_72' title='bbox 847 1252 945 1298; x_wconf 77' lang='lat' dir='ltr'><strong>voees</strong></span> <span class='ocrx_word' id='word_1_73' title='bbox 968 1242 1078 1317; x_wconf 82' lang='lat' dir='ltr'><strong>atque</strong></span> <span class='ocrx_word' id='word_1_74' title='bbox 1101 1255 1233 1317; x_wconf 86' lang='lat' dir='ltr'><strong>aspera</strong></span> <span class='ocrx_word' id='word_1_75' title='bbox 1257 1229 1432 1318; x_wconf 62' lang='lat' dir='ltr'><strong>desunt-⁸⁴)</strong></span> 
     </span>
    </p>

    <p class='ocr_par' dir='ltr' id='par_1_3' title="bbox 203 1338 1434 3135">
     <span class='ocr_line' id='line_1_9' title="bbox 294 1338 1432 1424; baseline -0.003 -19"><span class='ocrx_word' id='word_1_76' title='bbox 294 1359 488 1424; x_wconf 89' lang='lat' dir='ltr'><strong>quamquam</strong></span> <span class='ocrx_word' id='word_1_77' title='bbox 511 1339 611 1424; x_wconf 88' lang='lat' dir='ltr'><strong>igitur</strong></span> <span class='ocrx_word' id='word_1_78' title='bbox 632 1339 745 1404; x_wconf 92' lang='lat' dir='ltr'><strong>horum</strong></span> <span class='ocrx_word' id='word_1_79' title='bbox 768 1338 954 1404; x_wconf 92' lang='lat' dir='ltr'><strong>mendorum</strong></span> <span class='ocrx_word' id='word_1_80' title='bbox 979 1339 1040 1404; x_wconf 90' lang='lat' dir='ltr'><strong>tria</strong></span> <span class='ocrx_word' id='word_1_81' title='bbox 1063 1339 1116 1405; x_wconf 80' lang='lat' dir='ltr'><strong>vel</strong></span> <span class='ocrx_word' id='word_1_82' title='bbox 1139 1338 1203 1404; x_wconf 94' lang='lat' dir='ltr'><strong>duo</strong></span> <span class='ocrx_word' id='word_1_83' title='bbox 1227 1345 1314 1406; x_wconf 89' lang='lat' dir='ltr'><strong>certe</strong></span> <span class='ocrx_word' id='word_1_84' title='bbox 1337 1339 1432 1404; x_wconf 87' lang='lat' dir='ltr'><strong>inter-</strong></span> 
     </span>
     <span class='ocr_line' id='line_1_10' title="bbox 203 1445 1431 1533; baseline -0.002 -21"><span class='ocrx_word' id='word_1_85' title='bbox 203 1447 423 1533; x_wconf 88' lang='lat' dir='ltr'><strong>polationibus</strong></span> <span class='ocrx_word' id='word_1_86' title='bbox 447 1453 518 1512; x_wconf 87' lang='lat' dir='ltr'><strong>orta</strong></span> <span class='ocrx_word' id='word_1_87' title='bbox 542 1455 624 1530; x_wconf 89' lang='lat' dir='ltr'><strong>sunt,</strong></span> <span class='ocrx_word' id='word_1_88' title='bbox 649 1467 733 1529; x_wconf 90' lang='lat' dir='ltr'><strong>quae</strong></span> <span class='ocrx_word' id='word_1_89' title='bbox 757 1453 792 1510; x_wconf 91' lang='lat' dir='ltr'><strong>ut</strong></span> <span class='ocrx_word' id='word_1_90' title='bbox 814 1466 855 1511; x_wconf 92' lang='lat' dir='ltr'><strong>ne</strong></span> <span class='ocrx_word' id='word_1_91' title='bbox 870 1446 904 1510; x_wconf 92' lang='lat' dir='ltr'><strong>in</strong></span> <span class='ocrx_word' id='word_1_92' title='bbox 919 1445 969 1512; x_wconf 92' lang='lat' dir='ltr'><strong>his</strong></span> <span class='ocrx_word' id='word_1_93' title='bbox 983 1445 1113 1530; x_wconf 89' lang='lat' dir='ltr'><strong>quidem</strong></span> <span class='ocrx_word' id='word_1_94' title='bbox 1126 1446 1219 1511; x_wconf 92' lang='lat' dir='ltr'><strong>lihris</strong></span> <span class='ocrx_word' id='word_1_95' title='bbox 1234 1446 1360 1528; x_wconf 73' lang='lat' dir='ltr'><strong>desunt,</strong></span> <span class='ocrx_word' id='word_1_96' title='bbox 1383 1445 1431 1510; x_wconf 87' lang='lat' dir='ltr'><strong>ita</strong></span> 
     </span>
     <span class='ocr_line' id='line_1_11' title="bbox 204 1551 1433 1637; baseline -0.002 -18"><span class='ocrx_word' id='word_1_97' title='bbox 204 1555 303 1620; x_wconf 91' lang='lat' dir='ltr'><strong>multo</strong></span> <span class='ocrx_word' id='word_1_98' title='bbox 318 1555 458 1620; x_wconf 87' lang='lat' dir='ltr'><strong>rariores</strong></span> <span class='ocrx_word' id='word_1_99' title='bbox 474 1559 548 1619; x_wconf 89' lang='lat' dir='ltr'><strong>sunt</strong></span> <span class='ocrx_word' id='word_1_100' title='bbox 562 1573 657 1636; x_wconf 88' lang='lat' dir='ltr'><strong>qnam</strong></span> <span class='ocrx_word' id='word_1_101' title='bbox 674 1553 706 1617; x_wconf 92' lang='lat' dir='ltr'><strong>in</strong></span> <span class='ocrx_word' id='word_1_102' title='bbox 722 1553 805 1636; x_wconf 89' lang='lat' dir='ltr'><strong>aliis,</strong></span> <span class='ocrx_word' id='word_1_103' title='bbox 829 1559 895 1618; x_wconf 87' lang='lat' dir='ltr'><strong>tam</strong></span> <span class='ocrx_word' id='word_1_104' title='bbox 910 1551 1083 1636; x_wconf 82' lang='lat' dir='ltr'>diligenter</span> <span class='ocrx_word' id='word_1_105' title='bbox 1102 1553 1241 1637; x_wconf 89' lang='lat' dir='ltr'><strong>scriptus</strong></span> <span class='ocrx_word' id='word_1_106' title='bbox 1261 1559 1311 1618; x_wconf 89' lang='lat' dir='ltr'><strong>est</strong></span> <span class='ocrx_word' id='word_1_107' title='bbox 1325 1552 1373 1637; x_wconf 89' lang='lat' dir='ltr'><strong>W,</strong></span> <span class='ocrx_word' id='word_1_108' title='bbox 1397 1559 1433 1616; x_wconf 87' lang='lat' dir='ltr'><strong>ut</strong></span> 
     </span>
     <span class='ocr_line' id='line_1_12' title="bbox 204 1659 1433 1744; baseline -0.002 -17"><span class='ocrx_word' id='word_1_109' title='bbox 204 1682 268 1727; x_wconf 92' lang='lat' dir='ltr'><strong>non</strong></span> <span class='ocrx_word' id='word_1_110' title='bbox 278 1660 460 1726; x_wconf 78' lang='lat' dir='ltr'>duodecimi</span> <span class='ocrx_word' id='word_1_111' title='bbox 475 1660 598 1726; x_wconf 89' lang='lat' dir='ltr'><strong>saeculi</strong></span> <span class='ocrx_word' id='word_1_112' title='bbox 613 1659 766 1744; x_wconf 85' lang='lat' dir='ltr'><strong>codicem,</strong></span> <span class='ocrx_word' id='word_1_113' title='bbox 782 1659 840 1726; x_wconf 89' lang='lat' dir='ltr'><strong>sed</strong></span> <span class='ocrx_word' id='word_1_114' title='bbox 855 1659 981 1725; x_wconf 91' lang='lat' dir='ltr'><strong>duobus</strong></span> <span class='ocrx_word' id='word_1_115' title='bbox 995 1660 1064 1725; x_wconf 86' lang='lat' dir='ltr'><strong>fere</strong></span> <span class='ocrx_word' id='word_1_116' title='bbox 1074 1659 1433 1726; x_wconf 82' lang='lat' dir='ltr'><strong>saeculisvetustiorem</strong></span> 
     </span>
     <span class='ocr_line' id='line_1_13' title="bbox 204 1767 1434 1854; baseline -0.003 -20"><span class='ocrx_word' id='word_1_117' title='bbox 204 1775 452 1854; x_wconf 87' lang='lat' dir='ltr'><strong>repraesentare</strong></span> <span class='ocrx_word' id='word_1_118' title='bbox 474 1767 632 1833; x_wconf 85' lang='lat' dir='ltr'><strong>videatur.</strong></span> <span class='ocrx_word' id='word_1_119' title='bbox 669 1787 774 1850; x_wconf 87' lang='lat' dir='ltr'><strong>neque</strong></span> <span class='ocrx_word' id='word_1_120' title='bbox 798 1767 881 1832; x_wconf 92' lang='lat' dir='ltr'><strong>enim</strong></span> <span class='ocrx_word' id='word_1_121' title='bbox 905 1767 1005 1832; x_wconf 93' lang='lat' dir='ltr'><strong>ullum</strong></span> <span class='ocrx_word' id='word_1_122' title='bbox 1029 1767 1061 1830; x_wconf 93' lang='lat' dir='ltr'><strong>in</strong></span> <span class='ocrx_word' id='word_1_123' title='bbox 1086 1787 1124 1831; x_wconf 92' lang='lat' dir='ltr'><strong>eo</strong></span> <span class='ocrx_word' id='word_1_124' title='bbox 1148 1767 1320 1850; x_wconf 83' lang='lat' dir='ltr'><strong>vestigium</strong></span> <span class='ocrx_word' id='word_1_125' title='bbox 1344 1773 1434 1831; x_wconf 83' lang='lat' dir='ltr'><strong>extat</strong></span> 
     </span>
     <span class='ocr_line' id='line_1_14' title="bbox 205 1872 1433 1958; baseline -0.002 -18"><span class='ocrx_word' id='word_1_126' title='bbox 205 1875 376 1940; x_wconf 89' lang='lat' dir='ltr'><strong>lectionum</strong></span> <span class='ocrx_word' id='word_1_127' title='bbox 398 1874 431 1939; x_wconf 90' lang='lat' dir='ltr'><strong>in</strong></span> <span class='ocrx_word' id='word_1_128' title='bbox 446 1873 568 1940; x_wconf 89' lang='lat' dir='ltr'><strong>similes</strong></span> <span class='ocrx_word' id='word_1_129' title='bbox 584 1872 714 1940; x_wconf 89' lang='lat' dir='ltr'><strong>codices</strong></span> <span class='ocrx_word' id='word_1_130' title='bbox 734 1893 774 1939; x_wconf 87' lang='lat' dir='ltr'><strong>ex</strong></span> <span class='ocrx_word' id='word_1_131' title='bbox 790 1873 889 1940; x_wconf 89' lang='lat' dir='ltr'><strong>classi</strong></span> <span class='ocrx_word' id='word_1_132' title='bbox 904 1875 930 1938; x_wconf 92' lang='lat' dir='ltr'><strong>B</strong></span> <span class='ocrx_word' id='word_1_133' title='bbox 946 1873 971 1936; x_wconf 87' lang='grc' dir='ltr'>Θ</span> <span class='ocrx_word' id='word_1_134' title='bbox 985 1873 1158 1957; x_wconf 86' lang='lat' dir='ltr'><strong>illatarum,</strong></span> <span class='ocrx_word' id='word_1_135' title='bbox 1182 1872 1433 1958; x_wconf 77' lang='lat' dir='ltr'><strong>orthographica</strong></span> 
     </span>
     <span class='ocr_line' id='line_1_15' title="bbox 205 1979 1434 2063; baseline 0.001 -18"><span class='ocrx_word' id='word_1_136' title='bbox 205 2003 281 2048; x_wconf 86' lang='lat' dir='ltr'><strong>vero</strong></span> <span class='ocrx_word' id='word_1_137' title='bbox 310 1989 375 2046; x_wconf 90' lang='lat' dir='ltr'><strong>tam</strong></span> <span class='ocrx_word' id='word_1_138' title='bbox 405 1980 578 2063; x_wconf 81' lang='lat' dir='ltr'>diligenter</span> <span class='ocrx_word' id='word_1_139' title='bbox 612 1987 763 2045; x_wconf 81' lang='lat' dir='ltr'><strong>curantur</strong></span> <span class='ocrx_word' id='word_1_140' title='bbox 794 1987 830 2045; x_wconf 88' lang='lat' dir='ltr'><strong>ut</strong></span> <span class='ocrx_word' id='word_1_141' title='bbox 861 2003 886 2061; x_wconf 84' lang='lat' dir='ltr'><strong>e,</strong></span> <span class='ocrx_word' id='word_1_142' title='bbox 919 2003 965 2061; x_wconf 86' lang='lat' dir='ltr'><strong>ae,</strong></span> <span class='ocrx_word' id='word_1_143' title='bbox 999 2003 1035 2044; x_wconf 83' lang='lat' dir='ltr'><strong>ae</strong></span> <span class='ocrx_word' id='word_1_144' title='bbox 1062 1979 1305 2045; x_wconf 85' lang='lat' dir='ltr'><strong>accuratissime</strong></span> <span class='ocrx_word' id='word_1_145' title='bbox 1333 1987 1365 2044; x_wconf 90' lang='lat' dir='ltr'><strong>et</strong></span> <span class='ocrx_word' id='word_1_146' title='bbox 1391 1979 1434 2046; x_wconf 88' lang='lat' dir='ltr'><strong>iis</strong></span> 
     </span>
     <span class='ocr_line' id='line_1_16' title="bbox 207 2085 1433 2173; baseline -0.002 -20"><span class='ocrx_word' id='word_1_147' title='bbox 207 2108 335 2171; x_wconf 88' lang='lat' dir='ltr'><strong>quoque</strong></span> <span class='ocrx_word' id='word_1_148' title='bbox 364 2087 454 2170; x_wconf 88' lang='lat' dir='ltr'><strong>locis,</strong></span> <span class='ocrx_word' id='word_1_149' title='bbox 484 2087 599 2170; x_wconf 87' lang='lat' dir='ltr'><strong>quibus</strong></span> <span class='ocrx_word' id='word_1_150' title='bbox 626 2095 758 2173; x_wconf 88' lang='lat' dir='ltr'><strong>propter</strong></span> <span class='ocrx_word' id='word_1_151' title='bbox 786 2087 965 2171; x_wconf 76' lang='lat' dir='ltr'><strong>scripturae</strong></span> <span class='ocrx_word' id='word_1_152' title='bbox 993 2086 1185 2170; x_wconf 87' lang='lat' dir='ltr'><strong>compendia</strong></span> <span class='ocrx_word' id='word_1_153' title='bbox 1211 2085 1320 2152; x_wconf 87' lang='lat' dir='ltr'><strong>littera</strong></span> <span class='ocrx_word' id='word_1_154' title='bbox 1343 2109 1360 2151; x_wconf 89' lang='lat' dir='ltr'><strong>e</strong></span> <span class='ocrx_word' id='word_1_155' title='bbox 1381 2086 1433 2151; x_wconf 87' lang='lat' dir='ltr'><strong>vel</strong></span> 
     </span>
     <span class='ocr_line' id='line_1_17' title="bbox 205 2191 1433 2280; baseline -0.003 -20"><span class='ocrx_word' id='word_1_156' title='bbox 205 2195 423 2280; x_wconf 85' lang='lat' dir='ltr'><strong>diphthongus</strong></span> <span class='ocrx_word' id='word_1_157' title='bbox 446 2213 509 2259; x_wconf 90' lang='lat' dir='ltr'><strong>non</strong></span> <span class='ocrx_word' id='word_1_158' title='bbox 533 2194 663 2278; x_wconf 90' lang='lat' dir='ltr'><strong>ponitur</strong></span> <span class='ocrx_word' id='word_1_159' title='bbox 686 2193 788 2274; x_wconf 87' lang='lat' dir='ltr'><strong>(velut</strong></span> <span class='ocrx_word' id='word_1_160' title='bbox 806 2201 881 2278; x_wconf 64' lang='lat'><strong>9⁸:</strong></span> <span class='ocrx_word' id='word_1_161' title='bbox 900 2191 1000 2280; x_wconf 81' lang='lat' dir='ltr'><strong>quae),</strong></span> <span class='ocrx_word' id='word_1_162' title='bbox 1029 2192 1113 2258; x_wconf 91' lang='lat' dir='ltr'><strong>inter</strong></span> <span class='ocrx_word' id='word_1_163' title='bbox 1141 2213 1176 2258; x_wconf 89' lang='lat' dir='ltr'><strong>se</strong></span> <span class='ocrx_word' id='word_1_164' title='bbox 1200 2191 1433 2277; x_wconf 82' lang='lat' dir='ltr'><strong>discernantur,</strong></span> 
     </span>
     <span class='ocr_line' id='line_1_18' title="bbox 204 2299 1434 2387; baseline -0.002 -21"><span class='ocrx_word' id='word_1_165' title='bbox 204 2303 373 2367; x_wconf 85' lang='lat' dir='ltr'><strong>verborum</strong></span> <span class='ocrx_word' id='word_1_166' title='bbox 396 2301 645 2387; x_wconf 89' lang='lat' dir='ltr'><strong>compositorum</strong></span> <span class='ocrx_word' id='word_1_167' title='bbox 668 2301 791 2366; x_wconf 84' lang='lat' dir='ltr'><strong>formae</strong></span> <span class='ocrx_word' id='word_1_168' title='bbox 814 2320 878 2367; x_wconf 91' lang='lat' dir='ltr'><strong>nou</strong></span> <span class='ocrx_word' id='word_1_169' title='bbox 901 2299 1103 2366; x_wconf 85' lang='lat' dir='ltr'><strong>assimilatae</strong></span> <span class='ocrx_word' id='word_1_170' title='bbox 1127 2299 1321 2382; x_wconf 84' lang='lat' dir='ltr'><strong>aliquotiens</strong></span> <span class='ocrx_word' id='word_1_171' title='bbox 1336 2301 1434 2364; x_wconf 89' lang='lat' dir='ltr'><strong>etiam</strong></span> 
     </span>
     <span class='ocr_line' id='line_1_19' title="bbox 204 2406 1432 2492; baseline -0.001 -19"><span class='ocrx_word' id='word_1_172' title='bbox 204 2409 249 2474; x_wconf 92' lang='lat' dir='ltr'><strong>ihi</strong></span> <span class='ocrx_word' id='word_1_173' title='bbox 264 2415 414 2475; x_wconf 90' lang='lat' dir='ltr'><strong>servatae</strong></span> <span class='ocrx_word' id='word_1_174' title='bbox 439 2409 517 2483; x_wconf 83' lang='lat' dir='ltr'><strong>sint,</strong></span> <span class='ocrx_word' id='word_1_175' title='bbox 541 2408 595 2472; x_wconf 90' lang='lat' dir='ltr'><strong>uhi</strong></span> <span class='ocrx_word' id='word_1_176' title='bbox 618 2409 652 2472; x_wconf 94' lang='lat' dir='ltr'><strong>in</strong></span> <span class='ocrx_word' id='word_1_177' title='bbox 675 2408 765 2474; x_wconf 91' lang='lat' dir='ltr'><strong>libris</strong></span> <span class='ocrx_word' id='word_1_178' title='bbox 789 2406 1019 2474; x_wconf 86' lang='lat' dir='ltr'><strong>vetustioribus</strong></span> <span class='ocrx_word' id='word_1_179' title='bbox 1044 2407 1234 2473; x_wconf 88' lang='lat' dir='ltr'><strong>assimilatis</strong></span> <span class='ocrx_word' id='word_1_180' title='bbox 1257 2415 1432 2492; x_wconf 73' lang='lat' dir='ltr'><strong>cesserunt,</strong></span> 
     </span>
     <span class='ocr_line' id='line_1_20' title="bbox 204 2513 1433 2600; baseline -0.001 -20"><span class='ocrx_word' id='word_1_181' title='bbox 204 2514 367 2581; x_wconf 89' lang='lat' dir='ltr'><strong>nominum</strong></span> <span class='ocrx_word' id='word_1_182' title='bbox 391 2513 531 2598; x_wconf 88' lang='lat' dir='ltr'><strong>denique</strong></span> <span class='ocrx_word' id='word_1_183' title='bbox 553 2515 755 2600; x_wconf 86' lang='lat' dir='ltr'><strong>propriorum</strong></span> <span class='ocrx_word' id='word_1_184' title='bbox 779 2515 975 2580; x_wconf 83' lang='lat' dir='ltr'><strong>Graeeomm</strong></span> <span class='ocrx_word' id='word_1_185' title='bbox 999 2513 1120 2578; x_wconf 85' lang='lat' dir='ltr'><strong>formae</strong></span> <span class='ocrx_word' id='word_1_186' title='bbox 1144 2513 1176 2578; x_wconf 92' lang='lat' dir='ltr'><strong>in</strong></span> <span class='ocrx_word' id='word_1_187' title='bbox 1199 2535 1221 2578; x_wconf 87' lang='lat' dir='ltr'><strong>n</strong></span> <span class='ocrx_word' id='word_1_188' title='bbox 1241 2513 1433 2579; x_wconf 84' lang='lat' dir='ltr'><strong>terminatae</strong></span> 
     </span>
     <span class='ocr_line' id='line_1_21' title="bbox 204 2620 1432 2703; baseline -0.002 -14"><span class='ocrx_word' id='word_1_189' title='bbox 204 2622 293 2689; x_wconf 88' lang='lat' dir='ltr'><strong>velut</strong></span> <span class='ocrx_word' id='word_1_190' title='bbox 316 2626 436 2703; x_wconf 85' lang='lat' dir='ltr'><strong>Pluton,</strong></span> <span class='ocrx_word' id='word_1_191' title='bbox 458 2622 616 2703; x_wconf 75' lang='lat' dir='ltr'><strong>Semelen,</strong></span> <span class='ocrx_word' id='word_1_192' title='bbox 639 2623 805 2688; x_wconf 84' lang='lat' dir='ltr'><strong>Cleanthen</strong></span> <span class='ocrx_word' id='word_1_193' title='bbox 827 2641 901 2686; x_wconf 88' lang='lat' dir='ltr'><strong>raro</strong></span> <span class='ocrx_word' id='word_1_194' title='bbox 926 2620 1131 2686; x_wconf 86' lang='lat' dir='ltr'><strong>oblitteratae</strong></span> <span class='ocrx_word' id='word_1_195' title='bbox 1156 2621 1228 2685; x_wconf 86' lang='lat' dir='ltr'><strong>sint</strong></span> <span class='ocrx_word' id='word_1_196' title='bbox 1261 2621 1377 2703; x_wconf 87' lang='lat' dir='ltr'><strong>quibus</strong></span> <span class='ocrx_word' id='word_1_197' title='bbox 1400 2621 1432 2686; x_wconf 89' lang='lat' dir='ltr'><strong>iu</strong></span> 
     </span>
     <span class='ocr_line' id='line_1_22' title="bbox 206 2727 1432 2812; baseline -0.003 -17"><span class='ocrx_word' id='word_1_198' title='bbox 206 2731 302 2797; x_wconf 91' lang='lat' dir='ltr'><strong>rebus</strong></span> <span class='ocrx_word' id='word_1_199' title='bbox 325 2729 484 2794; x_wconf 84' lang='lat' dir='ltr'><strong>librumE</strong></span> <span class='ocrx_word' id='word_1_200' title='bbox 508 2729 602 2793; x_wconf 88' lang='lat' dir='ltr'><strong>alteri</strong></span> <span class='ocrx_word' id='word_1_201' title='bbox 627 2729 762 2794; x_wconf 88' lang='lat' dir='ltr'><strong>similem</strong></span> <span class='ocrx_word' id='word_1_202' title='bbox 786 2727 888 2794; x_wconf 84' lang='lat' dir='ltr'><strong>fuisse</strong></span> <span class='ocrx_word' id='word_1_203' title='bbox 909 2749 948 2794; x_wconf 85' lang='lat' dir='ltr'><strong>ex</strong></span> <span class='ocrx_word' id='word_1_204' title='bbox 963 2727 1235 2812; x_wconf 86' lang='lat' dir='ltr'><strong>descriptionibus</strong></span> <span class='ocrx_word' id='word_1_205' title='bbox 1251 2727 1432 2794; x_wconf 77' lang='lat' dir='ltr'><strong>lrmiaoheri</strong></span> 
     </span>
     <span class='ocr_line' id='line_1_23' title="bbox 205 2833 1432 2919; baseline -0.002 -17"><span class='ocrx_word' id='word_1_206' title='bbox 205 2845 238 2902; x_wconf 89' lang='lat' dir='ltr'><strong>et</strong></span> <span class='ocrx_word' id='word_1_207' title='bbox 261 2835 404 2902; x_wconf 87' lang='lat' dir='ltr'><strong>Harlesii</strong></span> <span class='ocrx_word' id='word_1_208' title='bbox 427 2835 613 2901; x_wconf 84' lang='lat' dir='ltr'><strong>comeaeris.</strong></span> <span class='ocrx_word' id='word_1_209' title='bbox 660 2834 774 2902; x_wconf 88' lang='lat' dir='ltr'><strong>eadem</strong></span> <span class='ocrx_word' id='word_1_210' title='bbox 798 2835 975 2901; x_wconf 87' lang='lat' dir='ltr'><strong>scribarum</strong></span> <span class='ocrx_word' id='word_1_211' title='bbox 999 2833 1171 2918; x_wconf 86' lang='lat' dir='ltr'><strong>diligentia</strong></span> <span class='ocrx_word' id='word_1_212' title='bbox 1194 2833 1344 2900; x_wconf 86' lang='lat' dir='ltr'><strong>effectum</strong></span> <span class='ocrx_word' id='word_1_213' title='bbox 1373 2847 1432 2919; x_wconf 80' lang='lat' dir='ltr'><strong>est,</strong></span> 
     </span>
     <span class='ocr_line' id='line_1_24' title="bbox 204 2940 1432 3026; baseline -0.001 -19"><span class='ocrx_word' id='word_1_214' title='bbox 204 2950 247 3026; x_wconf 84' lang='lat' dir='ltr'><strong>ut,</strong></span> <span class='ocrx_word' id='word_1_215' title='bbox 276 2963 470 3026; x_wconf 88' lang='lat' dir='ltr'><strong>quamquam</strong></span> <span class='ocrx_word' id='word_1_216' title='bbox 498 2941 706 3025; x_wconf 88' lang='lat' dir='ltr'><strong>archetypon,</strong></span> <span class='ocrx_word' id='word_1_217' title='bbox 736 2962 776 3007; x_wconf 84' lang='lat' dir='ltr'><strong>ex</strong></span> <span class='ocrx_word' id='word_1_218' title='bbox 804 2961 867 3026; x_wconf 93' lang='lat' dir='ltr'><strong>quo</strong></span> <span class='ocrx_word' id='word_1_219' title='bbox 891 2941 939 3005; x_wconf 92' lang='lat' dir='ltr'><strong>illi</strong></span> <span class='ocrx_word' id='word_1_220' title='bbox 963 2940 1101 3006; x_wconf 88' lang='lat' dir='ltr'><strong>derivati</strong></span> <span class='ocrx_word' id='word_1_221' title='bbox 1126 2948 1208 3023; x_wconf 63' lang='lat' dir='ltr'><strong>aunt,</strong></span> <span class='ocrx_word' id='word_1_222' title='bbox 1235 2941 1337 3006; x_wconf 90' lang='lat' dir='ltr'><strong>multa</strong></span> <span class='ocrx_word' id='word_1_223' title='bbox 1360 2961 1432 3006; x_wconf 91' lang='lat' dir='ltr'><strong>oum</strong></span> 
     </span>
     <span class='ocr_line' id='line_1_25' title="bbox 204 3046 1431 3135; baseline 0 -22"><span class='ocrx_word' id='word_1_224' title='bbox 204 3051 272 3135; x_wconf 92' lang='lat' dir='ltr'><strong>Pp</strong></span> <span class='ocrx_word' id='word_1_225' title='bbox 307 3048 488 3112; x_wconf 89' lang='lat' dir='ltr'><strong>eommunia</strong></span> <span class='ocrx_word' id='word_1_226' title='bbox 520 3046 675 3130; x_wconf 88' lang='lat' dir='ltr'><strong>habehat,</strong></span> <span class='ocrx_word' id='word_1_227' title='bbox 707 3049 813 3113; x_wconf 90' lang='lat' dir='ltr'><strong>honae</strong></span> <span class='ocrx_word' id='word_1_228' title='bbox 846 3046 1007 3131; x_wconf 90' lang='lat' dir='ltr'><strong>quaedam</strong></span> <span class='ocrx_word' id='word_1_229' title='bbox 1035 3047 1191 3112; x_wconf 87' lang='lat' dir='ltr'><strong>lectiones</strong></span> <span class='ocrx_word' id='word_1_230' title='bbox 1220 3057 1431 3114; x_wconf 87' lang='lat' dir='ltr'><strong>servarentur.</strong></span> 
     </span>
    </p>
   </div>
   <div class='ocr_carea' id='block_1_3' title="bbox 205 3150 1590 3246">
    <p class='ocr_par' dir='ltr' id='par_1_4' title="bbox 205 3150 1590 3246">
     <span class='ocr_line' id='line_1_26' title="bbox 205 3150 1590 3246; baseline 0 -26"><span class='ocrx_word' id='word_1_231' title='bbox 205 3175 338 3237; x_wconf 86' lang='lat' dir='ltr'><strong>quarum</strong></span> <span class='ocrx_word' id='word_1_232' title='bbox 363 3175 447 3238; x_wconf 87' lang='lat' dir='ltr'><strong>quae</strong></span> <span class='ocrx_word' id='word_1_233' title='bbox 469 3155 631 3220; x_wconf 89' lang='lat' dir='ltr'><strong>mentione</strong></span> <span class='ocrx_word' id='word_1_234' title='bbox 654 3153 868 3237; x_wconf 84' lang='lat' dir='ltr'><strong>dignissimae</strong></span> <span class='ocrx_word' id='word_1_235' title='bbox 890 3153 968 3218; x_wconf 93' lang='lat' dir='ltr'><strong>mihi</strong></span> <span class='ocrx_word' id='word_1_236' title='bbox 991 3155 1083 3220; x_wconf 84' lang='lat' dir='ltr'><strong>visae</strong></span> <span class='ocrx_word' id='word_1_237' title='bbox 1107 3161 1181 3220; x_wconf 89' lang='lat' dir='ltr'><strong>sunt</strong></span> <span class='ocrx_word' id='word_1_238' title='bbox 1201 3153 1255 3219; x_wconf 90' lang='lat' dir='ltr'><strong>hic</strong></span> <span class='ocrx_word' id='word_1_239' title='bbox 1271 3175 1430 3240; x_wconf 88' lang='lat' dir='ltr'><strong>propono:</strong></span> <span class='ocrx_word' id='word_1_240' title='bbox 1525 3236 1529 3246; x_wconf 29' lang='grc'>1</span> <span class='ocrx_word' id='word_1_241' title='bbox 1582 3150 1590 3161; x_wconf 84' lang='grc'><em>“</em></span> 
     </span>
    </p>
   </div>
   <div class='ocr_carea' id='block_1_4' title="bbox 202 3278 1433 4113">
    <p class='ocr_par' dir='ltr' id='par_1_5' title="bbox 202 3278 1433 4113">
     <span class='ocr_line' id='line_1_27' title="bbox 293 3278 1433 3366; baseline 0 -22"><span class='ocrx_word' id='word_1_242' title='bbox 293 3280 387 3362; x_wconf 83' lang='grc'><strong>13,3</strong></span> <span class='ocrx_word' id='word_1_243' title='bbox 406 3279 446 3344; x_wconf 92' lang='lat' dir='ltr'>W</span> <span class='ocrx_word' id='word_1_244' title='bbox 460 3278 573 3344; x_wconf 83' lang='lat' dir='ltr'><strong>hehet:</strong></span> <span class='ocrx_word' id='word_1_245' title='bbox 601 3279 682 3362; x_wconf 72' lang='lat' dir='ltr'><strong>Quid</strong></span> <span class='ocrx_word' id='word_1_246' title='bbox 700 3287 754 3344; x_wconf 86' lang='lat' dir='ltr'><strong>est</strong></span> <span class='ocrx_word' id='word_1_247' title='bbox 772 3301 857 3361; x_wconf 83' lang='lat' dir='ltr'><strong>erpo</strong></span> <span class='ocrx_word' id='word_1_248' title='bbox 876 3299 990 3366; x_wconf 82' lang='lat' dir='ltr'><strong>quare</strong></span> <span class='ocrx_word' id='word_1_249' title='bbox 1011 3280 1076 3342; x_wconf 85' lang='lat' dir='ltr'><strong>ullo</strong></span> <span class='ocrx_word' id='word_1_250' title='bbox 1097 3279 1192 3343; x_wconf 83' lang='lat' dir='ltr'><strong>aerbo</strong></span> <span class='ocrx_word' id='word_1_251' title='bbox 1215 3300 1318 3344; x_wconf 86' lang='lat' dir='ltr'><strong>coram</strong></span> <span class='ocrx_word' id='word_1_252' title='bbox 1335 3283 1433 3344; x_wconf 82' lang='lat' dir='ltr'><strong>amieo</strong></span> 
     </span>
     <span class='ocr_line' id='line_1_28' title="bbox 204 3384 1432 3470; baseline -0.001 -19"><span class='ocrx_word' id='word_1_253' title='bbox 204 3409 271 3452; x_wconf 85' lang='lat' dir='ltr'><strong>meo</strong></span> <span class='ocrx_word' id='word_1_254' title='bbox 294 3388 467 3452; x_wconf 74' lang='lat' dir='ltr'><strong>retraham?</strong></span> <span class='ocrx_word' id='word_1_255' title='bbox 490 3405 574 3468; x_wconf 90' lang='lat' dir='ltr'><strong>quae</strong></span> <span class='ocrx_word' id='word_1_256' title='bbox 598 3385 758 3470; x_wconf 90' lang='lat' dir='ltr'><strong>scriptura</strong></span> <span class='ocrx_word' id='word_1_257' title='bbox 778 3392 854 3452; x_wconf 92' lang='lat' dir='ltr'><strong>ante</strong></span> <span class='ocrx_word' id='word_1_258' title='bbox 869 3384 1214 3467; x_wconf 86' lang='lat' dir='ltr'><strong>Schweighaeuserum</strong></span> <span class='ocrx_word' id='word_1_259' title='bbox 1227 3387 1270 3448; x_wconf 85' lang='lat' dir='ltr'><strong>ah</strong></span> <span class='ocrx_word' id='word_1_260' title='bbox 1286 3386 1432 3450; x_wconf 89' lang='lat' dir='ltr'><strong>omnihus</strong></span> 
     </span>
     <span class='ocr_line' id='line_1_29' title="bbox 204 3490 1433 3578; baseline -0.002 -20"><span class='ocrx_word' id='word_1_261' title='bbox 204 3492 381 3559; x_wconf 91' lang='lat' dir='ltr'><strong>editoribus</strong></span> <span class='ocrx_word' id='word_1_262' title='bbox 404 3500 537 3578; x_wconf 87' lang='lat' dir='ltr'><strong>recepta</strong></span> <span class='ocrx_word' id='word_1_263' title='bbox 560 3492 866 3558; x_wconf 83' lang='lat' dir='ltr'><strong>commendatoriis</strong></span> <span class='ocrx_word' id='word_1_264' title='bbox 889 3512 974 3575; x_wconf 88' lang='lat' dir='ltr'><strong>quae</strong></span> <span class='ocrx_word' id='word_1_265' title='bbox 997 3491 1029 3555; x_wconf 92' lang='lat' dir='ltr'><strong>in</strong></span> <span class='ocrx_word' id='word_1_266' title='bbox 1054 3490 1079 3555; x_wconf 87' lang='grc' dir='ltr'>Ε</span> <span class='ocrx_word' id='word_1_267' title='bbox 1103 3497 1229 3557; x_wconf 73' lang='lat' dir='ltr'><strong>eatam:</strong></span> <span class='ocrx_word' id='word_1_268' title='bbox 1256 3494 1337 3574; x_wconf 67' lang='lat' dir='ltr'><strong>Quid</strong></span> <span class='ocrx_word' id='word_1_269' title='bbox 1359 3497 1433 3556; x_wconf 71' lang='lat' dir='ltr'><strong>est?</strong></span> 
     </span>
     <span class='ocr_line' id='line_1_30' title="bbox 204 3599 1431 3690; baseline -0.001 -25"><span class='ocrx_word' id='word_1_270' title='bbox 204 3624 318 3690; x_wconf 77' lang='lat' dir='ltr'><strong>quare</strong></span> <span class='ocrx_word' id='word_1_271' title='bbox 341 3623 424 3684; x_wconf 81' lang='lat' dir='ltr'><strong>erpo</strong></span> <span class='ocrx_word' id='word_1_272' title='bbox 446 3603 523 3666; x_wconf 87' lang='lat' dir='ltr'><strong>ulla</strong></span> <span class='ocrx_word' id='word_1_273' title='bbox 551 3607 584 3666; x_wconf 90' lang='lat' dir='ltr'><strong>et</strong></span> <span class='ocrx_word' id='word_1_274' title='bbox 605 3600 683 3684; x_wconf 90' lang='lat' dir='ltr'><strong>inp</strong></span> <span class='ocrx_word' id='word_1_275' title='bbox 715 3601 795 3683; x_wconf 73' lang='lat' dir='ltr'><strong>Quid</strong></span> <span class='ocrx_word' id='word_1_276' title='bbox 822 3603 893 3665; x_wconf 72' lang='lat' dir='ltr'><strong>est?</strong></span> <span class='ocrx_word' id='word_1_277' title='bbox 920 3621 1035 3688; x_wconf 81' lang='lat' dir='ltr'><strong>qnare</strong></span> <span class='ocrx_word' id='word_1_278' title='bbox 1063 3619 1124 3681; x_wconf 79' lang='lat' dir='ltr'><strong>epo</strong></span> <span class='ocrx_word' id='word_1_279' title='bbox 1148 3599 1241 3678; x_wconf 81' lang='lat' dir='ltr'><strong>(corr.</strong></span> <span class='ocrx_word' id='word_1_280' title='bbox 1265 3617 1306 3663; x_wconf 84' lang='lat' dir='ltr'><strong>ex</strong></span> <span class='ocrx_word' id='word_1_281' title='bbox 1333 3599 1431 3685; x_wconf 78' lang='lat' dir='ltr'><strong>erpo)</strong></span> 
     </span>
     <span class='ocr_line' id='line_1_31' title="bbox 203 3703 1431 3790; baseline -0.001 -19"><span class='ocrx_word' id='word_1_282' title='bbox 203 3711 296 3789; x_wconf 79' lang='lat' dir='ltr'><strong>ullo3</strong></span> <span class='ocrx_word' id='word_1_283' title='bbox 334 3708 375 3773; x_wconf 93' lang='lat' dir='ltr'><strong>de</strong></span> <span class='ocrx_word' id='word_1_284' title='bbox 407 3707 434 3771; x_wconf 93' lang='grc' dir='ltr'>Ε</span> <span class='ocrx_word' id='word_1_285' title='bbox 467 3714 554 3772; x_wconf 88' lang='lat' dir='ltr'><strong>tacet</strong></span> <span class='ocrx_word' id='word_1_286' title='bbox 583 3707 763 3773; x_wconf 83' lang='lat' dir='ltr'><strong>Fickertus.</strong></span> <span class='ocrx_word' id='word_1_287' title='bbox 790 3742 833 3754; x_wconf 91' lang='lat'><em>-</em></span> <span class='ocrx_word' id='word_1_288' title='bbox 861 3709 935 3790; x_wconf 89' lang='grc'><strong>6,6</strong></span> <span class='ocrx_word' id='word_1_289' title='bbox 967 3705 1000 3770; x_wconf 90' lang='lat' dir='ltr'><strong>in</strong></span> <span class='ocrx_word' id='word_1_290' title='bbox 1032 3705 1123 3769; x_wconf 81' lang='lat' dir='ltr'><strong>EW</strong></span> <span class='ocrx_word' id='word_1_291' title='bbox 1156 3703 1237 3768; x_wconf 89' lang='lat' dir='ltr'><strong>haec</strong></span> <span class='ocrx_word' id='word_1_292' title='bbox 1268 3706 1431 3788; x_wconf 88' lang='lat' dir='ltr'><strong>leguntur:</strong></span> 
     </span>
     <span class='ocr_line' id='line_1_32' title="bbox 205 3813 1433 3898; baseline 0 -20"><span class='ocrx_word' id='word_1_293' title='bbox 205 3817 356 3880; x_wconf 82' lang='lat' dir='ltr'><strong>Zenonem</strong></span> <span class='ocrx_word' id='word_1_294' title='bbox 383 3815 541 3879; x_wconf 83' lang='lat' dir='ltr'><strong>Cleanthes</strong></span> <span class='ocrx_word' id='word_1_295' title='bbox 563 3835 626 3879; x_wconf 83' lang='lat' dir='ltr'><strong>aon</strong></span> <span class='ocrx_word' id='word_1_296' title='bbox 650 3817 857 3898; x_wconf 68' lang='lat' dir='ltr'><strong>expressisset,</strong></span> <span class='ocrx_word' id='word_1_297' title='bbox 886 3817 914 3878; x_wconf 82' lang='lat' dir='ltr'><strong>sl</strong></span> <span class='ocrx_word' id='word_1_298' title='bbox 941 3813 1147 3878; x_wconf 76' lang='lat' dir='ltr'><strong>tantummodo</strong></span> <span class='ocrx_word' id='word_1_299' title='bbox 1174 3813 1318 3877; x_wconf 83' lang='lat' dir='ltr'><strong>audisset.</strong></span> <span class='ocrx_word' id='word_1_300' title='bbox 1350 3816 1433 3878; x_wconf 82' lang='lat' dir='ltr'><strong>ailae</strong></span> 
     </span>
     <span class='ocr_line' id='line_1_33' title="bbox 204 3917 1415 4006; baseline -0.002 -19"><span class='ocrx_word' id='word_1_301' title='bbox 204 3926 269 3987; x_wconf 77' lang='lat' dir='ltr'><strong>eius</strong></span> <span class='ocrx_word' id='word_1_302' title='bbox 297 3925 450 4006; x_wconf 77' lang='lat' dir='ltr'><strong>interfuit,</strong></span> <span class='ocrx_word' id='word_1_303' title='bbox 478 3928 596 3986; x_wconf 84' lang='lat' dir='ltr'><strong>secreta</strong></span> <span class='ocrx_word' id='word_1_304' title='bbox 613 3924 783 4005; x_wconf 72' lang='lat' dir='ltr'><strong>perspeait,</strong></span> <span class='ocrx_word' id='word_1_305' title='bbox 811 3921 1032 3986; x_wconf 83' lang='lat' dir='ltr'><strong>obseruabat</strong></span> <span class='ocrx_word' id='word_1_306' title='bbox 1055 3917 1282 4004; x_wconf 79' lang='lat' dir='ltr'><strong>(ohseraaail</strong></span> <span class='ocrx_word' id='word_1_307' title='bbox 1305 3918 1347 4002; x_wconf 74' lang='lat'><strong>1³3</strong></span> <span class='ocrx_word' id='word_1_308' title='bbox 1375 3921 1415 3985; x_wconf 85' lang='lat' dir='ltr'><strong>oh</strong></span> 
     </span>
     <span class='ocr_line' id='line_1_34' title="bbox 202 4023 1432 4113; baseline -0.002 -19"><span class='ocrx_word' id='word_1_309' title='bbox 202 4031 366 4094; x_wconf 75' lang='lat' dir='ltr'><strong>sordescit</strong></span> <span class='ocrx_word' id='word_1_310' title='bbox 392 4027 428 4112; x_wconf 85' lang='lat' dir='ltr'><strong>F,</strong></span> <span class='ocrx_word' id='word_1_311' title='bbox 457 4026 516 4092; x_wconf 87' lang='lat' dir='ltr'><strong>sed</strong></span> <span class='ocrx_word' id='word_1_312' title='bbox 544 4047 644 4113; x_wconf 79' lang='lat' dir='ltr'><strong>supra</strong></span> <span class='ocrx_word' id='word_1_313' title='bbox 666 4027 878 4111; x_wconf 91' lang='lat' dir='ltr'><strong>posteriorem</strong></span> <span class='ocrx_word' id='word_1_314' title='bbox 902 4027 919 4090; x_wconf 87' lang='lat' dir='ltr'><strong>h</strong></span> <span class='ocrx_word' id='word_1_315' title='bbox 942 4026 1051 4110; x_wconf 89' lang='lat' dir='ltr'><strong>posita</strong></span> <span class='ocrx_word' id='word_1_316' title='bbox 1075 4033 1126 4093; x_wconf 87' lang='lat' dir='ltr'><strong>est</strong></span> <span class='ocrx_word' id='word_1_317' title='bbox 1152 4023 1189 4112; x_wconf 86' lang='lat' dir='ltr'><strong>a)</strong></span> <span class='ocrx_word' id='word_1_318' title='bbox 1219 4028 1306 4090; x_wconf 82' lang='lat' dir='ltr'><strong>illum</strong></span> <span class='ocrx_word' id='word_1_319' title='bbox 1327 4049 1370 4092; x_wconf 83' lang='lat' dir='ltr'><strong>aa</strong></span> <span class='ocrx_word' id='word_1_320' title='bbox 1392 4049 1432 4092; x_wconf 79' lang='lat' dir='ltr'><strong>ea</strong></span> 
     </span>
    </p>
   </div>
   <div class='ocr_carea' id='block_1_5' title="bbox 204 4175 413 4182">
    <p class='ocr_par' dir='ltr' id='par_1_6' title="bbox 204 4175 413 4182">
     <span class='ocr_line' id='line_1_35' title="bbox 204 4175 413 4182; baseline -0.014 0"><span class='ocrx_word' id='word_1_321' title='bbox 204 4175 413 4182; x_wconf 74' lang='lat'><em>——-—-.--</em></span> 
     </span>
    </p>
   </div>
   <div class='ocr_carea' id='block_1_6' title="bbox 200 4239 1434 4757">
    <p class='ocr_par' dir='ltr' id='par_1_7' title="bbox 200 4239 1434 4757">
     <span class='ocr_line' id='line_1_36' title="bbox 292 4239 1432 4308; baseline 0.002 -14"><span class='ocrx_word' id='word_1_322' title='bbox 292 4240 328 4308; x_wconf 74' lang='lat'><strong>⁶⁴)</strong></span> <span class='ocrx_word' id='word_1_323' title='bbox 347 4241 436 4295; x_wconf 86' lang='lat' dir='ltr'><strong>multo</strong></span> <span class='ocrx_word' id='word_1_324' title='bbox 459 4241 549 4294; x_wconf 88' lang='lat' dir='ltr'><strong>minor</strong></span> <span class='ocrx_word' id='word_1_325' title='bbox 571 4258 665 4296; x_wconf 90' lang='lat' dir='ltr'><strong>eorum</strong></span> <span class='ocrx_word' id='word_1_326' title='bbox 689 4241 809 4296; x_wconf 86' lang='lat' dir='ltr'><strong>locorum</strong></span> <span class='ocrx_word' id='word_1_327' title='bbox 832 4243 874 4294; x_wconf 86' lang='lat' dir='ltr'><strong>est</strong></span> <span class='ocrx_word' id='word_1_328' title='bbox 897 4257 1026 4295; x_wconf 84' lang='lat' dir='ltr'><strong>numerus</strong></span> <span class='ocrx_word' id='word_1_329' title='bbox 1050 4239 1150 4308; x_wconf 89' lang='lat' dir='ltr'><strong>quibus</strong></span> <span class='ocrx_word' id='word_1_330' title='bbox 1168 4239 1204 4292; x_wconf 88' lang='lat' dir='ltr'>W</span> <span class='ocrx_word' id='word_1_331' title='bbox 1224 4242 1253 4294; x_wconf 86' lang='lat' dir='ltr'><strong>et</strong></span> <span class='ocrx_word' id='word_1_332' title='bbox 1271 4241 1293 4294; x_wconf 87' lang='grc' dir='ltr'>Ε</span> <span class='ocrx_word' id='word_1_333' title='bbox 1312 4240 1386 4296; x_wconf 86' lang='lat' dir='ltr'><strong>inter</strong></span> <span class='ocrx_word' id='word_1_334' title='bbox 1403 4258 1432 4296; x_wconf 86' lang='lat' dir='ltr'><strong>se</strong></span> 
     </span>
     <span class='ocr_line' id='line_1_37' title="bbox 201 4328 1431 4399; baseline 0 -15"><span class='ocrx_word' id='word_1_335' title='bbox 201 4330 340 4385; x_wconf 83' lang='lat' dir='ltr'><strong>differunt.</strong></span> <span class='ocrx_word' id='word_1_336' title='bbox 369 4329 475 4386; x_wconf 85' lang='lat' dir='ltr'><strong>accedit</strong></span> <span class='ocrx_word' id='word_1_337' title='bbox 494 4329 568 4399; x_wconf 90' lang='lat' dir='ltr'><strong>quod</strong></span> <span class='ocrx_word' id='word_1_338' title='bbox 586 4331 643 4385; x_wconf 83' lang='lat' dir='ltr'><strong>fere</strong></span> <span class='ocrx_word' id='word_1_339' title='bbox 662 4331 755 4386; x_wconf 89' lang='lat' dir='ltr'><strong>omnia</strong></span> <span class='ocrx_word' id='word_1_340' title='bbox 773 4331 841 4384; x_wconf 87' lang='lat' dir='ltr'><strong>haee</strong></span> <span class='ocrx_word' id='word_1_341' title='bbox 855 4328 974 4384; x_wconf 82' lang='lat' dir='ltr'><strong>levicula</strong></span> <span class='ocrx_word' id='word_1_342' title='bbox 988 4333 1052 4384; x_wconf 86' lang='lat' dir='ltr'><strong>sunt</strong></span> <span class='ocrx_word' id='word_1_343' title='bbox 1072 4329 1138 4396; x_wconf 80' lang='lat'>(12,</span> <span class='ocrx_word' id='word_1_344' title='bbox 1155 4331 1171 4382; x_wconf 80' lang='lat'>5</span> <span class='ocrx_word' id='word_1_345' title='bbox 1190 4331 1263 4383; x_wconf 79' lang='lat' dir='ltr'><strong>olio</strong></span> <span class='ocrx_word' id='word_1_346' title='bbox 1281 4348 1382 4386; x_wconf 77' lang='lat' dir='ltr'><strong>causo</strong></span> <span class='ocrx_word' id='word_1_347' title='bbox 1400 4331 1431 4394; x_wconf 84' lang='lat' dir='ltr'><strong>E,</strong></span> 
     </span>
     <span class='ocr_line' id='line_1_38' title="bbox 201 4419 1433 4487; baseline 0 -13"><span class='ocrx_word' id='word_1_348' title='bbox 201 4423 272 4474; x_wconf 81' lang='lat' dir='ltr'><strong>alia</strong></span> <span class='ocrx_word' id='word_1_349' title='bbox 299 4429 417 4474; x_wconf 79' lang='lat' dir='ltr'><strong>castro</strong></span> <span class='ocrx_word' id='word_1_350' title='bbox 440 4419 486 4486; x_wconf 87' lang='lat' dir='ltr'><strong>W;</strong></span> <span class='ocrx_word' id='word_1_351' title='bbox 514 4421 539 4485; x_wconf 87' lang='lat'><strong>5,</strong></span> <span class='ocrx_word' id='word_1_352' title='bbox 563 4421 580 4474; x_wconf 88' lang='grc'><strong>4</strong></span> <span class='ocrx_word' id='word_1_353' title='bbox 608 4421 774 4474; x_wconf 77' lang='lat' dir='ltr'><strong>uirilibus</strong></span> <span class='ocrx_word' id='word_1_354' title='bbox 802 4422 853 4473; x_wconf 79' lang='lat' dir='ltr'><strong>uti</strong></span> <span class='ocrx_word' id='word_1_355' title='bbox 879 4427 908 4473; x_wconf 79' lang='lat' dir='ltr'><strong>at</strong></span> <span class='ocrx_word' id='word_1_356' title='bbox 935 4422 1016 4473; x_wconf 68' lang='lat' dir='ltr'><strong>entis</strong></span> <span class='ocrx_word' id='word_1_357' title='bbox 1044 4419 1080 4483; x_wconf 86' lang='lat' dir='ltr'><strong>E,</strong></span> <span class='ocrx_word' id='word_1_358' title='bbox 1111 4420 1274 4487; x_wconf 61' lang='lat' dir='ltr'><strong>uirilibus</strong></span> <span class='ocrx_word' id='word_1_359' title='bbox 1301 4423 1352 4474; x_wconf 79' lang='lat' dir='ltr'><strong>uti</strong></span> <span class='ocrx_word' id='word_1_360' title='bbox 1378 4421 1433 4474; x_wconf 82' lang='lat' dir='ltr'><strong>sed</strong></span> 
     </span>
     <span class='ocr_line' id='line_1_39' title="bbox 200 4506 1431 4577; baseline 0 -15"><span class='ocrx_word' id='word_1_361' title='bbox 200 4513 279 4564; x_wconf 75' lang='lat' dir='ltr'><strong>certis</strong></span> <span class='ocrx_word' id='word_1_362' title='bbox 298 4508 346 4574; x_wconf 90' lang='lat' dir='ltr'><strong>W)</strong></span> <span class='ocrx_word' id='word_1_363' title='bbox 364 4525 453 4576; x_wconf 90' lang='lat' dir='ltr'><strong>neque</strong></span> <span class='ocrx_word' id='word_1_364' title='bbox 472 4508 506 4562; x_wconf 91' lang='lat' dir='ltr'><strong>iis</strong></span> <span class='ocrx_word' id='word_1_365' title='bbox 526 4525 597 4577; x_wconf 85' lang='lat' dir='ltr'><strong>quae</strong></span> <span class='ocrx_word' id='word_1_366' title='bbox 615 4508 758 4562; x_wconf 85' lang='lat' dir='ltr'><strong>Fickertus</strong></span> <span class='ocrx_word' id='word_1_367' title='bbox 782 4507 815 4562; x_wconf 92' lang='lat' dir='ltr'><strong>de</strong></span> <span class='ocrx_word' id='word_1_368' title='bbox 838 4508 861 4561; x_wconf 88' lang='grc' dir='ltr'>Ε</span> <span class='ocrx_word' id='word_1_369' title='bbox 880 4506 997 4562; x_wconf 86' lang='lat' dir='ltr'><strong>tradidit</strong></span> <span class='ocrx_word' id='word_1_370' title='bbox 1020 4507 1123 4576; x_wconf 88' lang='lat' dir='ltr'><strong>ubique</strong></span> <span class='ocrx_word' id='word_1_371' title='bbox 1141 4509 1248 4564; x_wconf 87' lang='lat' dir='ltr'><strong>eredere</strong></span> <span class='ocrx_word' id='word_1_372' title='bbox 1271 4508 1345 4576; x_wconf 84' lang='lat' dir='ltr'><strong>lieet,</strong></span> <span class='ocrx_word' id='word_1_373' title='bbox 1369 4525 1431 4564; x_wconf 88' lang='lat' dir='ltr'><strong>cum</strong></span> 
     </span>
     <span class='ocr_line' id='line_1_40' title="bbox 202 4595 1434 4668; baseline 0 -16"><span class='ocrx_word' id='word_1_374' title='bbox 202 4599 333 4667; x_wconf 85' lang='lat' dir='ltr'><strong>pauciora</strong></span> <span class='ocrx_word' id='word_1_375' title='bbox 352 4615 385 4652; x_wconf 86' lang='lat' dir='ltr'><strong>ex</strong></span> <span class='ocrx_word' id='word_1_376' title='bbox 404 4615 435 4652; x_wconf 90' lang='lat' dir='ltr'><strong>eo</strong></span> <span class='ocrx_word' id='word_1_377' title='bbox 454 4601 582 4667; x_wconf 85' lang='lat' dir='ltr'><strong>excerpta</strong></span> <span class='ocrx_word' id='word_1_378' title='bbox 601 4615 657 4651; x_wconf 87' lang='lat' dir='ltr'><strong>esse</strong></span> <span class='ocrx_word' id='word_1_379' title='bbox 676 4597 734 4666; x_wconf 85' lang='lat' dir='ltr'><strong>ipse</strong></span> <span class='ocrx_word' id='word_1_380' title='bbox 752 4596 887 4666; x_wconf 85' lang='lat' dir='ltr'><strong>professus</strong></span> <span class='ocrx_word' id='word_1_381' title='bbox 905 4595 943 4650; x_wconf 90' lang='lat' dir='ltr'><strong>sit</strong></span> <span class='ocrx_word' id='word_1_382' title='bbox 961 4596 1027 4664; x_wconf 85' lang='lat' dir='ltr'><strong>(vol.</strong></span> <span class='ocrx_word' id='word_1_383' title='bbox 1047 4597 1059 4651; x_wconf 96' lang='lat' dir='ltr'><strong>l</strong></span> <span class='ocrx_word' id='word_1_384' title='bbox 1078 4615 1105 4666; x_wconf 91' lang='lat' dir='ltr'><strong>p.</strong></span> <span class='ocrx_word' id='word_1_385' title='bbox 1124 4597 1201 4664; x_wconf 84' lang='lat' dir='ltr'>XXI)</span> <span class='ocrx_word' id='word_1_386' title='bbox 1220 4602 1249 4653; x_wconf 90' lang='lat' dir='ltr'><strong>et</strong></span> <span class='ocrx_word' id='word_1_387' title='bbox 1266 4615 1348 4668; x_wconf 88' lang='lat' dir='ltr'><strong>saepe</strong></span> <span class='ocrx_word' id='word_1_388' title='bbox 1365 4601 1434 4654; x_wconf 82' lang='lat' dir='ltr'><strong>nota</strong></span> 
     </span>
     <span class='ocr_line' id='line_1_41' title="bbox 201 4685 1213 4757; baseline 0.001 -17"><span class='ocrx_word' id='word_1_389' title='bbox 201 4687 223 4740; x_wconf 88' lang='grc' dir='ltr'>Ε</span> <span class='ocrx_word' id='word_1_390' title='bbox 244 4687 321 4742; x_wconf 85' lang='lat' dir='ltr'><strong>uncie</strong></span> <span class='ocrx_word' id='word_1_391' title='bbox 340 4687 447 4742; x_wconf 84' lang='lat' dir='ltr'><strong>inclusa</strong></span> <span class='ocrx_word' id='word_1_392' title='bbox 465 4685 629 4757; x_wconf 85' lang='lat' dir='ltr'><strong>significarit</strong></span> <span class='ocrx_word' id='word_1_393' title='bbox 647 4686 699 4741; x_wconf 85' lang='lat' dir='ltr'><strong>sibi</strong></span> <span class='ocrx_word' id='word_1_394' title='bbox 718 4686 751 4740; x_wconf 87' lang='lat' dir='ltr'><strong>de</strong></span> <span class='ocrx_word' id='word_1_395' title='bbox 769 4685 827 4740; x_wconf 88' lang='lat' dir='ltr'><strong>eius</strong></span> <span class='ocrx_word' id='word_1_396' title='bbox 846 4685 989 4754; x_wconf 82' lang='lat' dir='ltr'><strong>seripturis</strong></span> <span class='ocrx_word' id='word_1_397' title='bbox 1007 4703 1063 4740; x_wconf 90' lang='lat' dir='ltr'><strong>non</strong></span> <span class='ocrx_word' id='word_1_398' title='bbox 1081 4691 1213 4741; x_wconf 83' lang='lat' dir='ltr'><strong>constare.</strong></span> 
     </span>
    </p>
   </div>
   <div class='ocr_carea' id='block_1_7' title="bbox 0 0 1764 5244">
    <p class='ocr_par' dir='ltr' id='par_1_8' title="bbox 0 0 1764 5244">
     <span class='ocr_line' id='line_1_42' title="bbox 0 0 1764 5244; baseline 0 0"><span class='ocrx_word' id='word_1_399' title='bbox 0 0 1764 5244; x_wconf 95' lang='lat' dir='ltr'><strong> </strong></span> 
     </span>
    </p>
   </div>
  </div>
 </body>
</html>
