3598 5226
917 367 979 432 102

334 596 402 680 gin.
425 615 473 680 ap.
494 597 595 660 Anon.
618 595 651 659 in
673 594 821 678 Hermog.
844 592 908 658 VH
930 593 1001 671 984,
1024 593 1044 655 5
1066 592 1121 656 W:
1146 585 1270 655 ίιυνικοί
1294 639 1351 654 ...
1374 587 1554 666 καλοῦνται,

339 689 456 785 ἐπειδὴ
476 693 590 762 Ἰώνων
611 692 695 763 εἰσίν
716 691 836 785 εὕρημα
857 686 1006 780 μαλακὸν
1027 689 1065 761 τὸ
1087 691 1206 781 μέτρον
1227 691 1283 759 καί
1304 685 1556 781 τριψερῶτατον,

336 787 363 890 ᾦ
390 799 445 868 καί
472 796 624 889 Σωτάδης
652 796 819 888 ἐχρήσατο,
848 795 893 880 ὥς
926 819 1027 888 φησιν
1058 800 1232 884 Λογγῖνος.
1282 800 1385 880 Atque
1412 795 1557 880 proclivis

336 909 386 971 est
412 905 650 972 coniecturam
679 906 788 972 eodem
811 905 952 987 Longino
983 903 1110 968 fluxuse
1139 902 1290 981 scholion,
1319 901 1401 984 quod
1422 899 1557 982 legimns

335 1009 417 1094 apud
427 1007 562 1074 eundem
572 1011 773 1093 Anonymum
787 1010 859 1087 982,
870 1009 889 1070 6
902 1027 982 1090 sqq,
995 1006 1078 1089 apud
1089 1005 1199 1070 Ioann.
1212 1005 1272 1070 Sic.
1281 1004 1327 1068 VI
1336 1005 1408 1082 241,
1422 1002 1557 1078 16-26,

335 1113 419 1197 apud
441 1112 568 1177 Maxim.
590 1112 680 1177 Plau.
701 1112 729 1176 V
751 1112 825 1188 492,
849 1111 1007 1187 30-493,
1033 1110 1072 1173 12
1093 1109 1149 1171 W:
1172 1099 1341 1194 ἆβρότεροι
1365 1103 1402 1189 ἐξ
1422 1100 1558 1194 ἀρχαίου

336 1209 368 1281 oi
381 1205 504 1294 Ἴωνες,
522 1209 568 1294 ῶς
583 1237 648 1280 που
664 1211 747 1296 soff)
764 1208 967 1300 Βακχυλίδης
981 1233 1017 1276 τε
1032 1203 1049 1275 ὁ
1065 1205 1193 1296 λυρικός
1211 1231 1321 1297 φησιν,
1344 1204 1362 1276 ὁ
1376 1205 1558 1293 Σιμωνίδου

335 1321 393 1384 τοῦ
425 1318 605 1401 μελοποιοῦ
637 1308 831 1404 ἀδελφιδοῦς
839 1319 875 1400 ¹),
897 1306 956 1381 τὸν
990 1317 1085 1402 σφῶν
1115 1306 1222 1380 αι’-τῶν
1252 1305 1380 1401 ῥυθμὸν
1408 1313 1557 1401 δηλῶνῐ)

336 1423 464 1505 (fragm.
487 1423 528 1486 42
550 1422 666 1506 Bergk)
685 1413 860 1508 Ἀβρότητι
882 1416 1030 1501 ξυνίασιν
1047 1408 1159 1496 Ἴωνες
1181 1407 1307 1501 (Ἰκόνιον
1321 1418 1438 1501 Bergk)
1460 1420 1558 1500 βασι-

336 1524 460 1612 λῆεςῧ)
483 1521 538 1589 καὶ
564 1519 765 1610 Θουκυδίδης
786 1519 820 1589 ἐν
840 1525 881 1610 τῇ
895 1517 1012 1610 πρῶτη
1028 1521 1058 1604 (Ι
1073 1540 1139 1606 cap.
1157 1521 1205 1604 6)·
1228 1515 1331 1586 καλοί
1346 1516 1558 1607 πρεσβίτεροι

339 1620 506 1693 αὐτῶν-
529 1629 664 1715 τριχῶν·
698 1616 755 1692 όιίι
784 1629 887 1692 ταῦτα
919 1621 1085 1707 είκότιυς*)
1118 1620 1174 1688 καί
1201 1615 1240 1690 τὸ
1263 1619 1434 1708 ἐπώνυμον
1456 1617 1559 1689 αὐτῶν

269 1746 279 1760 ’
338 1727 458 1820 μέτρον
481 1725 693 1819 ἐκλυτυίτερόν
707 1752 743 1795 τε
758 1727 813 1795 καὶ
827 1720 975 1814 μαλακὸν
989 1726 1044 1793 καί
1060 1721 1205 1794 ἐναντίον
1219 1724 1392 1817 σεμνότητι
1401 1730 1435 1810 ⁶).
1467 1727 1558 1811 Apud

340 1853 441 1898 unum
462 1833 615 1899 Ioannem
636 1833 768 1912 invenio,
800 1853 880 1916 quae
903 1833 1006 1898 verbis
1029 1831 1192 1915 exscriptis
1219 1832 1412 1915 praecedunt
1433 1853 1463 1916 p.
1487 1835 1558 1911 241,

341 1939 397 2002 13:
420 1930 454 2003 οἱ
476 1930 601 2002 ίωνοιοὶ
622 1931 779 2024 καθάπερ
802 1934 857 2001 καί
872 1930 905 2002 οί
920 1931 1112 2024 ἐφευρόντες
1127 1924 1243 2012 αὐτοὺς
1256 1926 1367 2013 ’Ίωνες
1381 1931 1559 2018 βλακώόεις

343 2035 409 2106 είσί
431 2037 486 2106 καί
508 2033 554 2120 ῶς
575 2032 615 2106 ἷίν
629 2064 680 2118 τις
695 2033 774 2128 ε’ίπη
789 2035 926 2126 μόνιόες·
950 2032 969 2124 ἡ
986 2036 1023 2105 δὲ
1040 2034 1197 2125 σεμνότης
1211 2028 1343 2124 ἀνδρικὴ
1357 2035 1412 2102 καί
1426 2039 1561 2126 μεχαλο-

340 2139 482 2232 πρεπής,
510 2140 566 2210 καί
593 2135 651 2226 οὐχ
679 2132 748 2209 οίόν
772 2132 867 2208 τετὸ
889 2133 1043 2230 ἀπρεπὲς
1069 2131 1153 2226 μετὰ
1174 2145 1232 2207 τοῦ
1254 2143 1368 2224 σεμνοῦ
1389 2136 1560 2210 τίθεσθαι.

344 2247 431 2314 Conf.
452 2250 552 2314 Anon.
576 2247 717 2313 Ambros.
739 2268 770 2332 p.
794 2247 865 2324 262,
889 2249 908 2310 3
930 2246 961 2311 N
981 2274 1025 2302 =
1047 2247 1177 2323 221113
1201 2244 1262 2310 st:
1286 2238 1317 2308 οί
1339 2293 1347 2308 .
1372 2295 1379 2310 .
1401 2293 1409 2309 .
1434 2239 1561 2312 ἶωνικοί

340 2345 528 2438 ἐκλήθησαν
554 2340 626 2416 ἀπὸ
653 2351 717 2414 τῶν
741 2340 858 2415 Ἰιόνιον
884 2352 950 2415 τῶν
970 2346 1150 2436 τρυφηλῶν,
1178 2343 1297 2434 ἐπειδὴ
1318 2343 1402 2412 κατὰ
1423 2343 1562 2436 μίμησιν

340 2447 470 2518 ἐκείνων
489 2448 665 2536 paleam
692 2475 727 2517 τε
754 2451 810 2518 καὶ
838 2443 1096 2540 ἀναβεβλημένον
1123 2447 1179 2516 καὶ
1204 2452 1322 2532 χαῦνον
1350 2455 1483 2516 ποιοῦσι
1504 2443 1561 2519 τόν

340 2551 484 2643 ῥυθμόν·
508 2550 710 2638 ἑλκεχίτωνες
730 2559 803 2642 γοῦν
826 2550 857 2621 oi
870 2545 980 2634 ’Ίοινες
1003 2556 1109 2638 (Hom.
1132 2561 1168 2620 N
1186 2555 1270 2637 685).
1292 2545 1334 2619 τὰ
1355 2557 1428 2640 χοῦν
1453 2551 1562 2620 Σωτά-

342 2658 415 2725 δεια
434 2654 538 2747 τούτῳ
554 2664 602 2747 τῷ
614 2656 722 2746 μέτρῳ
737 2656 930 2747 γέγραπται.
968 2659 1046 2724 Mar.
1058 2659 1175 2724 Victor.
1188 2679 1218 2744 p.
1232 2659 1282 2737 90,
1296 2659 1336 2722 18
1348 2657 1378 2726 K
1400 2658 1561 2740 (=Iubee

344 2761 457 2845 fragm.
482 2763 569 2826 105*
602 2763 684 2847 apud
706 2763 872 2840 Hensium,
900 2763 951 2827 oui
974 2765 1100 2848 propter
1129 2761 1366 2827 similitudinem
1388 2761 1481 2827 huius
1503 2763 1561 2828 loci

344 2885 417 2931 cum
438 2865 595 2950 Anonymi
619 2865 763 2931 Ammos.
790 2867 893 2931 verbis
915 2866 1007 2932 modo
1037 2866 1198 2950 exscriptis
1226 2865 1259 2930 in
1280 2865 1334 2930 illo
1359 2863 1561 2943 „Heliodorus

343 2969 460 3033 latinus
481 2974 660 3052 emergere‘
681 2969 805 3035 videtur
820 2989 849 3054 p.
866 2969 934 3050 54):
958 2967 1113 3047 „ionicum
1132 2972 1270 3035 metmm
1291 2968 1419 3051 quidam
1442 2985 1491 3055 (ε)
1510 2989 1562 3052 ge·

341 3090 415 3136 nere
438 3071 602 3137 hominum
617 3072 806 3138 vocabulum
828 3071 984 3155 accepisse
1007 3072 1235 3150 existimarunt,
1259 3071 1342 3155 quod
1362 3073 1394 3136 in
1416 3073 1562 3157 rhythmo

343 3176 375 3239 et
397 3173 474 3239 satis
496 3175 652 3257 prolixum
674 3177 706 3241 et
728 3175 804 3240 satis
826 3175 931 3253 molle,
955 3175 1037 3240 sicut
1058 3176 1199 3242 eiusdem
1221 3176 1323 3260 gentis
1345 3176 1487 3242 homines
1510 3177 1563 3241 ad-

346 3278 554 3344 sererentur.“

429 3379 532 3445 Huius
554 3380 670 3446 indolis
696 3401 715 3447 a
737 3381 930 3448 sublimitate
951 3401 1078 3467 prorsus
1094 3381 1214 3448 alienae
1237 3401 1367 3448 causam
1381 3383 1414 3448 in
1430 3384 1563 3450 duamm

343 3482 432 3568 pedis
454 3483 592 3567 partium
616 3485 838 3568 inaequalitate
855 3505 923 3551 esse
939 3486 1075 3570 positam
1090 3487 1204 3551 docent
1217 3487 1347 3566 metrici,
1371 3506 1448 3569 quos
1464 3489 1563 3552 secuti

345 3589 422 3652 sunt
442 3586 650 3670 Hermogenis
673 3589 875 3655 scholiastae:
897 3591 998 3654 Anon.
1017 3589 1081 3656 VH
1103 3590 1175 3668 981,
1200 3589 1311 3654 loW:
1334 3583 1355 3674 ἡ
1376 3585 1564 3676 παράθεσις

345 3690 412 3755 τῶν
438 3682 519 3756 λ’σων
543 3691 675 3777 μακρῶν
701 3689 756 3757 καί
780 3697 942 3780 βραχειῶν
969 3686 1004 3758 ἐν
1024 3695 1097 3771 ταῖς
1125 3687 1269 3770 ίωνικαῖς
1296 3690 1353 3758 καί
1378 3694 1565 3781 τροχαϊκαῖς

349 3929 434 3986 habet
451 3929 523 3985 enim
540 3927 608 3985 duas
626 3929 722 3999 longas
740 3931 862 4001 duasque
880 3935 1030 4002 correptas,
1053 3948 1105 4001 quo
1129 3931 1229 4001 pedum
1248 3931 1367 3986 carmine
1384 3931 1462 3988 multi
1480 3947 1562 4002 saepo

346 4016 505 4086 reprehensi
523 4019 617 4085 sunt;“
645 4017 672 4072 in
700 4018 796 4086 quibus
823 4017 913 4073 serbis
939 4017 1027 4088 ipsam
1049 4019 1164 4074 nominis
1191 4017 1330 4081 „ionicus“
1352 4019 1560 4087 explicationem

344 4102 448 4158 frustm
465 4117 589 4172 quaem

418 4192 440 4258 ¹)
458 4188 550 4245 Verba
567 4205 623 4242 που
640 4193 687 4242 καὶ
704 4193 734 4245 et
749 4186 927 4256 τὸν-όηλῶν
944 4205 1013 4246 unus
1031 4189 1149 4260 praebet
1166 4189 1289 4248 Ioannes.

415 4277 439 4342 ¹)
457 4273 566 4331 Desunt
583 4275 651 4330 haec
671 4274 757 4331 verbe
769 4274 795 4345 (ὁ
808 4280 843 4328 Σ.
856 4295 881 4330 τ.
890 4297 917 4344 μ.
930 4273 985 4346 et.)
1000 4275 1071 4345 apud
1082 4275 1210 4332 Ioannem
1222 4277 1274 4332 Sic.
1287 4281 1317 4333 et
1327 4275 1476 4332 Maximum
1489 4277 1564 4332 Plan.

416 4361 442 4426 ⁸)
458 4361 518 4412 τῶν
533 4358 680 4430 ἁβροβίων
693 4358 800 4414 Ἰώνων
816 4360 889 4423 ἅναξ
905 4365 992 4418 Auen.
1011 4367 1040 4418 et
1057 4361 1133 4418 Plan.

415 4448 441 4515 ⁴)
458 4447 572 4516 τριχῶν.
590 4445 703 4503 είκότιυε
721 4437 771 4500 οὗν
787 4447 874 4504 Anon.
893 4453 921 4505 et
938 4449 1015 4506 Plan.

416 4533 439 4599 ὅ)
457 4529 644 4606 ἐκλυτολτερόν
660 4551 692 4586 τε
709 4536 757 4586 καί
775 4529 964 4604 κεκλασμένον
981 4538 1028 4592 καί
1051 4535 1197 4605 σεμνότητι
1219 4540 1349 4588 ἐναντίον
1366 4537 1455 4588 ἐστίν·
1478 4535 1564 4592 Alton.

347 4621 377 4675 et
394 4618 469 4676 Plan
