3546 5236
915 405 977 469 134

329 617 524 682 quamquam
549 596 694 664 Senecae
716 604 826 664 aetate
849 617 914 664 non
936 596 1037 664 muita
1050 596 1221 664 inferiores
1236 605 1318 682 eunt
1342 596 1376 663 in
1392 598 1568 684 provincia

329 711 483 771 exaratae
498 723 580 772 esse.
613 725 654 770 ex
669 704 847 771 editoribus
862 704 952 771 eolus
968 703 1185 772 Buechelerue
1204 704 1238 770 16
1261 711 1385 790 septem
1410 703 1566 790 epistulis

328 832 350 876 a
364 831 400 878 se
415 810 512 878 editis
527 811 611 878 hanc
626 831 753 896 quoque
766 831 833 878 rem
847 819 936 878 recte
946 810 1195 878 administravit
1217 817 1309 897 patet
1318 818 1429 877 autem
1439 811 1565 876 nullam

328 917 427 1003 plane
451 917 599 984 codicum
621 917 655 984 in
678 917 729 985 bie
753 918 864 984 formis
888 919 1116 984 auctoritatem
1133 937 1216 1004 esee,
1239 918 1300 985 sed
1315 917 1463 985 omnibns
1478 916 1566 982 iocis

328 1024 382 1090 ubi
405 1027 438 1089 bi
459 1025 512 1091 vel
533 1027 582 1090 bis
604 1025 756 1110 habeant,
780 1024 840 1093 sed
863 1023 986 1090 formae
1009 1025 1208 1110 pronominis
1230 1028 1259 1091 16
1281 1044 1323 1091 ex
1337 1045 1399 1091 usu
1414 1023 1564 1090 Senecae

329 1130 504 1216 diligenter
527 1132 699 1199 observato
722 1132 931 1200 necessariae
955 1132 1028 1218 sint,
1050 1135 1063 1198 i
1085 1139 1119 1198 et
1140 1135 1178 1216 is,
1201 1151 1267 1198 non
1288 1135 1314 1196 o·
1335 1135 1446 1198 autito
1468 1131 1560 1197 resti-

328 1235 466 1304 tuendas
499 1257 582 1304 esse
627 1238 693 1304 iam
725 1259 797 1304 cum
828 1258 892 1304 non
924 1238 1028 1324 primo
1061 1238 1172 1305 stetim
1204 1239 1317 1306 obtutu
1349 1238 1565 1322 intellegetur

327 1351 434 1410 utrum
456 1343 560 1410 forma
582 1364 646 1410 nou
669 1345 818 1430 aspirata
840 1365 884 1411 an
907 1346 1054 1431 aspirata
1077 1351 1157 1431 apte
1179 1345 1232 1430 sit,
1261 1345 1434 1412 duodecim
1457 1344 1560 1410 dialo-

328 1471 441 1536 gorum
465 1451 649 1536 caelatos,
677 1452 793 1535 quibos
819 1456 832 1517 i
858 1452 912 1519 vei
938 1455 966 1518 is
994 1451 1199 1518 scribendum
1223 1472 1297 1519 esee
1320 1451 1480 1537 existimo,
1506 1450 1561 1516 hic

327 1557 451 1624 indico:
476 1557 518 1625 de
540 1577 629 1644 prov.
652 1561 683 1636 2,
707 1561 743 1642 3,
772 1561 802 1644 3,
828 1562 884 1642 10,
913 1557 955 1624 de
978 1566 1079 1626 const
1103 1579 1173 1645 sap.
1195 1562 1227 1646 4,
1250 1561 1286 1642 2,
1314 1561 1364 1644 13,
1385 1561 1424 1641 4,
1451 1563 1499 1643 14,
1520 1563 1561 1640 4,

331 1664 373 1732 de
396 1665 446 1731 ira
469 1665 484 1728 I
511 1669 561 1744 14,
585 1667 622 1750 2,
645 1665 678 1730 11
701 1668 731 1751 3,
758 1669 791 1749 1,
816 1669 846 1751 6,
870 1664 958 1752 211),
983 1668 1035 1751 29,
1062 1671 1094 1749 1,
1117 1663 1166 1731 ΙΙΙ
1191 1668 1241 1752 12,
1264 1669 1301 1749 4,
1325 1667 1378 1751 22,
1394 1669 1431 1750 6,
1455 1667 1506 1750 28,
1521 1667 1561 1746 3,

326 1775 379 1857 34,
402 1776 439 1856 2,
462 1772 507 1838 ad
529 1772 694 1856 1161620,
719 1776 754 1856 1,
778 1775 831 1858 22,
854 1775 891 1856 3,
915 1772 958 1840 de
981 1779 1084 1856 bouq.
1108 1793 1160 1840 66
1186 1775 1236 1856 10,
1259 1775 1295 1855 6,
1319 1771 1561 1839 debrevitrit

329 1881 358 1963 l,
381 1881 417 1960 6,
447 1882 483 1962 6,
514 1882 564 1961 10,
588 1881 623 1962 2,
652 1878 697 1944 ad
721 1879 813 1945 Heiv.
836 1883 866 1963 b,
890 1883 921 1947 6.
967 1899 1063 1965 porro
1093 1881 1240 1946 omnibus
1269 1880 1311 1947 iie
1338 1879 1420 1946 locis
1444 1879 1562 1962 quibus

329 1990 405 2052 ante
432 1989 465 2051 bi
486 1989 539 2071 qai
565 1993 624 2052 aut
649 1989 697 2052 bie
719 1989 771 2070 oni
801 2005 943 2071 persona
976 1985 1029 2052 vel
1061 2005 1114 2054 ree
1145 1986 1257 2070 aliqua
1289 1993 1485 2052 memoratur
1514 1985 1560 2051 ad

329 2113 426 2176 quem
458 2091 649 2179 pronomina
682 2093 740 2158 illc
771 2093 956 2178 pertineant
986 2093 1040 2159 vel
1072 2093 1189 2176 quibus
1219 2093 1418 2178 pronominis
1450 2097 1478 2158 ie
1508 2091 1562 2158 uis

329 2198 585 2266 demonstrative
607 2221 672 2265 non
696 2198 846 2266 sufficere
869 2199 998 2267 uidetur
1020 2201 1109 2268 velut
1122 2199 1164 2266 de
1178 2201 1227 2266 ira
1241 2201 1273 2264 11
1288 2203 1318 2285 2,
1333 2203 1369 2282 2,
1393 2199 1442 2264 ΠΙ
1457 2202 1508 2284 31,
1522 2201 1562 2282 3,

329 2309 383 2392 36,
406 2304 478 2393 511)
509 2309 543 2371 bi
569 2315 602 2372 et
628 2309 676 2372 bie
708 2306 871 2374 servanda
903 2327 977 2374 esee
1004 2327 1063 2392 pro
1091 2314 1178 2373 certo
1207 2307 1295 2372 haud
1323 2305 1564 2373 affirmaverim.

330 2434 406 2479 nem
430 2414 471 2480 de
495 2414 607 2481 brevit
629 2415 687 2484 vit.
714 2419 764 2500 10,
787 2417 818 2500 2,
846 2415 909 2481 6161
937 2413 1052 2482 eadem
1075 2414 1172 2483 huius
1195 2414 1259 2482 ioci
1281 2415 1365 2480 ratio
1388 2423 1564 2497 astatque

328 2520 471 2605 illorum,
509 2523 545 2586 is
572 2521 780 2588 Ambrosiani
820 2522 1015 2588 auctoritate
1056 2520 1262 2588 confirmatur
1297 2541 1403 2605 neque
1439 2521 1473 2586 in
1507 2518 1564 2586 bie

327 2625 472 2693 minutiis
497 2627 672 2714 scriptores
699 2647 832 2713 prorsus
861 2629 924 2696 eibi
951 2628 1138 2696 constitisse
1166 2627 1367 2694 crediderim.
1412 2630 1456 2692 bii
1482 2646 1561 2694 uero

330 2741 363 2800 et
384 2735 444 2798 1616
467 2733 609 2801 librariis
632 2734 744 2801 deberi
768 2740 801 2800 et
823 2735 943 2819 ubique
965 2736 1000 2801 in
1022 2739 1046 2800 ii
1069 2738 1163 2801 etita
1186 2733 1341 2800 mutanda
1365 2755 1438 2801 6666
1465 2751 1565 2801 nemo

328 2839 472 2925 negabit.

904 3042 988 3116 Vll.

536 3166 812 3249 observationes
840 3169 883 3248 de
910 3169 1056 3269 sinuatis
1085 3169 1175 3251 tocie
1203 3171 1359 3252 criticae.

490 3311 580 3380 Oea
605 3315 684 3379 642:
714 3321 751 3395 le,
775 3322 803 3380 te
826 3322 953 3380 enecta
974 3321 1095 3399 sceptra
1118 3317 1171 3399 poi
1193 3317 1417 3398 6666696616,

492 3429 520 3485 te
538 3428 631 3504 paler
652 3422 769 3486 inaltus
790 3421 867 3486 arbe
889 3442 959 3486 com
983 3427 1046 3486 lota
1063 3429 1168 3506 pelam

490 3534 658 3592 elmodam
681 3528 805 3610 Erinyn
821 3528 997 3612 probabam
1021 3530 1148 3593 thalami
1170 3531 1290 3593 trabam

491 3635 634 3698 trabam
657 3636 826 3699 sonantis
848 3635 974 3699 verbera
998 3633 1059 3714 (sic
1082 3633 1133 3720 lt),
1156 3637 1304 3700 incestam
1326 3637 1452 3701 (1666666

489 3748 605 3806 oetam
629 3747 658 3805 et
674 3748 803 3826 petentes
826 3744 918 3826 impio
942 3742 1046 3806 Morte
1068 3743 1211 3807 obteram.

328 3883 393 3936 dam
415 3883 564 3936 mandabat
587 3880 623 3949 (v.
646 3884 760 3937 Hermes
781 3881 860 3937 XVII
883 3900 909 3952 p.
934 3883 987 3937 366
1009 3881 1073 3938 adn.
1099 3881 1127 3951 1)
1150 3887 1180 3938 61
1202 3883 1252 3938 alii
1276 3884 1351 3939 band
1368 3883 1459 3954 pauci.
1495 3901 1563 3938 nem

329 3969 533 4036 Quintilianum
561 3970 698 4026 Ciceronis
724 3971 896 4027 imitatorem
922 3972 1050 4027 nesciisse
1077 3971 1213 4040 quomodo
1240 3976 1266 4028 is
1293 3976 1323 4028 61
1348 3975 1393 4027 bic
1419 3971 1563 4028 differrent

328 4075 409 4115 nemo
428 4059 498 4114 mibi
521 4058 706 4129 persuadebit.
743 4063 840 4116 contre
857 4063 932 4131 apud
954 4061 1100 4131 scriptores
1124 4061 1256 4117 historiae
1274 4063 1470 4133 degustabat
1493 4062 1565 4117 alibi

329 4148 433 4202 formae
450 4150 481 4203 ta·
499 4151 528 4204 et
546 4149 590 4202 bis
608 4153 682 4204 rccte
700 4149 811 4206 defendi
828 4149 959 4206 videntur
976 4153 1062 4220 atque
1084 4150 1115 4206 in
1136 4150 1215 4206 libris
1237 4151 1364 4207 exemtis
1380 4151 1566 4220 antiquitatis

328 4235 468 4306 mediique
485 4237 547 4293 aeri
565 4237 637 4294 talia
654 4239 758 4308 ubique
775 4239 922 4295 retinenda
939 4242 1012 4294 sunt

419 4323 456 4393 ⁶⁸)
476 4330 558 4396 peior
575 4329 619 4382 tis
638 4331 681 4384 661
697 4329 728 4382 16
747 4329 779 4393 Α,
804 4329 851 4384 sed
868 4331 914 4384 bis
931 4327 1042 4399 scripsit
1059 4345 1096 4386 m.
1115 4331 1149 4395 5.,
1172 4331 1320 4399 postquem
1339 4347 1373 4385 ea
1389 4346 1462 4399 quae
1479 4347 1515 4385 m.
1540 4331 1564 4384 1.

328 4413 475 4484 scripserat
492 4415 536 4471 ita
554 4416 661 4472 delevit·
681 4421 714 4472 nt
736 4418 794 4474 iem
817 4417 890 4472 nibil
913 4417 1084 4487 dispiciatur.
1116 4420 1264 4488 pelculsi·
1286 4419 1308 4474 P
1335 4435 1445 4488 qnoque
1468 4419 1563 4474 hebet

326 4506 406 4572 peior
423 4505 480 4559 bite
497 4503 528 4558 in
546 4503 568 4559 L
586 4522 605 4560 6
622 4507 733 4562 Gertaio
751 4507 875 4577 inspecto
893 4506 1005 4577 legitur.

420 4589 456 4662 11)
474 4593 560 4648 simili
578 4595 637 4652 loco
655 4596 705 4664 qui
728 4598 771 4652 eet
793 4612 835 4666 ep.
854 4612 921 4652 mor.
941 4595 1006 4650 XIV
1024 4596 1049 4663 4,
1069 4598 1086 4650 4
1110 4596 1292 4652 Buechelerue
1316 4596 1445 4653 retinnit:
1468 4599 1566 4652 16116

329 4685 382 4736 erit
400 4684 477 4737 16616
494 4685 560 4750 cilo,
579 4687 637 4739 elne
656 4687 754 4753 quibus
772 4703 825 4740 non
844 4688 904 4739 erit
