3634 5240
767 433 806 494 17

687 521 897 530 ——-——-.

177 650 237 736 μὲν
252 654 317 717 τιῖιν
331 648 470 738 πρώτων
485 647 541 716 δύο
559 652 729 736 συλλαβῶν
743 652 917 739 λεγομένων
940 648 992 741 „iti
1010 650 1133 719 παιάν*
1148 647 1251 742 ἡρῷον
1266 650 1396 740 γίνεται,

177 752 321 842 βραχέως
343 754 380 820 δὲ
412 755 594 836 λεχθεισῶν
620 749 787 839 ἰαμβεῖον·
810 749 867 822 διὰ
896 755 933 820 δὲ
955 756 1163 842 τοῦτοδῆλον
1185 752 1235 822 ὅτι
1264 755 1319 822 καὶ
1341 748 1399 821 τὸν

178 851 296 940 ἴαμβον
310 863 331 937 Ι)
368 849 544 924 ἀναθετέον
576 852 678 944 αὐτῷ.
700 863 857 945 βραχειῶν
877 863 951 944 γοῦν
981 855 1158 943 γινομένων,
1186 854 1215 924 εἰ
1247 856 1305 924 δύο
1337 851 1398 937 τὰς

180 952 322 1024 ἁπασῶν
343 956 529 1040 τελευταίας
551 953 714 1043 συλλαβὰς
736 957 784 1040 εἰς
805 954 930 1048 μακρὰν
952 959 1085 1047 ποιήσει
1107 986 1168 1043 τις,
1193 956 1212 1028 ὁ
1236 955 1400 1026 Ἱππώνα-

179 1085 255 1139 κτος
278 1054 397 1146 ἴαμβος
419 1057 521 1128 ἔσται.

265 1165 345 1232 Cum
367 1186 438 1230 vero
461 1168 621 1232 sollemnis
645 1169 828 1234 exclamatio
850 1159 924 1252 Ἰήιε
948 1168 1011 1233 iam
1034 1169 1073 1232 ab
1096 1169 1257 1253 Apollonio
1279 1168 1399 1234 Rhodio

178 1267 226 1350 (Π
243 1269 424 1350 aco-713)
448 1272 480 1333 et
502 1272 554 1352 qui
577 1271 661 1336 hunc
684 1273 810 1336 secutus
833 1273 882 1336 est
904 1271 1042 1336 Varrone
1063 1272 1194 1336 Atacino
1218 1273 1264 1353 (in
1287 1272 1399 1354 fragm.

180 1390 230 1453 ap.
255 1372 415 1436 Audacem
437 1393 467 1455 p.
491 1375 583 1451 332st
607 1373 684 1454 K¹))
708 1374 747 1437 ad
769 1374 1003 1439 celeberrimam
1018 1374 1169 1458 Apollinis
1192 1393 1332 1458 pugnam
1353 1393 1401 1438 re-

179 1475 245 1538 lata
272 1475 326 1552 sit,
360 1478 502 1558 apparet,
536 1496 632 1558 quam
659 1475 747 1541 facile
775 1478 906 1558 mythus
932 1478 984 1540 ille
1011 1477 1097 1541 nasci
1125 1478 1272 1560 potuerit,
1305 1497 1400 1561 quem

180 1579 309 1640 narrant
331 1577 497 1642 Diomedes
519 1597 550 1662 p.
573 1580 676 1657 495,1
694 1579 738 1642 K:
763 1579 888 1662 „Pythii
912 1580 1007 1644 etiam
1029 1580 1114 1661 origo
1136 1580 1208 1645 inde
1230 1583 1332 1646 tracta
1354 1582 1402 1645 est

180 1683 250 1760 (nco
272 1680 357 1744 enim
382 1681 505 1745 ridetur
525 1682 734 1764 incongruum
755 1681 915 1746 fabulosae
931 1682 1128 1763 antiquitatis
1150 1685 1327 1749 commenta
1349 1682 1402 1746 de·

180 1789 346 1866 promerei:
375 1784 487 1864 Apollo
520 1803 591 1849 cum
622 1785 767 1868 Pythona
793 1785 923 1868 Delphis
956 1787 1082 1868 propter
1107 1785 1258 1851 ultionem
1290 1786 1401 1850 matris

180 1888 338 1964 necasset,
367 1886 520 1951 accolae
547 1887 685 1970 primum
707 1887 817 1952 timore
845 1907 973 1952 carmen
1002 1887 1160 1951 heroicum
1187 1889 1402 1952 hexametmm

180 1988 267 2051 initio
300 2007 353 2052 sex
389 1989 526 2072 spondiis
559 1992 754 2074 conpositum
784 1991 967 2064 teramum
1001 1989 1111 2054 deinde
1145 1991 1248 2055 soluta
1281 1991 1402 2074 spondii

182 2092 282 2155 altera
303 2091 426 2174 syllaba
448 2091 515 2156 sine
531 2093 645 2158 damno
662 2094 811 2177 temporis
827 2092 988 2175 dactylum
1005 2112 1127 2174 quoque
1149 2094 1295 2177 suscepit.
1329 2092 1403 2173 Qui·

182 2194 255 2258 dam
276 2197 382 2258 autom
402 2194 520 2272 dicunt,
544 2193 658 2277 (quod)
681 2198 850 2262 iambicum
875 2197 977 2277 magis
999 2196 1112 2276 gaudio
1139 2196 1291 2261 sublevati
1313 2198 1402 2260 motu

182 2296 274 2360 celeri
297 2297 524 2379 protulerunt,“
547 2297 752 2364 Terentianus
772 2301 903 2364 Maurus
927 2319 954 2362 r.
973 2299 1055 2361 1584
1073 2318 1156 2381 sqq.:

332 2399 483 2477 „Additur
517 2401 594 2465 haec
617 2403 741 2483 gemino
765 2422 827 2466 non
850 2403 968 2466 absona
990 2400 1098 2466 fabula
1124 2404 1234 2479 metro,

333 2502 396 2566 Seu
419 2521 492 2566 vera
514 2522 563 2567 res
587 2507 648 2568 est:
673 2508 794 2589 spectet
815 2505 975 2568 auctorem
997 2503 1084 2568 fides.

332 2606 413 2670 Cum
428 2624 506 2688 puer
520 2605 644 2670 infestis
667 2609 823 2690 premeret
843 2608 991 2690 Pythona
1012 2607 1135 2690 sagittis

330 2709 456 2791 Apollo,
479 2709 622 2792 Delphici
642 2709 785 2775 feruntur
807 2710 959 2776 accolae

331 2811 503 2876 Hortantes
527 2813 648 2877 acuisse
672 2814 812 2879 animum
835 2813 998 2892 bellantis,
1021 2815 1057 2877 ut
1078 2813 1147 2878 illos

331 2916 436 2979 Metus
458 2914 586 2980 iubebat
608 2917 664 2980 aut
685 2917 858 3000 propinqua
878 2915 992 2981 adoria.

332 3019 493 3083 Tendebat
512 3018 655 3100 geminas
677 3019 790 3102 pavida
812 3019 996 3085 exclamatio
1018 3037 1123 3084 voces:

330 3110 363 3206 ἰὴ
387 3116 503 3202 παιάν,
527 3112 561 3208 ἰὴ
585 3117 705 3202 παιάν,
729 3113 763 3206 ἰὴ
784 3118 905 3187 noodr:

333 3223 484 3307 Spondeis
508 3225 598 3289 illum
620 3225 720 3308 primo
742 3227 853 3290 natam
876 3225 977 3290 cernis
1000 3243 1063 3290 sex.

333 3327 379 3392 Idx
401 3329 490 3410 parte
512 3347 604 3393 rooes
627 3329 765 3394 concitas
786 3328 861 3394 laeti
884 3328 1016 3393 dabant:

331 3422 365 3517 ἰὴ
388 3425 507 3508 παιάν,
530 3423 563 3517 ἰὴ
586 3426 703 3512 παιάν,
727 3425 760 3518 ἰὴ
781 3425 902 3494 aaran:

331 3535 372 3599 Et
394 3535 468 3598 hinc
490 3535 607 3618 pedum
628 3537 676 3599 tot
698 3538 783 3600 ortus
807 3538 856 3600 est
877 3534 1051 3599 iambicus“

182 3639 236 3723 (ol.
279 3639 357 3703 Mar.
389 3638 505 3703 Viator.
546 3658 577 3722 p.
611 3639 667 3716 50,
703 3639 836 3702 19-23
868 3637 927 3719 Κ),
968 3640 1151 3720 Anonymus
1189 3635 1401 3702 Berolinansis

253 3831 273 3896 ¹)
298 3827 351 3882 Pro
368 3825 471 3894 ἴαμβον
492 3825 663 3880 scribendum
681 3841 741 3880 assa
759 3825 882 3893 suspicor
907 3823 1084 3893 χαλιαμβον;
1115 3839 1177 3877 nam
1196 3824 1259 3877 inde
1278 3839 1295 3877 a
1313 3823 1402 3877 verbis

183 3911 228 3966 διὰ
253 3909 282 3964 dt
305 3915 389 3964 τοῦτο
407 3912 564 3966 Athenaeus
587 3927 639 3965 nou
662 3911 717 3965 iam
742 3910 895 3966 Heraclidis
921 3911 1006 3965 raiert
1023 3911 1199 3974 sententiaro,
1229 3909 1277 3964 sad
1295 3908 1403 3978 impug-

183 4004 310 4055 pateam
329 3999 380 4052 hoc
398 3999 456 4053 fara
481 3997 572 4052 modo:
591 3997 695 4066 „Quam
714 4012 839 4065 pervorsa
858 3996 941 4051 etiam
960 3996 1077 4051 iambum
1098 3995 1149 4050 deo
1168 3994 1299 4050 inventori
1317 3995 1401 4048 Hara-

182 4085 265 4140 clidas
283 4084 417 4150 tribuerit,
444 4100 476 4139 eo
494 4083 614 4138 maxime
634 4084 666 4138 fit
683 4083 865 4151 perspicuam,
893 4082 965 4150 quod
984 4083 1036 4137 hac
1058 4081 1163 4135 ratione
1181 4080 1299 4147 probata
1317 4079 1401 4134 etiam

182 4169 379 4240 adsignandum
392 4176 464 4225 esset
476 4168 647 4239 [ἀναθετέον
658 4169 726 4224 dicit
734 4169 902 4235 Athenaeus,
915 4185 967 4223 non
986 4173 1016 4222 ut
1025 4175 1090 4222 ante
1106 4165 1270 4233 ἀνατίθησι)
1283 4166 1402 4235 Apollini

183 4263 298 4312 metrum
323 4255 549 4324 Hipponacteum.
584 4255 654 4310 Nam
673 4255 695 4310 si
721 4270 904 4324 quaecumque
921 4253 1011 4310 corbis
1031 4253 1056 4320 ἰὴ
1075 4249 1164 4305 παιάν
1187 4252 1313 4320 repetitis
1332 4250 1403 4306 effici

183 4347 297 4414 possam
314 4346 403 4396 metra
421 4341 539 4412 Apollini
558 4340 699 4408 debentur,
717 4341 784 4396 nihil
802 4342 902 4406 obstat,
921 4339 985 4409 quin
1003 4337 1146 4396 oboliambi
1160 4353 1264 4408 quoque
1277 4336 1402 4392 dicantur

183 4430 219 4485 ab
239 4427 333 4484 eodem
351 4443 410 4483 esso
427 4427 538 4484 inventi.
574 4427 651 4496 Quod
670 4429 797 4497 quoniam
821 4427 933 4482 credere
951 4426 1027 4481 netas
1047 4431 1096 4493 est,
1122 4425 1251 4494 sequitur,
1269 4428 1301 4478 ut
1318 4424 1402 4479 ctiam

181 4515 215 4570 τὸ
233 4519 381 4586 τρίμετρον
400 4513 557 4570 Heraclides
574 4529 656 4585 pravo
674 4529 738 4568 usus
757 4513 856 4568 iudicio
876 4512 995 4582 Apollini
1016 4511 1218 4567 vindicaverit.“

255 4601 280 4672 ¹)
303 4600 392 4670 ipsius
410 4601 564 4658 hexametri
581 4600 742 4658 inventionis
762 4598 863 4656 mantio
881 4599 910 4655 in
927 4599 970 4654 hia
987 4599 1111 4656 versibus
1129 4613 1182 4654 aon
1201 4597 1246 4666 tit,
1270 4611 1339 4668 quaa
1359 4599 1402 4654 aat

182 4685 257 4746 falsa
274 4688 341 4757 eiua,
359 4703 438 4757 quam
456 4685 553 4745 Audax
570 4686 716 4758 excerpsit,
734 4683 882 4744 sententia.
1176 4773 1193 4830 ὓ
