3634 5240
1085 277 1106 339 8

997 363 1206 378 -u-u—-U-

494 505 680 590 scriptorum
720 501 862 568 omnium
905 501 1033 568 nomina
1076 499 1159 584 apud
1198 495 1378 564 Ciceronem
1412 516 1538 581 quoqne
1578 499 1741 581 leguntur
1808 562 1810 577 ,

496 612 632 693 excepto,
656 609 698 671 ut.
714 626 771 690 par
793 609 849 683 est,
873 606 1032 690 Dionysio.
1066 605 1147 671 Cum
1162 602 1308 668 Cicerone
1324 605 1431 668 autem
1445 605 1494 670 uel
1509 625 1548 669 eo
1568 603 1743 686 discrepat
1808 588 1811 595 ¹

497 711 719 794 Quintilianus,
754 711 837 793 quod
861 730 958 793 aeque
992 713 1085 792 atque
1119 707 1304 790 Dionysius,
1338 709 1427 774 cuius
1458 709 1612 791 vestigia
1646 707 1743 771 etiam
1810 690 1812 717 ”

497 815 670 898 ceteroqui,
698 814 786 878 velut
813 815 845 878 in
872 814 1058 897 scriptorum
1086 812 1277 879 Graecorum
1299 829 1433 876 censura
1453 813 1495 893 (X
1519 813 1574 894 1),
1610 811 1745 896 premit.
1811 794 1812 803 ¹

496 939 605 986 omnes
634 915 730 1000 pedes
762 916 929 994 disyllabos
961 921 994 982 et
1021 917 1200 1000 trisyllabos
1227 919 1405 992 enumerat,
1433 935 1495 981 non
1523 918 1657 979 tamen
1694 918 1745 976 aut

500 1023 611 1089 eodem
640 1017 747 1083 ordine
771 1023 826 1083 aut
847 1021 949 1086 isdem
971 1020 1149 1085 nominibus
1171 1021 1265 1100 atque
1288 1019 1455 1102 Dionysius
1477 1037 1568 1082 usus.
1626 1017 1745 1097 Neque

499 1127 602 1208 magis
631 1140 704 1186 cum
726 1121 877 1198 Aristide,
907 1143 1001 1206 quem
1024 1122 1210 1202 Quintiliani
1239 1121 1388 1186 libertum
1417 1122 1514 1186 luisse
1537 1121 1616 1186 veri
1645 1119 1746 1183 simil-

499 1230 610 1292 limum
645 1224 740 1304 est,²)
775 1228 931 1292 consent't
962 1227 995 1290 in
1029 1227 1090 1290 hac
1117 1226 1218 1308 operis
1245 1228 1333 1309 parte
1360 1225 1490 1289 Fabius:
1517 1243 1604 1288 nam
1637 1243 1746 1305 neque

501 1331 596 1414 pedes
612 1327 719 1410 plures
735 1328 835 1393 tribus
852 1329 1201 1412 syllabasoontinentcs
1221 1347 1294 1392 cum
1314 1327 1367 1392 illo
1390 1328 1531 1410 agnoscit
1554 1345 1745 1410 nequeas

502 1452 580 1516 quos
598 1443 602 1450 '
619 1433 786 1494 enumerat
822 1432 922 1497 isdem
955 1433 1134 1498 nominibus
1166 1431 1330 1514 significat.
1384 1429 1494 1513 Itaque
1528 1449 1745 1514 quamquam

504 1533 676 1612 „Aristides
710 1531 795 1596 haud
829 1554 891 1598 uno
914 1537 991 1616 ,loco
1025 1536 1126 1618 operis
1160 1535 1209 1599 sui
1236 1535 1314 1598 mire
1345 1553 1440 1615 quam
1467 1535 1638 1599 consentit
1671 1551 1743 1597 eum

501 1639 556 1702 illo
579 1637 634 1718 (so.
650 1635 760 1716 Fabio)
775 1636 807 1698 in
831 1638 884 1714 eis,
909 1657 989 1720 quaa
1011 1639 1043 1702 in
1067 1637 1171 1702 Inatit.
1195 1641 1270 1702 orat.
1293 1637 1331 1702 de
1347 1637 1468 1702 musica
1483 1637 1587 1718 deque
1614 1639 1744 1720 optima

486 1739 655 1811 ,educandi
676 1737 795 1802 ratione
816 1739 985 1804 docenturu
1008 1741 1117 1822 [verba
1136 1744 1211 1805 sunt
1225 1740 1332 1806 Jahnii
1351 1740 1373 1803 l.
1389 1740 1438 1821 c),
1461 1742 1568 1804 tamen
1594 1740 1742 1805 rhetoris

503 1842 639 1907 Romani
654 1841 692 1905 de
708 1841 846 1904 numeria
862 1844 1040 1908 testimonia
1055 1845 1158 1927 potius
1173 1863 1246 1909 cum
1259 1844 1406 1909 Cicerone
1422 1844 1454 1907 et
1464 1843 1622 1926 Dionysio
1641 1861 1743 1925 qnam

503 1966 578 2011 curn
600 1945 644 2008 eis
659 1942 742 2020 viris,
767 1944 804 2007 de
828 1947 942 2027 quibus
964 1967 1049 2012 nunc
1072 1967 1143 2012 sum
1161 1948 1311 2024 dicturus,
1334 1946 1636 2030 comprehendenda
1653 1947 1739 2010 sunt.
1815 1938 1816 1956 ¹

593 2046 675 2111 Sunt
703 2048 809 2110 autem
836 2048 869 2112 hi
890 2049 947 2127 illi,
970 2052 1022 2132 qui
1046 2051 1143 2115 altero
1166 2051 1237 2133 post
1258 2049 1331 2114 Chr.
1358 2069 1390 2114 n.
1417 2047 1541 2113 saeculo
1568 2045 1742 2130 τοσαύτης

508 2144 776 2234 ἐπιπολαζούσης
798 2147 1011 2236 φιλομουσίας
1034 2151 1174 2236 (Aristid.
1198 2151 1304 2232 Quint.
1320 2171 1349 2234 p.
1366 2139 1560 2216 tollebam
1575 2177 1624 2206 =
1641 2151 1738 2220 4213

506 2253 528 2318 J
534 2253 608 2336 ahu)
630 2252 662 2314 id
679 2252 858 2332 studebant,
880 2258 926 2332 ut,
950 2274 1029 2337 quae
1045 2256 1155 2322 Graeci
1172 2257 1209 2320 de
1225 2255 1347 2319 musica
1362 2255 1572 2338 scripsissent,
1594 2255 1740 2318 redime

508 2357 636 2438 gratem
669 2356 700 2418 et
726 2357 906 2437 aequalium
933 2377 1061 2423 suorum
1089 2359 1161 2423 usui
1189 2357 1470 2423 accommodarent.
1528 2356 1623 2422 Inter
1660 2375 1737 2438 quos

508 2459 647 2543 primum
690 2457 795 2522 locum
836 2461 979 2526 obtinent
1019 2462 1213 2527 Aristides
1251 2460 1484 2541 Quintiliani
1525 2461 1666 2524 libertus
1709 2462 1739 2521 et

453 2627 457 2638 ,
509 2559 954 2644 Pseudo-Plutarchus.²)
997 2565 1160 2630 Habemus
1177 2566 1283 2629 autem
1303 2565 1336 2627 in
1358 2563 1444 2627 illius
1462 2563 1501 2628 de
1515 2564 1644 2627 musica
1667 2562 1735 2626 lihn'

511 2664 640 2729 alterius
662 2652 700 2727 τὸ
722 2661 932 2732 παιδευτικόν
954 2667 1190 2751 complectentis
1213 2667 1315 2750 capite
1339 2667 1420 2747 153)
1447 2685 1542 2748 quem
1563 2668 1596 2730 in
1618 2663 1735 2730 ceteris
1815 2666 1816 2669 ’

513 2767 716 2850 scriptoribus
740 2765 857 2832 trustra
879 2789 1024 2852 quaeras,
1047 2774 1250 2855 conspectum
1277 2769 1435 2853 quendam
1457 2770 1613 2833 ranorum
1638 2766 1734 2832 animi

512 2870 697 2946 affectuum,
732 2869 786 2951 qni
808 2891 863 2954 pro
885 2874 1104 2956 rhythmorum
1138 2874 1318 2938 diversitate
1349 2874 1542 2936 moveantur.
1597 2872 1639 2935 In
1677 2889 1734 2952 quo

513 2974 682 3056 conspectu
695 2991 797 3054 noque
809 2975 908 3040 obiter
923 2979 1024 3042 metra
1040 2977 1194 3060 quaedam
1209 2977 1464 3061 perstringuntur
1478 2993 1581 3056 neque
1591 2974 1734 3038 bresiurn

515 3075 732 3141 tantummodo
756 3078 788 3140 et
809 3078 975 3160 longarum
998 3080 1193 3162 syllabarum
1215 3081 1294 3144 ratio
1315 3080 1458 3156 hahetur,
1481 3077 1537 3142 sed
1553 3096 1654 3162 paene
1672 3095 1733 3140 om·

514 3181 603 3244 nium
613 3177 868 3257 differentiarum,
892 3183 1005 3263 quibus
1017 3203 1125 3248 versus
1142 3183 1313 3258 variantur,
1335 3182 1381 3246 ita
1392 3181 1510 3245 mentio
1522 3181 1569 3257 fit,
1590 3181 1628 3243 ut
1642 3178 1733 3243 facile

515 3300 667 3365 agnoscas
690 3281 825 3346 hominis
848 3284 931 3349 docti
952 3285 1115 3367 rehquias,
1150 3287 1202 3368 qui
1230 3305 1335 3350 rernm
1357 3285 1389 3348 in
1412 3282 1569 3349 communi
1598 3283 1732 3364 quodam

515 3386 677 3450 homiuum
702 3403 797 3449 sensu
819 3387 992 3469 positarum
1013 3390 1149 3454 rationes
1164 3387 1294 3453 reddere
1314 3405 1488 3468 causasque
1508 3405 1575 3450 ase
1589 3387 1733 3448 inventas

515 3489 663 3571 exemplis
686 3487 843 3553 illustrare
867 3493 998 3556 conatus
1021 3492 1070 3555 sit.
1115 3491 1185 3572 Qua
1205 3492 1237 3555 in
1260 3510 1295 3555 re
1318 3489 1437 3554 difficili
1458 3488 1631 3570 multisque
1646 3486 1733 3550 dubi·

516 3591 685 3656 tationibus
708 3591 840 3656 obnoxia
861 3593 1023 3658 obscurius
1046 3597 1200 3677 quaedam
1224 3614 1293 3659 esse
1316 3593 1400 3658 dicta
1422 3611 1459 3656 ao
1481 3592 1572 3674 plura
1592 3590 1732 3657 fortasse,
1815 3602 1816 3617 ¹

518 3713 612 3777 quam
634 3713 691 3776 par
714 3697 775 3771 est,
804 3697 842 3760 ab
870 3697 1019 3780 exemplis
1042 3699 1081 3762 ad
1103 3699 1186 3782 ipsas
1209 3717 1259 3762 res
1280 3698 1425 3762 revocata
1447 3712 1540 3758 nemo
1562 3694 1732 3762 mirabitur,

518 3797 572 3880 qui
593 3797 800 3880 reputaverit,
828 3818 924 3881 quam
947 3819 1041 3884 saepe
1068 3802 1164 3866 etiam
1186 3801 1295 3865 nostra
1316 3798 1467 3864 memoria
1488 3797 1632 3861 hominos
1656 3794 1731 3860 docti
1815 3792 1816 3799 ’

519 3900 688 3985 speciosius
711 3920 807 3982 quam
828 3902 932 3968 verius
956 3903 994 3969 de
1017 3923 1221 3969 numerorum
1242 3903 1347 3968 indole
1370 3900 1604 3984 disputaverint
1658 3899 1731 3964 Cum

589 4099 610 4165 ¹)
629 4097 668 4152 Cl.
687 4097 828 4152 Albertum
850 4099 922 4154 Jahn
939 4100 968 4154 in
986 4099 1050 4156 edit.
1070 4099 1182 4156 Aristid.
1200 4099 1310 4167 Quintil.
1329 4115 1355 4166 p.
1375 4097 1463 4154 XXX.

590 4185 614 4250 ⁹)
632 4181 760 4237 Aristidis
787 4183 896 4252 Quintil.
923 4190 952 4239 ct
976 4185 1233 4240 Pseudo-Plutarchi
1260 4185 1381 4240 codicum
1409 4183 1537 4236 lectiones
1566 4197 1583 4235 a
1606 4181 1732 4236 Guilelmo

522 4268 688 4325 Studernund
706 4275 832 4325 enotatas
852 4271 885 4325 cl.
905 4271 975 4324 inira
994 4270 1021 4324 in
1041 4269 1256 4326 APPENDICE.

591 4357 614 4422 ¹)
633 4355 839 4424 interpretando
858 4355 920 4409 huic
937 4355 1022 4424 capiti
1039 4371 1150 4425 operam
1172 4356 1306 4410 dederunt
1324 4355 1427 4411 Caesar
1444 4352 1504 4406 ‘Dia
1518 4353 1681 4420 Grundabge
1692 4353 1733 4406 der
1815 4362 1816 4369 ’

523 4440 708 4510 griechischen
722 4441 870 4512 Rhythmilr
883 4441 951 4496 nach
965 4439 1099 4495 Aristides
1110 4441 1301 4511 Quintilianus*
1315 4437 1551 4507 (harburgitaar)
1563 4453 1590 4505 p.
1603 4439 1733 4492 259-269

428 4608 430 4612 Ι
524 4533 553 4584 et
570 4527 725 4596 nuperrime
744 4526 887 4598 Westpbal
906 4527 1029 4582 ‘Tbcorie
1047 4525 1094 4581 der
1114 4527 1265 4583 musischen
1283 4524 1398 4581 Kiinsto’
1416 4523 1429 4578 1
1447 4523 1499 4578 226
1516 4538 1573 4591 sqq.

1814 2117 1816 2174 l
