3560 5242
930 398 969 456 ill

334 619 531 684 terrestrium
558 638 665 683 rerum
692 619 812 683 ratione
835 619 944 684 habita
965 622 1092 684 revocat
1114 619 1247 682 lectores
1269 617 1307 682 ad
1332 635 1381 682 res
1404 617 1558 682 caelestes

334 723 428 787 lunae
451 721 631 804 exemplum
654 720 796 786 afferens.
833 721 998 787 Postremo
1021 722 1112 785 docet
1132 721 1237 803 ipsum
1252 737 1365 802 corpus
1380 719 1560 784 humanum

334 825 569 896 resurrectionis
593 823 773 889 testimonio
795 843 875 889 esse.

419 927 531 991 Verbis
553 926 741 990 Minucianis
770 945 843 991 oum
869 925 1032 1009 Theophili
1059 925 1127 991 looo
1153 925 1342 1008 comparatis
1373 926 1503 1007 apparet
1524 924 1558 986 in

333 1028 436 1112 prima
457 1029 587 1094 Minucii
609 1027 830 1110 disputationis
853 1030 941 1110 paria
963 1047 1003 1091 ne
1025 1047 1126 1092 unum
1150 1027 1275 1110 quidem
1290 1028 1421 1091 verbum
1435 1027 1558 1108 primae

333 1131 433 1214 partis
448 1131 516 1195 eius
533 1149 629 1213 quam
643 1130 835 1214 Theophilus
850 1131 989 1195 instituit
1004 1131 1284 1212 argumentationis
1300 1128 1438 1211 agnosci.
1474 1126 1557 1192 Item

332 1233 462 1298 floribus
485 1239 518 1298 at
540 1234 686 1308 arbustis,
709 1252 842 1314 quorum
866 1233 949 1315 apud
965 1232 1140 1296 Minucium
1155 1233 1273 1296 mentio
1288 1231 1334 1305 nt,
1358 1233 1444 1296 caret
1458 1231 1559 1294 Theo·

332 1335 448 1418 philus.
493 1335 540 1400 Ea
569 1339 677 1400 autem
707 1339 808 1418 parte,
843 1353 906 1416 qua
934 1335 972 1398 de
1000 1335 1174 1399 seminibus
1202 1335 1320 1415 agitur,
1350 1334 1376 1397 si
1399 1331 1557 1396 Minucius

331 1438 540 1522 Theophilum
564 1442 691 1502 secutus
716 1440 819 1512 esset,
842 1457 898 1521 pro
921 1427 1140 1520 ἀποθνήσκει,
1163 1436 1245 1519 quod
1269 1435 1398 1500 verbum
1421 1435 1558 1500 releren-

332 1540 410 1604 dum
433 1543 482 1604 est
505 1541 543 1604 ad
566 1538 836 1618 ICor.15,3d,¹)
861 1558 923 1603 non
947 1540 1125 1621 scripsisset
1139 1541 1313 1622 corrupta,
1336 1538 1419 1620 quod
1434 1541 1558 1620 spectat

331 1643 371 1706 ad
400 1640 507 1707 ICor.
533 1644 583 1717 15,
606 1644 689 1721 423)
733 1639 802 1706 Iam
837 1661 908 1706 vero
936 1641 1206 1706 considerantibus
1233 1642 1407 1706 Minucium
1440 1641 1478 1704 de
1506 1658 1558 1704 ar·

332 1744 460 1808 boribus
485 1745 577 1826 longe
600 1763 692 1808 secus
708 1745 804 1808 verba
819 1743 930 1808 iecisse
947 1763 983 1808 nc
997 1743 1213 1826 Theophilum,
1235 1743 1346 1808 deinde
1361 1761 1419 1806 neo
1434 1742 1556 1806 inicum

332 1864 391 1911 noo
419 1847 528 1911 lunam
558 1847 598 1911 ab
621 1847 674 1911 illo
697 1851 941 1912 commemorata
964 1865 1046 1922 esse,
1070 1849 1226 1911 extremae
1248 1847 1381 1927 denique
1403 1844 1558 1927 Theophi-

331 1949 416 2013 linae
439 1949 637 2032 expositionis
659 1951 742 2032 parti
765 1951 795 2012 in
820 1949 950 2014 Octavio
971 1949 1050 2013 nihil
1072 1948 1274 2030 respondere,
1298 1947 1555 2029 adstipulandum

331 2050 455 2116 videtur
477 2051 657 2116 Sohwsnhio
680 2052 841 2135 Theophili
864 2052 968 2116 locum
991 2070 1010 2116 a
1032 2051 1169 2116 Minucio
1191 2055 1378 2133 usurpatum
1400 2068 1462 2114 non
1486 2067 1556 2114 esse

329 2154 481 2217 censenti.

418 2256 485 2320 Neo
518 2257 621 2338 magis
649 2257 860 2321 Tertullianus
888 2255 1059 2339 Theophilo
1093 2274 1151 2320 sua
1182 2256 1294 2319 debere
1328 2255 1555 2319 existimandus

329 2362 389 2422 est.
433 2357 540 2423 Prima
562 2359 646 2422 enim
667 2359 890 2442 Theophilinas
913 2357 1131 2441 disputationis
1153 2361 1241 2441 parte
1264 2361 1388 2441 praeter
1403 2357 1556 2421 uocabula

329 2462 453 2544 καιρῶν
481 2465 514 2525 et
539 2459 674 2549 τελευτᾷ
682 2463 706 2540 ³)
734 2462 814 2525 nihil
844 2462 1035 2537 continetur,
1069 2461 1154 2542 quod
1181 2479 1255 2524 cunr
1276 2461 1378 2543 prima
1399 2461 1459 2525 looi
1480 2461 1557 2523 Ter·

329 2562 456 2627 tulliani
484 2569 572 2648 parte
601 2564 641 2628 ad
668 2565 798 2629 verbum
825 2566 987 2644 congruat.
1038 2563 1212 2628 Fructuum
1240 2567 1346 2628 autem
1376 2562 1458 2645 quod
1480 2562 1555 2625 Ter-

328 2664 483 2730 tullianus
506 2668 698 2734 mentionem
722 2667 804 2744 iecit,
826 2685 863 2730 ex
886 2667 944 2730 hoc
968 2666 1017 2728 vix
1039 2666 1173 2730 conicias
1188 2666 1350 2749 Theophili
1371 2666 1467 2730 verba
1481 2667 1555 2729 ante

327 2767 437 2832 oculos
459 2769 624 2834 obversata
646 2771 675 2834 ei
698 2789 776 2834 esse.
813 2773 859 2834 Ao
881 2788 921 2833 ne
944 2787 982 2832 ea
1005 2769 1131 2850 quidem
1147 2769 1331 2832 Tertulliani
1347 2769 1451 2844 verba,
1474 2786 1555 2850 quae

328 2869 370 2932 ad
400 2873 521 2936 semina
547 2873 719 2955 pertinent,
749 2872 789 2937 ad
810 2871 1020 2954 Theophilum
1043 2871 1234 2946 rettulerim,
1263 2871 1412 2954 qnoniam
1433 2870 1557 2934 Tertul-

329 2971 433 3038 lianus
458 2993 581 3057 quoque
604 2966 814 3060 ἀποθνήσκει
837 2975 916 3038 illud
939 2974 1102 3056 participio
1125 2974 1301 3056 corrupta,
1323 2992 1385 3036 non
1410 2969 1555 3037 ‘mortua'

329 3080 481 3157 usurpato
503 3077 614 3143 Latine
643 3077 787 3141 reddidit.
832 3077 976 3158 Denique
999 3076 1213 3140 Tertullianus
1238 3076 1400 3140 arboribus
1424 3078 1456 3139 et
1478 3075 1557 3138 luna

327 3177 455 3242 omissis
478 3183 635 3244 extremae
656 3180 717 3244 loci
741 3179 937 3262 Theophilini
960 3179 1041 3262 parti
1065 3179 1167 3242 simile
1190 3178 1267 3242 nihil
1291 3178 1425 3260 scripsit.

417 3279 515 3346 Credo
536 3283 634 3364 igitur
655 3302 714 3348 nec
731 3281 903 3346 Minucium
927 3302 984 3346 neo
1000 3282 1229 3346 Tertullianum
1244 3281 1409 3364 Theophili
1425 3281 1557 3362 vestigia

329 3383 494 3464 pressisse,
523 3403 595 3448 cum
618 3387 802 3468 praesertim
825 3388 1062 3467 ‘argumentum
1085 3385 1321 3449 resurrectionis
1344 3403 1380 3447 ex
1404 3383 1556 3464 analogiis

328 3488 459 3548 naturae
489 3487 623 3569 petitum
653 3507 770 3569 magna
798 3488 984 3552 auctoritate
1007 3488 1148 3552 floruerit
1170 3486 1253 3569 apud
1277 3491 1398 3551 veteres
1420 3485 1555 3569 patres':

326 3585 368 3650 of.
392 3585 491 3652 Clam.
514 3589 604 3654 Rom.
628 3591 666 3654 ad
691 3590 759 3655 Cor.
782 3590 799 3654 Ι
822 3592 877 3662 2ος
901 3591 1061 3673 Theophil.
1086 3590 1124 3653 ad
1147 3590 1251 3652 Autol.
1274 3587 1363 3653 1114
1385 3609 1449 3670 sq.;
1472 3590 1556 3652 Tert.

330 3689 368 3753 de
397 3709 511 3755 resurr.
537 3694 594 3765 12;
621 3695 765 3758 ambros.
794 3694 833 3757 de
855 3712 920 3757 exc.
944 3693 1032 3757 fratr.
1056 3694 1105 3757 sui
1129 3692 1195 3756 Sat.
1218 3689 1248 3753 ll
1273 3693 1314 3754 54
1336 3712 1404 3774 sqq.
1429 3727 1468 3738 -
1493 3691 1557 3755 Sed

325 3791 492 3874 Theophili
520 3794 607 3858 locus
634 3795 724 3860 docet
746 3796 977 3860 Tertullianum
1006 3800 1037 3860 et
1059 3795 1234 3860 Minucium
1263 3795 1359 3858 etiam
1388 3813 1440 3870 ea,
1474 3813 1555 3876 quae

328 3893 388 3968 his,
412 3895 449 3958 de
473 3897 588 3977 quibus
611 3899 724 3980 agitur,
748 3899 826 3963 locis
849 3899 1007 3980 leguntur.
1032 3917 1068 3963 ex
1090 3917 1153 3962 uno
1177 3899 1263 3962 fonte
1287 3897 1438 3962 hausisse.
1472 3895 1555 3975 Quid

324 3997 434 4060 eninr?
482 3996 638 4076 Quoniam
673 4001 802 4066 Minucii
837 4002 948 4065 ‘liores'
987 4005 1019 4064 et
1049 4001 1197 4064 ‘arbusta'
1226 4004 1259 4065 et
1286 4001 1443 4076 arbores,
1477 4018 1556 4080 quas

322 4097 517 4183 ‘Theophilus
542 4121 665 4184 quoque
688 4105 959 4178 commemoravit,
984 4103 1066 4186 apud
1082 4104 1312 4168 Tertullianum
1328 4103 1446 4166 frustra
1461 4119 1558 4183 quae-

400 4291 419 4356 ἱ)
440 4289 558 4357 Ἀφρον,
581 4289 615 4341 σὺ
633 4285 649 4342 8
667 4296 800 4360 σπείρεις,
823 4288 855 4341 oe'r
874 4293 1063 4352 ζωοποιεῖται,
1082 4289 1132 4339 ἐὰν
1148 4289 1184 4356 μὴ
1203 4285 1377 4360 ἀποθάνῃ.
1408 4288 1441 4342 cl.
1462 4289 1556 4340 loann.

326 4373 370 4438 12,
388 4375 429 4427 24.

398 4460 419 4521 1)
441 4457 519 4512 Οὕτω
537 4464 582 4511 καὶ
600 4460 616 4528 ἡ
634 4459 786 4515 ἀνάστασις
803 4463 861 4512 τῶν
878 4463 990 4532 νεκρῶν,
1010 4465 1152 4528 σπείρεται
1171 4465 1201 4510 ἐι)
1218 4459 1348 4530 φθορᾷ,
1375 4463 1508 4529 ἐγείρεται
1527 4463 1560 4510 ἐν

324 4541 486 4615 ἀφθαρσίᾳ.

395 4633 420 4698 ³1
439 4631 513 4685 Tert.
533 4636 695 4700 ‘tempora
713 4632 759 4686 ubi
778 4632 962 4699 liniuntur,
982 4632 1137 4698 incipiunt&
