3634 5240
1120 304 1160 367 58

525 525 675 609 Dionysio
697 545 797 612 comp.
821 528 904 592 verb.
927 546 953 591 c.
979 527 1016 589 17
1033 547 1062 611 p.
1080 527 1142 591 218
1160 527 1247 592 Sch:
1272 519 1313 592 ὁ.
1332 523 1598 604 ..σπονδεῖος
1622 517 1746 607 ἀξίωμα

525 677 533 692 .
551 677 559 693 .
575 678 583 693 .
600 622 663 710 ἔχει
677 626 761 716 μέγα
775 626 831 695 καὶ
853 624 1033 716 σεμνότητα
1056 626 1187 716 πολλήν,
1209 651 1239 714 p.
1263 631 1325 694 222
1338 631 1428 696 seh:
1452 621 1470 693 ὁ
1493 626 1530 693 δὲ
1553 625 1590 708 ἕξ
1605 621 1746 693 ἁπασῶν

524 735 658 820 μακρῶν
679 723 882 816 (μολοττὸν
905 729 942 797 δὲ
964 724 1059 799 αὗτὸν
1081 726 1112 798 oi
1135 729 1279 820 μετρικοὶ
1304 733 1466 812 καλοῦσιν)
1490 725 1619 818 ὑψηλός
1644 753 1681 796 τε
1700 729 1745 795 rui

525 826 746 919 ἀξιωματικός
769 832 840 901 ἔστι
864 834 918 901 καὶ
942 832 1146 921 διαβεβηκώς
1168 832 1236 924 [ὥς]
1251 835 1271 922 ¹)
1295 833 1355 900 ἐπὶ
1378 831 1474 902 πολύ.
1485 837 1510 919 ²)

612 939 807 1024 Spondeos
822 959 895 1005 eum
911 939 1100 1005 trochaeis
1123 939 1154 1026 (.
1169 990 1184 1010 .
1199 944 1231 1021 ν)
1249 959 1434 1024 comparans
1449 963 1468 999 e
1493 939 1661 1022 „Ephorus
1676 938 1745 1019 (Cio.

526 1042 611 1109 Orat
646 1043 721 1125 191)
744 1091 752 1106 .
776 1090 783 1106 .
807 1091 815 1106 .
838 1045 930 1127 putat
952 1091 959 1106 .
984 1091 991 1106 .
1016 1091 1024 1106 .
1048 1043 1131 1126 quod
1164 1044 1245 1109 alter
1277 1063 1294 1109 e
1324 1044 1428 1125 longis
1461 1044 1598 1118 constet,
1633 1043 1744 1106 altere

524 1146 682 1225 brevibus,
705 1146 771 1211 fieri
795 1146 927 1211 alteram
949 1145 1041 1210 nimis
1064 1146 1236 1225 incitatam,
1260 1148 1393 1211 alteram
1415 1147 1511 1211 nimis
1533 1145 1664 1210 tardam
1686 1163 1745 1208 ora-

524 1249 659 1329 tionem,
684 1251 830 1314 neutram
859 1251 1092 1333 temperatam“.
1136 1250 1264 1333 Repetit
1293 1250 1376 1314 hanc
1408 1249 1525 1334 Ephori
1559 1248 1745 1312 sententiam

525 1351 739 1432 Quintilianus
761 1351 809 1417 IX
830 1353 861 1430 4,
883 1353 935 1416 88.
979 1353 1128 1420 Ceterum
1149 1353 1274 1418 inficete
1298 1353 1430 1418 eandem
1452 1351 1559 1418 Cicero
1581 1351 1635 1415 his
1651 1351 1745 1415 verbis

524 1456 693 1540 impugnat
715 1453 812 1540 (Orat.
836 1455 930 1538 lom:
955 1456 1116 1540 „Ephorus
1138 1476 1210 1521 vero
1237 1476 1277 1521 ne
1301 1457 1467 1540 spondium
1492 1455 1633 1537 quidem,
1659 1473 1745 1536 quem

526 1558 616 1642 fugit,
638 1558 794 1642 intellegit
816 1577 883 1624 esse
907 1559 1073 1641 aequalem
1096 1558 1231 1643 dactylo,
1254 1580 1348 1642 quem
1371 1559 1511 1644 probat“.
1561 1559 1650 1623 Nam
1679 1558 1744 1621 lieet

527 1661 588 1727 duo
609 1661 706 1747 pedes
728 1663 793 1726 sint
813 1662 936 1744 generis
958 1661 1106 1740 eiusdem,
1130 1663 1239 1727 tamen
1259 1665 1454 1747 permultum
1477 1662 1619 1741 interest,
1644 1664 1744 1726 utrum

526 1765 567 1830 sit
584 1766 800 1850 'temperatum
823 1766 951 1830 schemo
973 1784 1010 1829 ex
1032 1765 1134 1849 longis
1153 1768 1185 1831 et
1205 1766 1354 1832 brevibus
1374 1786 1483 1831 necne.
1527 1767 1635 1848 Atque
1658 1785 1698 1828 ne
1718 1764 1744 1826 id

525 1868 652 1951 quidem
674 1869 807 1946 constat,
828 1887 906 1932 uum
922 1867 1059 1933 trochaei
1073 1869 1200 1934 nomine
1216 1871 1301 1935 huno
1316 1869 1444 1955 pedem:
1473 1919 1488 1937 ι
1503 1917 1518 1937 e
1533 1917 1549 1937 ο
1575 1868 1743 1951 insigniens

524 1973 609 2037 reete
631 1971 738 2037 Cicero
759 1972 920 2056 Ephorum
942 1971 1166 2056 interpretatus
1194 1973 1243 2040 sit.
1294 1974 1369 2038 Ven'
1392 1973 1519 2056 quidem
1543 1972 1680 2036 similius
1701 1973 1744 2034 est

525 2063 562 2139 ut
584 2074 786 2140 Aristotelem
816 2075 861 2140 ita
892 2075 1055 2158 Ephomm
1083 2076 1156 2159 pedi
1181 2132 1200 2141 -
1213 2122 1228 2142 e
1255 2077 1393 2142 trochaei
1415 2095 1529 2142 nomen
1551 2076 1741 2160 imposuisse.

527 2177 589 2243 Sed
616 2177 654 2242 de
684 2177 744 2242 hae
774 2196 808 2242 re
838 2177 921 2243 infra
953 2178 1102 2243 dicemus.
1145 2178 1217 2262 Ipsa
1241 2179 1348 2246 Cicero
1368 2181 1428 2245 hoo
1451 2179 1488 2245 de
1513 2179 1652 2263 spondeo
1673 2177 1743 2241 iudi·

526 2282 611 2346 cium
632 2281 709 2346 facit
731 2304 749 2341 e
773 2280 859 2347 Orat.
883 2281 945 2344 216
969 2282 1027 2363 [=
1048 2282 1151 2346 Rufin.
1174 2303 1204 2366 p.
1228 2283 1300 2361 576,
1324 2285 1365 2346 25
1380 2283 1440 2366 Κ];
1465 2281 1679 2365 „Spondius

527 2384 609 2467 quod
625 2386 673 2449 cst
696 2402 712 2448 e
734 2384 836 2466 longis
859 2384 993 2463 duabus,
1009 2385 1150 2450 hebetior
1172 2384 1296 2449 videtur
1318 2388 1352 2450 et
1373 2385 1507 2461 tardior3
1529 2386 1628 2450 habet
1643 2388 1742 2449 tamen

527 2487 674 2552 stabilem
691 2485 849 2570 quendam
872 2488 904 2551 et
925 2507 988 2553 non
1013 2490 1171 2572 expertem
1195 2487 1356 2571 dignitatis
1379 2489 1524 2572 gradum,
1546 2489 1578 2550 in
1593 2487 1742 2553 incisioni

525 2590 585 2655 bus
599 2609 671 2656 vero
690 2591 791 2655 multo
806 2591 908 2674 magis
931 2595 964 2656 et
986 2591 1017 2655 in
1040 2591 1204 2665 mombris;
1231 2593 1423 2674 paucitatem
1446 2592 1530 2656 enim
1545 2591 1665 2675 pedum
1680 2609 1742 2673 gra

525 2693 622 2758 vitate
645 2712 703 2759 sua
725 2695 757 2758 et
777 2695 926 2760 tarditate
950 2696 1161 2778 compensat“.
1216 2693 1305 2760 Cont.
1329 2718 1348 2754 a
1371 2695 1602 2779 Hermogenem
1626 2717 1658 2779 p.
1677 2695 1740 2767 229,

527 2796 757 2876 10W=294,
780 2799 820 2860 27
839 2797 906 2882 Sp:
936 2793 1100 2884 συνθῆκαί
1121 2819 1156 2882 γε
1175 2793 1240 2883 μὴν
1263 2795 1379 2879 σεμναὶ
1402 2793 1437 2863 αἱ
1461 2849 1468 2862 .
1493 2849 1500 2863 .
1527 2849 1534 2862 .
1558 2789 1741 2862 dracoleni

525 2920 561 2963 τε
582 2884 674 2965 οὖσαι
697 2897 751 2964 καὶ
775 2891 1012 2965 ἄνοιπαιστικαὶ
1035 2896 1219 2964 παιωνικαί
1248 2923 1284 2964 τε
1305 2897 1361 2965 καὶ
1393 2894 1483 2966 ἔστιν
1512 2895 1566 2966 ὅτε
1596 2896 1738 2984 ἰἀμβικσὶ

525 2998 798 3068 σπονδειακσί
817 3026 854 3068 τε
868 3001 923 3069 καὶ
938 3003 1095 3087 poliam)
1118 2994 1240 3068 διὸκαὶ
1256 2997 1291 3068 αἱ
1307 3000 1343 3085 ἒξ
1358 2999 1535 3092 ἐπιτρίτων
1550 2997 1738 3089 ἆρμόττοισι

524 3106 571 3191 τῷ
598 3107 714 3193 σεμνῷ.
758 3107 860 3188 Quem
883 3107 923 3172 ad
945 3108 1050 3172 locum
1077 3107 1156 3172 haec
1182 3107 1313 3173 adnotat
1336 3131 1355 3166 ν
1378 3109 1535 3173 Maximus
1558 3107 1691 3172 Plsnud.
1716 3104 1740 3164 V

524 3210 598 3286 493,
626 3210 664 3272 11
689 3209 743 3274 W:
775 3203 795 3297 ἡ
823 3208 859 3275 δὲ
893 3200 1142 3295 σπονδειακὴ
1169 3205 1315 3297 συνθήκη
1341 3209 1463 3293 μᾶλλον
1491 3207 1676 3294 ἐπιπρέπει
1706 3211 1740 3294 τῇ

524 3307 695 3399 σεμνότητι
712 3308 769 3378 διὰ
790 3304 830 3378 τὸ
846 3316 912 3378 τῶν
933 3315 1067 3400 μακρῶν
1082 3313 1227 3399 πλῆθος·
1251 3307 1373 3396 ὁμοίως
1395 3311 1432 3379 δὲ
1455 3312 1509 3378 καὶ
1530 3307 1563 3379 oi
1581 3309 1737 3398 ἐπίτριτον

525 3407 569 3478 δι’
586 3407 674 3481 αι’τό.
717 3417 830 3482 Verbis
846 3416 1036 3500 „Spondeo
1058 3435 1186 3482 narrare
1202 3418 1306 3482 solent
1327 3418 1382 3482 tihi
1397 3417 1538 3482 rhetores
1554 3420 1634 3493 sota,
1658 3414 1738 3496 Quod

525 3519 628 3601 gravis
650 3521 682 3583 et
703 3520 812 3585 tardus
831 3539 880 3586 res
904 3525 1008 3604 gestas
1030 3521 1190 3585 mentibus
1214 3521 1334 3585 adfert“
1357 3520 1491 3584 Rufinus
1513 3542 1544 3604 p.
1569 3520 1646 3599 566,
1664 3516 1738 3582 3311

522 3621 676 3705 respicere
709 3622 832 3689 videtur
860 3643 922 3688 non
956 3625 1022 3687 tom
1057 3624 1097 3689 ad
1130 3623 1193 3689 Cic.
1229 3623 1313 3690 Orat
1346 3624 1406 3687 267
1442 3624 1516 3706 (quo
1546 3623 1672 3707 quidem
1699 3640 1738 3685 re

522 3723 652 3790 ferenda
678 3728 767 3806 sunt,
795 3745 875 3810 quac
903 3726 1036 3790 Rufinus
1068 3727 1105 3792 de
1137 3726 1284 3792 Isocratis
1315 3729 1348 3792 et
1373 3726 1565 3811 Theopompi
1596 3728 1667 3792 stilo
1693 3726 1737 3800 eis,

523 3883 734 3894 *-

593 3965 615 4035 ¹)
633 3964 713 4021 Hane
729 3965 853 4021 voculam
871 3964 1013 4020 delendam
1032 3971 1124 4021 censat
1143 3965 1271 4022 Schaeler
1288 3983 1315 4035 p.
1333 3966 1385 4020 445
1403 3965 1466 4021 adn.

592 4053 614 4120 ¹)
631 4052 675 4106 Ex
692 4051 757 4108 lorti
769 4051 884 4120 quodam
903 4051 1043 4119 longarum
1058 4069 1123 4108 sono
1141 4052 1209 4107 mire
1221 4068 1286 4107 sane
1300 4067 1397 4107 nomen
1409 4050 1487 4120 podis
1499 4052 1620 4120 explicet
1631 4051 1736 4105 Isaccm

522 4137 598 4194 Mon.
624 4155 650 4207 p.
675 4138 738 4207 175,
760 4139 796 4192 24
819 4140 863 4206 (=
885 4136 1032 4194 Pa-Draco
1055 4140 1113 4207 128,
1138 4140 1186 4207 16,
1204 4140 1260 4195 iere
1277 4161 1313 4188 =
1330 4137 1539 4207 Pa-Hephaest.
1557 4140 1572 4206 ξ
1591 4139 1621 4192 lb
1641 4157 1669 4208 p.
1687 4136 1736 4199 cst:

521 4221 539 4291 ἢ
563 4229 611 4287 (oc.
635 4220 807 4292 ὠνόμασται)
833 4221 890 4276 ἀπὸ
908 4225 960 4276 τοῦ
975 4221 1070 4293 μολεῖν
1087 4228 1118 4277 ἐν
1136 4224 1281 4292 αὐτῷτὴν
1298 4225 1396 4291 ὅσσον,
1415 4223 1546 4276 τουτέστι
1565 4225 1735 4298 ἰσχυροτέραν

520 4308 652 4381 γίνεσθαι
668 4311 721 4377 τὴν
737 4308 845 4381 φωνήν·
864 4313 910 4360 καὶ
927 4309 982 4382 γὰρ
999 4314 1030 4362 ἐν
1046 4316 1104 4368 τοῖς
1120 4317 1235 4381 μακροῖς
1254 4309 1341 4363 πλέον
1358 4310 1495 4372 ἐξέπινον
1512 4312 1564 4378 τὴν
1581 4309 1681 4382 φωνήν

592 4396 617 4462 ⁸)
636 4395 704 4450 lbid.
722 4411 750 4464 p.
769 4396 829 4462 395,
847 4395 927 4450 26W
945 4418 978 4443 =
996 4397 1055 4461 421,
1074 4400 1105 4451 13
1122 4399 1180 4467 Sp.:
1201 4396 1229 4449 οἱ
1243 4397 1298 4469 γάρ
1315 4394 1440 4450 πλεῖστοι
1458 4397 1517 4448 τῶν
1535 4396 1653 4468 ῥυθμῶν
1669 4391 1736 4457 αὐτῷ

524 4482 571 4551 (oo.
589 4480 740 4549 Herodoto)
766 4478 838 4533 κατά
863 4499 895 4531 τε
916 4480 965 4536 τὰς
982 4480 1124 4548 συνθήκας
1148 4488 1193 4535 καὶ
1215 4484 1266 4538 τὰς
1286 4482 1382 4552 βάσεις
1406 4479 1567 4535 δσκτνὶικσέ
1581 4486 1614 4534 τέ
1629 4482 1680 4534 εἰσι
1696 4481 1734 4528 καὶ

522 4562 731 4636 damnatorium,
749 4562 979 4620 σπονδειακσί
991 4587 1021 4619 τε
1039 4572 1086 4620 καὶ
1103 4566 1173 4626 ὅλως
1191 4575 1293 4640 σεμνοί.
