3480 5230
648 1311 823 1396 CAPUT
849 1315 882 1395 l.

162 1445 279 1526 QUAE
298 1445 355 1511 DE
375 1447 920 1618 SINGULORUlissffidCORUM
942 1451 1108 1519 STUllllS
1128 1453 1383 1522 RHETORICIS

778 1557 805 1618 A
830 1554 934 1623 SINT.

689 1712 855 1724 *—

735 1819 808 1897 §L

572 1939 619 1998 Du
643 1941 767 2000 Zuuoenr
791 1940 938 2001 Crurursr.
949 1941 971 2020 ¹)

247 2068 344 2136 Teste
364 2071 511 2156 Diogene
534 2071 665 2138 Laertio
689 2073 806 2156 (vul)
829 2074 925 2156 Zeno,
954 2076 1106 2160 princeps
1130 2082 1162 2141 et
1186 2078 1280 2161 quasi
1303 2098 1380 2143 con-

162 2171 250 2237 ditor
272 2172 456 2241 Stoicorum
480 2177 660 2256 doctrinae,
683 2178 803 2243 librum
820 2181 1003 2262 composuit
1020 2179 1095 2267 περὶ
1118 2179 1242 2264 λέξεων,
1265 2181 1380 2264 inquo

162 2275 259 2341 titulo
275 2278 413 2361 pluralis
429 2281 536 2347 forma
550 2280 666 2363 λέξεων
677 2281 831 2347 notabilis
850 2289 908 2364 est,
930 2285 1083 2367 quoniam
1099 2283 1296 2367 peculiarem
1316 2283 1381 2348 rim

162 2380 351 2449 tribuerunt
373 2387 473 2452 Stoici
502 2388 662 2453 vocabulo
685 2386 782 2470 λέξις.
827 2388 1040 2472 Peripatetici
1066 2387 1152 2452 eninr
1182 2410 1246 2453 non
1274 2387 1381 2454 minus

162 2507 258 2569 quam
282 2489 442 2556 Isocrates
465 2493 600 2577 eiusque
625 2492 777 2576 discipuli
799 2491 885 2575 λέξιν
907 2492 1116 2576 interpretati
1132 2497 1209 2556 sunt
1224 2492 1380 2558 elocutio·

161 2613 244 2672 nem,
268 2599 437 2660 externam
460 2598 620 2662 orationis
644 2595 791 2677 formam,
807 2595 849 2662 de
872 2616 938 2680 qua
961 2595 1164 2680 seripserunt
1187 2594 1380 2660 Aristoteles

161 2694 405 2780 Tbeophrastus
422 2699 588 2764 Eudemus
604 2699 754 2784 Ephorus
771 2700 840 2780 alii,
863 2701 921 2783 qui
943 2699 1046 2764 libros
1069 2719 1146 2762 suos
1169 2697 1244 2784 περὶ
1267 2696 1381 2780 λέξεως

160 2799 406 2885 inscripserunt.
452 2805 555 2870 Stoici
578 2827 654 2869 vero
677 2803 762 2886 λέξιν
789 2804 1006 2870 definiverunt
1028 2795 1135 2890 φωνὴν
1160 2801 1381 2890 ἐγγράμματον

161 2903 250 2968 velut
271 2899 383 2992 ἡμέρα,
406 2913 506 2992 atque
523 2929 543 2972 a
557 2906 640 2989 λέξει
658 2907 790 2972 differre
806 2907 980 2972 voluerunt
994 2905 1097 2992 λόγον,
1120 2905 1207 2987 ῳιοι]
1223 2902 1314 2992 λόγος
1329 2897 1378 2970 ἀεὶ

161 3005 354 3092 σημαντικός
376 3008 454 3090 ἐστι,
478 3009 566 3092 λέξις
582 3009 619 3076 δέ
639 3009 692 3076 καὶ
708 3003 834 3097 ι’ίσημος
849 3003 892 3089 aig
907 3005 1043 3097 βλίτυρι,
1066 3005 1159 3094 λόγος
1174 3007 1210 3074 δέ
1226 3001 1380 3091 cleopae.

160 3107 274 3196 Λόγοι
293 3113 396 3195 igitur
411 3114 592 3200 exemplum
608 3115 742 3198 ponitur
755 3108 858 3201 ἡμέρα
873 3110 952 3179 ἐστι’.
965 3117 989 3194 ²)
1028 3112 1107 3177 Cum
1125 3114 1236 3196 priora
1252 3117 1379 3175 tantum

161 3213 340 3295 respiceret
362 3216 461 3281 verba
484 3216 657 3282 Lersehius
682 3215 1026 3302 (Sprachphilosoplrie
1050 3214 1097 3280 ΙΙΙ
1120 3237 1150 3298 p.
1168 3215 1234 3299 45),
1258 3213 1379 3277 iniuria

161 3318 294 3399 negavit
320 3317 404 3401 λέξιν
426 3325 459 3384 et
484 3318 578 3405 λόγον
599 3321 648 3385 ita
670 3320 807 3385 intense
829 3319 1031 3403 discrepare,
1054 3327 1092 3383 ut
1113 3317 1199 3399 λέξις
1221 3323 1308 3382 esset
1324 3338 1377 3381 vo·

161 3418 322 3503 cabulum,
345 3420 439 3508 ldscp
460 3424 664 3489 enuntiatum
680 3424 848 3489 vocabulis
871 3423 1020 3508 pluribus
1041 3421 1202 3488 effectum.
1241 3423 1285 3484 nt
1299 3440 1379 3502 quo-

157 3513 256 3588 'modo
271 3523 483 3608 interpretari
506 3525 575 3590 vult
591 3525 783 3611 Chrysippei
806 3525 908 3592 libelli
925 3525 1067 3604 titulum,
1083 3524 1139 3607 qui
1156 3529 1206 3588 est
1229 3521 1305 3608 περὶ
1320 3513 1379 3602 τὰς

160 3625 262 3708 λέξεις
276 3627 330 3693 καὶ
345 3621 401 3694 τὸν
414 3621 484 3694 κατ’
501 3622 599 3708 alnae
612 3627 726 3716 λόγονλ
735 3631 761 3712 ³)
785 3631 898 3695 Nonne
911 3633 1051 3713 apparet
1064 3626 1164 3707 λέξεις
1179 3648 1250 3691 esse
1266 3631 1378 3709 partes

159 3727 260 3817 λόγον,
284 3732 317 3796 id
340 3739 391 3798 est
414 3733 541 3816 singula
563 3732 684 3800 verba?
713 3734 808 3813 Quod
830 3735 893 3799 iam
918 3737 1155 3818 perspexerunt
1179 3729 1379 3812 Prellerusl)

159 3839 193 3899 et
225 3834 482 3918 Steinthalius.⁵)
534 3837 666 3902 Erravit
697 3843 806 3902 tamen
832 3837 885 3902 hic
913 3834 947 3918 (l.
975 3856 1002 3899 c.
1031 3857 1061 3918 p.
1086 3840 1161 3914 286)
1190 3832 1378 3916 suspicatus

160 3937 249 4021 apud
268 3937 396 4004 Stoicos
420 3939 580 4005 vocabulo
603 3938 687 4021 λέξις
708 3938 793 4004 idem
819 3939 869 4004 vel
893 3939 960 4003 fere
982 3937 1069 4002 idem
1084 3935 1263 4020 significari
1279 3941 1378 4019 atque

161 4040 321 4106 vocabulo
343 4038 470 4129 φράσις.
516 4042 580 4108 Sed
604 4041 644 4107 de
667 4042 729 4107 hac
752 4064 787 4107 re
810 4042 897 4108 infra
921 4041 1017 4127 plura
1040 4039 1291 4123 disputabimus.

232 4266 251 4333 ¹)
270 4265 386 4320 Zenonis
404 4270 433 4320 et
451 4265 590 4320 Cleanthis
609 4265 763 4333 fragmenta
792 4264 902 4332 collegit
920 4265 949 4320 C.
969 4263 1147 4318 Waclrsmuth
1166 4263 1379 4329 (Commentatio

160 4351 195 4405 de
213 4353 321 4406 Zenone
339 4351 454 4406 Citiensi
471 4357 500 4406 et
518 4351 649 4407 cleanthe
670 4351 750 4406 Assio
769 4351 780 4405 l
799 4355 827 4406 et
845 4351 881 4418 ll)
901 4350 1048 4419 Gottingae
1069 4351 1188 4418 retello.

229 4439 250 4504 ³)
270 4437 347 4506 Πίος.
366 4437 397 4492 1..
415 4437 466 4492 Vll
483 4437 525 4490 56.
543 4439 585 4491 57.

230 4525 251 4590 ³)
270 4523 348 4591 Πίος.
369 4524 399 4577 Ιι.
418 4522 470 4576 Vll
488 4524 546 4577 192.

230 4611 252 4678 ⁴)
271 4609 311 4665 De
329 4609 502 4678 Praxiphaue
520 4607 709 4675 Peripatetico,
729 4606 845 4676 llorputi
865 4607 932 4660 1842
950 4623 975 4676 p.
998 4610 1028 4660 lo
1045 4627 1071 4662 u.

229 4699 252 4769 'l
272 4697 433 4756 Gesehlchte
451 4696 500 4753 der
518 4693 811 4766 Spraehwisscueohalt
828 4709 854 4766 p.
873 4694 925 4747 285
943 4709 986 4766 sq.
