3480 5230
908 291 949 354 28

821 374 1030 382 ——————-—

400 513 540 581 Easdem
558 534 641 596 quas
656 511 841 597 philosophi
859 509 989 600 (Stoici)
1003 516 1114 598 partes
1126 515 1250 595 septem
1267 509 1385 577 statuit
1401 509 1544 577 Herma-

315 641 420 703 goras,
436 639 517 704 quas
529 623 626 685 vocat
646 613 747 704 μόρια
763 613 1004 706 περιστάσεως;
1027 615 1163 682 recessit
1173 623 1284 682 tamen
1304 616 1434 698 abillis,
1448 613 1541 699 quod

313 743 377 788 non
389 718 465 812 ὕλην
478 723 571 802 dixit,
586 722 643 788 sed
655 714 815 810 ἀφορμάς,
829 718 1076 799 „adminicula“.
1087 724 1110 803 ¹)
1133 720 1204 786 Hoc
1217 720 1412 787 vocabulum
1427 719 1539 786 nescio

318 849 360 892 an
382 832 550 892 mutuatus
571 827 616 891 sit
638 825 680 891 ab
703 825 752 906 iis,
776 825 833 908 qui
856 821 1059 902 Quintiliano
1082 823 1141 906 (ΠΙ
1157 831 1185 904 6,
1202 833 1243 893 25
1269 827 1353 911 sqq.)
1370 830 1455 890 teste
1476 845 1538 889 no·

313 953 385 998 vem
412 930 574 997 elementa
604 931 774 1011 (στοιχεῖα)
803 932 991 994 statuerunt
1023 948 1200 1010 eorumque
1230 935 1411 997 extremum
1438 923 1537 1013 ἔργων

313 1031 472 1122 ἀφορμάς.
506 1032 737 1099 Gravissimam
753 1031 869 1096 harum
886 1030 1039 1114 partium,
1063 1051 1147 1115 quae
1169 1032 1284 1116 utique
1306 1033 1341 1098 in
1363 1031 1537 1117 hypothesi

312 1138 419 1204 inesse
446 1137 597 1214 deberet,
631 1136 852 1217 Hermagoras
883 1155 954 1200 esse
987 1133 1090 1199 voluit
1122 1155 1307 1218 personam.
1360 1136 1414 1202 Sic
1447 1135 1534 1201 enirn

312 1242 420 1308 thesin
443 1247 476 1307 et
492 1239 692 1324 hypothesin
714 1238 790 1303 finit
806 1237 961 1304 Cicerone
975 1237 1031 1320 (de
1046 1238 1110 1304 inv.
1131 1238 1148 1302 I
1170 1241 1203 1321 8)
1218 1243 1317 1305 teste:
1340 1239 1534 1323 ‚Causam

310 1339 504 1429 (ὑπόδεσιν)
528 1365 599 1410 esse
622 1363 701 1422 rem,
714 1362 798 1425 quae
821 1340 943 1406 habeat
964 1341 998 1406 in
1015 1362 1050 1408 se
1066 1343 1321 1408 controversiam
1337 1343 1372 1408 in
1396 1343 1534 1410 dicendo

312 1449 454 1532 positam
470 1469 544 1512 cum
560 1466 775 1530 personarum
791 1449 954 1509 certarum
971 1444 1238 1528 interpositione;
1259 1447 1533 1530 quaestionem

311 1550 439 1636 (θέσιν)
462 1571 533 1618 esse
556 1571 638 1628 rem,
670 1569 754 1631 quae
782 1546 905 1612 habeat
930 1546 964 1612 in
987 1569 1021 1612 se
1044 1550 1300 1616 controversiam
1328 1549 1362 1614 in
1392 1548 1533 1614 dicendo

311 1654 452 1738 positam
491 1654 561 1719 sine
600 1657 763 1718 certarum
806 1670 1021 1733 personarum
1065 1651 1344 1738 interpositione.“
1408 1652 1534 1732 Quodsi

308 1763 466 1823 accurate
498 1755 602 1822 videri
632 1753 731 1821 verba
770 1754 991 1836 Hermagorae
1027 1775 1048 1820 a
1078 1754 1233 1820 Cicerone
1256 1756 1372 1822 Latine
1398 1755 1533 1822 reddita

310 1881 383 1927 esse
405 1881 532 1926 mecum
560 1858 759 1937 consenties,
791 1855 880 1936 vide,
907 1878 983 1921 num
1010 1857 1228 1940 probabiliter
1251 1858 1379 1925 Graeca
1406 1861 1453 1924 sic
1478 1880 1530 1924 re-

310 1962 471 2030 finxerim:
499 1957 664 2040 ὑπόθεσίς
685 1958 756 2026 ἐστι
780 1965 918 2048 πρᾶγμα
944 1952 1193 2049 ἀμφισβήτησιν
1218 1954 1344 2049 λογικὴν
1371 1957 1440 2046 ἔχον
1465 1963 1530 2042 (vel

311 2062 553 2149 ἐπιδεχόμενον)
568 2058 646 2148 μεθ’
664 2059 850 2151 ὡρισμένων
866 2061 1054 2146 προσιόντων
1074 2062 1306 2152 περιστάσεως.
1345 2064 1443 2145 δέοις
1456 2065 1530 2132 ἐστὶ

309 2174 445 2256 πρᾶγμα
471 2160 716 2256 ἀμφισβήτησιν
737 2159 864 2253 λογικὴν
886 2161 956 2248 ἔχον
978 2167 1042 2253 (vel
1066 2165 1306 2253 ἐπιδεχόμενον)
1329 2161 1404 2236 δίνου
1426 2164 1529 2257 cipio-

308 2269 414 2356 μένων
429 2268 622 2359 προσώπων
633 2266 867 2358 περιστάσεις.
891 2270 973 2336 Nam
990 2291 1054 2336 non
1067 2270 1191 2353 dubit0,
1208 2273 1288 2357 quin
1303 2295 1399 2358 quam
1414 2273 1529 2340 Cicero

308 2375 388 2441 dicit
410 2376 746 2458 „interpositionem“,
771 2395 811 2440 sa
833 2374 877 2438 sit
899 2374 1121 2458 Hermagorae
1144 2374 1349 2462 asciscente.

394 2478 475 2544 Cum
498 2479 549 2544 his
572 2480 654 2544 satis
676 2482 873 2560 congruunt,
905 2497 988 2560 quas
1014 2480 1218 2562 Augustinus
1244 2485 1287 2566 (p.
1313 2482 1388 2568 140)
1415 2483 1528 2565 tradit,

309 2581 532 2648 definitiones:
556 2581 768 2667 „hypothesis
791 2586 842 2646 est
863 2601 921 2646 sen
943 2583 1167 2648 controversia
1189 2605 1251 2665 res,
1274 2604 1360 2667 quae
1382 2585 1529 2653 admittit

309 2683 502 2750 rationalem
526 2685 766 2751 contentionem
801 2705 874 2748 oum
902 2683 1091 2751 definitione
1117 2707 1286 2772 personae.
1332 2687 1448 2755 Thesis
1476 2696 1528 2756 est

307 2810 369 2870 res,
387 2810 472 2872 queo
490 2788 638 2855 admittit
655 2787 849 2853 rationalem
866 2787 1227 2856 considerationem
1248 2792 1318 2858 sine
1334 2791 1526 2860 definitione

306 2899 494 2977 personae.“
539 2893 577 2957 ln
599 2892 650 2956 his
673 2912 734 2955 vox
757 2890 1025 2972 „consideratio“,
1049 2892 1082 2956 ni
1103 2892 1209 2976 fallor,
1226 2893 1350 2962 Graeco
1367 2895 1526 2962 vocabulo

307 2991 487 3082 ἐπίσκεψις
516 2994 701 3079 respondet.
751 2993 864 3060 Crebri
892 2995 976 3060 enim
1004 3000 1080 3059 sunt
1107 2997 1187 3063 fines
1214 2997 1311 3080 tales,
1340 2999 1448 3082 qualis
1476 3007 1527 3066 est

305 3097 372 3166 hic:
406 3096 505 3178 θέσις
533 3096 602 3165 ἐστὶ
630 3103 767 3184 πρᾶγμα
793 3096 922 3184 λογικὴν
945 3094 1166 3186 ἐπίσκεψιν
1194 3099 1425 3186 ἐπιδεχόμενον
1451 3093 1526 3169 ὄνου

307 3198 495 3288 προσώπων
517 3196 705 3288 ὡρισμένων
725 3200 781 3266 καὶ
800 3199 910 3290 πόσης
925 3197 1037 3290 ἑτέροις
1053 3200 1285 3291 περιστάσεως.
1295 3206 1321 3289 ²)
1358 3205 1526 3290 Inprimis

264 3335 273 3352 ·
305 3326 383 3371 vero
399 3325 481 3389 opus
497 3311 547 3370 est
563 3325 766 3390 cognoscere,
790 3304 905 3388 quales
921 3305 1085 3391 Sulpicius
1102 3307 1215 3372 Victor
1230 3307 1400 3391 intellegat
1416 3307 1525 3375 theses

306 3413 340 3473 et
366 3406 573 3492 hypotheses.
618 3407 681 3486 Qui
710 3413 886 3491 postquam
915 3409 1121 3475 definitiones
1147 3409 1367 3492 Hermagorae
1383 3411 1524 3495 pervul-

305 3516 400 3594 gatus
427 3503 530 3576 isdem
553 3510 622 3577 fere
644 3514 760 3592 causis
781 3510 900 3595 quibus
924 3512 1143 3596 Apollodorus
1159 3512 1377 3597 Pergamenus
1386 3515 1422 3599 ³),
1444 3535 1524 3579 usus

304 3615 428 3694 reiecit
453 3613 568 3679 melius
592 3620 689 3698 putat
711 3617 756 3680 sio
780 3613 921 3682 definiri:
950 3616 1072 3694 „thesis
1095 3622 1145 3683 est
1169 3637 1222 3682 res
1244 3616 1438 3683 rationalem
1457 3617 1524 3683 dis-

303 3717 507 3802 putationem
530 3717 702 3802 recipiens,
725 3717 817 3783 ouius
840 3717 913 3782 finis
936 3723 986 3783 est
1012 3719 1228 3803 inspectio,
1256 3717 1444 3803 hypothesis
1473 3728 1525 3787 est

305 3842 357 3887 res
380 3819 574 3886 rationalem
597 3820 854 3904 disputationem
871 3821 1045 3906 recipiens,
1069 3824 1162 3888 ouius
1184 3822 1257 3890 finis
1280 3823 1386 3889 actio
1409 3828 1451 3889 et
1469 3827 1523 3890 iu-

304 3923 487 3993 dicatio.“
509 3924 600 3989 Haec
623 3923 748 3991 Graece
772 3924 819 3990 sic
842 3924 910 3990 sere
932 3925 1146 3992 reddiderim:
1169 3923 1270 4006 δέοις
1293 3923 1364 3994 ἐστὶ
1386 3931 1524 4014 πρᾶγμα

303 4023 534 4110 ἐπιδεχόμενον
572 4019 700 4113 λογικὴν
732 4019 978 4116 ἀμφισβήτησιν
1009 4026 1103 4108 τέλος
1141 4024 1211 4111 έχον
1246 4021 1313 4116 τὴν
1339 4027 1523 4118 θεωρίαν.

302 4125 466 4209 δπόθεσίς
519 4127 591 4195 ἔστι
645 4133 782 4217 πρᾶγμα
831 4127 1060 4216 ἐπιδεχόμενον
1107 4129 1238 4220 λογικὴν
1274 4124 1524 4222 ἀμφισβήτησιν

371 4374 392 4433 ¹)
411 4371 476 4424 Aur.
496 4369 566 4437 Aug.
586 4386 613 4439 p.
633 4370 681 4424 141
703 4369 735 4423 H.

369 4457 393 4516 ¹)
412 4453 472 4510 Nic.
492 4453 571 4525 Soph.
592 4455 633 4512 111
650 4471 676 4525 p.
696 4457 761 4520 4933
779 4457 813 4511 ct.
832 4457 959 4527 Hermog.
977 4458 1004 4513 11
1021 4475 1046 4529 p.
1067 4461 1112 4528 173
1131 4458 1224 4515 Theon
1243 4458 1269 4513 ll
1287 4475 1313 4529 p.
1333 4457 1383 4513 lto
1401 4459 1450 4532 Sp.

376 4543 395 4608 ³)
415 4541 480 4595 Aur.
498 4543 568 4612 Aug.
587 4558 616 4614 p.
635 4543 686 4596 140
703 4541 737 4599 H.
