3514 5244
918 433 962 497 66

319 625 515 691 vocabulum
538 627 667 691 bonaria
690 624 800 710 adicit,
824 647 1019 711 quamquam
1032 626 1086 692 hie
1105 625 1146 692 de
1160 649 1286 712 camora
1301 647 1365 692 nou
1381 626 1421 692 de
1436 651 1552 693 morato

322 733 400 798 bono
433 754 610 800 sermonem
646 753 719 800 esse
752 740 852 819 patet.
875 772 919 782 -
942 735 1023 798 ΧΙΙΙ
1049 737 1121 820 1,6
1154 735 1188 799 in
1215 734 1323 801 verbis
1352 733 1456 800 hisce:
1493 739 1554 799 uisi

315 845 451 924 parietes
487 845 608 924 mappis
645 850 674 906 et
704 845 851 926 pretiosi-s
887 844 1037 907 orbibus
1073 845 1273 926 refulserant,
1313 863 1371 927 pro
1405 844 1552 908 orbibus

318 948 460 1033 positum
493 957 543 1014 est
571 950 773 1014 ordinibus.
821 958 856 1014 at
884 949 1079 1032 reliquorum
1107 949 1260 1014 librorum
1283 949 1456 1016 lectionem
1479 970 1551 1015 con-

317 1055 447 1121 firmant
480 1055 662 1141 parietinae
694 1057 923 1141 Pompeianae.
978 1058 1011 1123 in
1043 1057 1159 1140 quibus
1191 1078 1263 1122 eum
1296 1057 1429 1142 saepius
1459 1058 1551 1122 orbes

316 1164 425 1228 colore
450 1183 549 1229 aureo
573 1163 653 1248 picti
678 1163 743 1229 sint
766 1161 808 1249 (v.
830 1164 907 1229 Mau
937 1167 1112 1229 Geecbirlrie
1138 1167 1194 1229 der
1220 1167 1412 1230 decoratione
1442 1167 1550 1230 ll'ood-
1589 1157 1593 1170 ’

315 1275 442 1336 malaci
465 1275 498 1336 ia
521 1274 660 1356 Pompeji
683 1271 747 1336 tab.
765 1271 808 1336 VI
824 1267 875 1358 [ci.
890 1293 921 1356 p.
939 1269 1012 1360 192]
1031 1279 1063 1337 ct
1078 1274 1144 1337 tab.
1160 1273 1244 1358 Vll),
1268 1273 1327 1340 bos
1341 1273 1374 1338 in
1390 1272 1551 1339 aedificiis

316 1377 481 1444 homiuum
504 1378 764 1464 locupletiorum,
793 1378 974 1463 dequibus
999 1379 1124 1445 Seneca
1149 1380 1232 1464 agit,
1259 1400 1336 1446 vere
1360 1401 1477 1447 aureos
1500 1380 1551 1445 vel

317 1494 451 1552 auratos
477 1505 496 1552 e
518 1485 699 1571 parietibus
723 1507 901 1572 suspensos
929 1486 1030 1554 fuisse
1059 1488 1128 1554 veri
1158 1487 1353 1553 simillimum
1377 1489 1485 1568 cst⁶¹).
1508 1525 1551 1534 -

315 1594 382 1658 iam
402 1593 501 1677 igitur
519 1587 657 1678 apparet
675 1592 790 1658 librum
808 1593 842 1657 M
861 1593 974 1660 codice
992 1595 1079 1680 Pr.b,
1104 1595 1146 1659 ad
1165 1616 1260 1678 quem
1278 1603 1388 1662 aetate
1407 1595 1552 1680 proxime

318 1701 460 1786 accedit,
492 1703 596 1787 pretio
630 1701 791 1786 superari,
825 1702 993 1786 scripturis
1027 1709 1134 1768 autem
1171 1703 1205 1768 in
1236 1724 1276 1767 eo
1309 1703 1378 1769 solo
1412 1704 1551 1770 servatis

319 1808 529 1875 diffidendum
555 1829 637 1894 esse,
662 1809 724 1875 nisi
749 1809 964 1876 certissimum
979 1811 1021 1876 sit
1036 1831 1094 1877 eas
1109 1811 1149 1876 iis
1165 1832 1247 1894 quas
1262 1811 1379 1895 reliqui
1393 1812 1550 1896 praebent

316 1925 495 2002 praestare.
541 1918 644 1984 bonas
668 1924 776 1984 tamen
799 1918 956 1984 lectiones
980 1919 1012 1983 in
1040 1919 1122 1984 libro
1153 1926 1219 1984 tam
1248 1927 1376 1986 vetusto
1404 1926 1502 2002 atque
1529 1939 1551 1982 a

317 2023 478 2091 Parisinis
503 2031 535 2090 et
557 2025 744 2091 Florentino
767 2025 896 2109 longius
920 2046 1015 2108 quarn
1031 2025 1115 2092 alios
1130 2026 1319 2093 discedente
1334 2027 1416 2093 satis
1430 2025 1550 2092 multas

317 2140 428 2198 extare
453 2139 703 2198 consentaneum
719 2138 777 2198 cst.
816 2133 893 2216 quin
909 2133 1008 2197 etiam
1021 2142 1151 2218 praeter
1167 2155 1232 2219 eas,
1257 2154 1339 2217 quas
1353 2134 1547 2200 Woltersius

316 2240 450 2325 protulit
473 2247 506 2305 et
530 2239 693 2323 sagaciter
718 2239 907 2323 eruditeque
931 2240 1227 2322 commendauit⁶²)‚
1255 2248 1429 2327 supersunt
1452 2261 1549 2326 quae-

319 2346 393 2412 dam
418 2347 720 2414 commemoratione
744 2368 807 2413 non
831 2348 1002 2431 indignae:
1025 2349 1099 2434 vt,
1124 2352 1143 2414 2
1168 2351 1396 2434 comprobatur
1418 2348 1500 2413 libro
1517 2349 1550 2411 M

319 2456 478 2541 scriptura
493 2457 535 2520 ab
550 2456 675 2521 Haasio
691 2477 730 2520 ex
755 2455 846 2521 libris
860 2456 1043 2521 recentibus
1067 2479 1110 2538 γε
1135 2463 1167 2522 et
1190 2457 1387 2522 editionibus
1411 2456 1550 2522 vetustis

318 2569 465 2649 recepta:
494 2566 569 2628 arabi
590 2585 665 2628 sacro
688 2566 780 2628 idem
805 2566 854 2642 (id
877 2563 975 2629 ceteri
1000 2563 1106 2644 codd.)
1131 2567 1253 2649 expedit
1275 2568 1356 2650 quod
1378 2564 1488 2643 ribill).
1508 2599 1547 2611 -

318 2671 380 2737 VII
402 2672 433 2755 5,
461 2673 514 2736 13:
543 2675 645 2756 aspice
672 2673 716 2735 M.
744 2671 889 2736 Catonem
916 2694 1006 2736 sacro
1028 2673 1074 2735 illi
1095 2676 1215 2756 pectori
1232 2675 1420 2757 purissimae
1441 2693 1551 2738 omnus

318 2797 531 2806 -—-—-—-—-

409 2847 446 2918 οι)
465 2866 519 2903 non
539 2850 604 2904 licet
623 2850 788 2904 confundere
807 2850 931 2904 cumbis
951 2849 1061 2905 orbibus
1075 2850 1162 2905 discos
1175 2851 1224 2918 qui
1237 2858 1373 2906 vocantur
1386 2867 1550 2906 marmoreos

319 2937 348 2992 in
368 2939 446 2993 atriis
465 2944 494 2994 et
511 2941 651 2996 viridariis
669 2941 844 3010 Pompeianis
863 2941 938 2995 inter
956 2941 1024 2995 duas
1042 2941 1113 3010 pilas
1129 2945 1179 2996 aut
1193 2961 1226 2997 ex
1241 2943 1382 2997 arboribus
1398 2960 1547 3012 suspensos.

319 3045 435 3095 quorum
468 3031 595 3100 exempla
626 3030 767 3085 delineata
798 3031 882 3085 habes
910 3031 984 3100 apud
1012 3031 1238 3085 Ouerbeclr-Mau
1271 3031 1413 3102 Pompeji‘
1440 3051 1466 3102 p.
1490 3033 1550 3087 539.

319 3121 440 3174 ceterum
454 3120 562 3190 Lipsius
581 3139 644 3175 cum
658 3120 776 3175 Senecae
795 3121 853 3175 loco
872 3121 1025 3190 comparari
1044 3121 1122 3176 iubet
1140 3121 1280 3176 Iuvenalis
1298 3139 1407 3176 versum
1425 3123 1474 3190 (XI
1491 3121 1551 3185 175)

319 3208 405 3264 hunc:
423 3213 471 3280 qui
489 3213 731 3266 Lacedaemoniam
746 3214 894 3280 pitysmate
912 3213 1029 3265 lubricat
1048 3213 1148 3276 arbem3
1172 3215 1203 3265 at
1221 3212 1272 3265 hoe
1290 3211 1324 3266 de
1342 3211 1398 3266 solo
1417 3226 1552 3266 marmore

230 3293 232 3298 ’
319 3299 534 3354 Lacedaemonio
553 3303 641 3355 strato
660 3300 762 3372 agitur,
782 3301 885 3355 Seneca
903 3300 1027 3368 loquitur
1044 3300 1078 3354 de
1096 3301 1258 3370 parietibus.

410 3386 447 3454 ⁰¹)
466 3393 658 3458 serrarius,
682 3407 766 3459 quam
785 3390 849 3444 libri
867 3391 897 3444 M
920 3389 1087 3458 scripturam
1107 3390 1272 3445 Woltersius
1291 3389 1328 3461 (p.
1343 3392 1386 3458 38,
1405 3408 1448 3460 ep.
1463 3391 1505 3456 56,
1523 3387 1551 3456 4)

321 3479 489 3546 reliquorum
521 3480 645 3534 codicum
676 3479 789 3534 lectioni
821 3481 996 3546 ferrarias
1027 3497 1075 3534 suo
1108 3481 1168 3534 iure
1199 3480 1343 3549 praetulit,
1376 3481 1551 3534 confirmatur

320 3569 412 3624 codiee
435 3569 480 3622 W.
522 3568 721 3638 improbandae
749 3573 843 3624 tamen
871 3573 936 3622 sunt
964 3587 1012 3624 eae
1039 3569 1104 3623 libri
1127 3569 1156 3624 M
1183 3571 1348 3640 scripturae,
1376 3587 1444 3639 quas
1472 3589 1498 3638 p.
1517 3569 1551 3622 38

320 3661 374 3727 (ep.
390 3659 432 3722 65,
455 3659 478 3726 1)
497 3661 526 3713 et
542 3677 569 3729 p.
584 3659 619 3712 42
638 3659 693 3726 (78,
710 3659 756 3728 11)
775 3659 985 3713 commendavit.
1015 3677 1081 3713 narn
1100 3660 1173 3727 quod
1191 3660 1241 3715 illo
1259 3661 1318 3714 loco
1336 3659 1551 3714 concinnitatem

320 3748 453 3804 orationis
472 3749 580 3819 exigere
600 3752 690 3818 putat,
719 3753 752 3804 ut
775 3767 824 3818 pro
845 3752 1119 3818 postmeridiano
1142 3767 1204 3804 cum
1223 3751 1252 3804 M
1275 3767 1439 3820 reponamus
1460 3759 1552 3818 post·

320 3841 560 3908 meridianum,
578 3839 795 3893 obliviscendum
813 3856 868 3893 non
887 3843 929 3894 est
947 3839 977 3893 in
991 3839 1109 3894 Senecae
1123 3840 1247 3894 oratione
1265 3839 1323 3894 iam
1336 3839 1456 3894 inveniri
1470 3839 1552 3894 initia

320 3928 545 3984 inconcinnitatis
570 3929 728 3994 Tacitinae;
752 3929 804 3982 hoc
821 3945 885 3982 vero
905 3929 964 3984 loco
982 3930 1080 3984 vocula
1098 3932 1178 3998 cibi,
1197 3946 1268 3998 quae
1286 3929 1317 3984 in
1334 3929 1402 3984 Pr.b
1420 3929 1504 3994 deest,
1522 3929 1552 3982 in

320 4020 376 4073 PM
393 4019 564 4088 interpolata
580 4019 700 4074 ridetur.
737 4037 827 4088 neque
851 4019 926 4074 enim
949 4020 982 4074 de
1007 4020 1067 4074 cibo
1090 4022 1147 4075 solo
1165 4038 1252 4076 sermo
1276 4024 1325 4086 est,
1349 4019 1396 4074 sed
1415 4019 1502 4074 etiam
1520 4018 1552 4072 de

320 4111 396 4177 potu.
434 4126 519 4177 quare
537 4109 701 4164 vocabulum
721 4127 873 4178 quarum,
892 4110 965 4177 qnod
983 4113 1062 4164 extat
1080 4110 1109 4164 in
1127 4111 1152 4162 V
1168 4110 1232 4176 001,
1257 4110 1283 4164 oi
1306 4109 1379 4177 quod
1397 4108 1553 4178 Madvigius

319 4198 439 4265 (11489)
466 4216 516 4268 pro
545 4202 665 4268 quibas
692 4198 785 4268 posuit
808 4202 919 4267 auius,
945 4199 1156 4268 praeferendum
1179 4216 1236 4254 esse
1260 4199 1394 4254 existimo.
1432 4202 1552 4253 ceterum

320 4288 420 4342 merito
444 4287 585 4344 dubitavit
608 4289 773 4344 Woltersius
798 4290 833 4358 (p.
849 4289 892 4354 33,
918 4307 959 4358 cp.
978 4290 1003 4354 4,
1024 4289 1050 4356 6)
1074 4289 1108 4344 de
1131 4289 1249 4343 lectione
1272 4293 1367 4344 iuuat
1391 4306 1408 4343 a
1427 4287 1553 4343 Fickerbo

319 4395 369 4446 pro
387 4381 529 4434 adiuuat
549 4397 583 4434 ex
601 4380 626 4433 Il
644 4379 769 4449 prolata;
793 4397 859 4433 nam
878 4379 907 4432 in
926 4379 978 4434 hoc
996 4396 1104 4447 quoque
1124 4382 1264 4433 adiuuat
1282 4381 1377 4434 extare
1394 4381 1489 4432 testor.

413 4465 449 4537 Μ’)
468 4469 498 4523 in
512 4469 638 4538 proxima
651 4469 772 4538 epistula
786 4469 821 4534 (V
834 4470 858 4533 6,
876 4471 918 4538 li)
937 4486 992 4523 non
1011 4469 1139 4539 displicet
1157 4469 1231 4537 quod
1249 4469 1279 4522 in
1297 4468 1341 4522 his
1359 4467 1461 4523 verbis:
1481 4469 1553 4522 aiios

318 4559 430 4613 libidini
448 4563 539 4627 sarcit,
558 4562 631 4614 alias
647 4562 791 4627 avaritiae,
810 4561 882 4612 aliua
901 4561 1051 4628 ambitioni,
1070 4577 1160 4614 amnes
1177 4562 1292 4614 timori
1309 4560 1339 4613 M
1355 4575 1404 4628 pro
1420 4557 1553 4612 vocabulo

319 4647 446 4718 timori,
474 4649 548 4716 quod
575 4667 673 4704 sanum
701 4666 759 4703 esse
787 4647 834 4702 vix
857 4651 957 4717 potest,
986 4652 1094 4703 canori
1120 4649 1212 4703 habet.
1259 4648 1353 4704 omnia
1379 4647 1454 4704 enim
1483 4664 1554 4716 quse

320 4741 474 4806 sequuntur
493 4738 620 4806 exempla
639 4738 739 4792 amoris
758 4741 832 4803 sunt,
851 4737 958 4792 timoris
977 4755 1049 4802 vero,
1070 4755 1240 4806 quamquam
1260 4739 1285 4792 ci
1298 4737 1357 4792 voci
1373 4737 1424 4791 soli
1437 4737 1552 4792 uerbum
