3546 5236
948 415 991 481 84

355 607 441 672 idem
465 608 551 690 quod
576 608 655 674 dicit
679 608 837 674 Senecam
860 613 889 692 4,
914 611 958 674 20
986 629 1049 673 ncn
1072 610 1176 674 aliter·
1191 610 1330 676 scribere
1353 611 1500 694 petuisse
1522 610 1590 676 nisi

351 717 553 798 prudenter
577 739 708 781 cenare
731 717 842 780 bortum
865 724 909 780 est
931 735 989 800 pro
1008 715 1050 780 iis
1070 736 1154 799 quae
1169 717 1234 781 sint
1248 716 1281 781 in
1295 716 1387 782 libris
1401 716 1588 782 recentiori-

356 822 424 905 bus,
455 821 643 887 omittantur
675 823 709 886 in
741 822 782 886 B:
818 845 948 887 cenare
975 824 1062 887 berre
1089 825 1200 888 boreum
1232 832 1277 888 eat
1308 822 1493 906 negandum
1525 832 1589 888 est

355 947 430 991 nam
458 929 519 994 etsi
547 929 579 993 in
609 929 750 1014 epistula
776 929 841 993 XX
864 933 894 1013 5,
920 933 960 994 12
994 949 1145 994 cenarum
1177 931 1332 996 bonarum
1361 929 1589 996 adsectatores

355 1035 621 1120 perstringuntur,
646 1055 719 1100 num
743 1035 819 1100 inde
844 1034 989 1119 sequitur
1008 1035 1167 1102 Senecam
1190 1056 1303 1101 cenam
1326 1037 1443 1101 bonam
1466 1038 1587 1100 bonum

356 1161 419 1205 non
447 1142 640 1227 putavisse?
686 1143 782 1207 immo
812 1164 852 1208 ex
876 1142 1008 1225 dialogo
1032 1142 1165 1208 devita
1189 1144 1286 1208 beata
1309 1147 1361 1226 27,
1385 1148 1407 1208 4
1429 1144 1589 1209 lautiores

299 1309 305 1317 .
355 1255 479 1313 tantum
494 1269 593 1314 cenas
609 1250 639 1314 ei
654 1249 892 1334 vituperatione
907 1249 1025 1333 dignas
1039 1250 1130 1316 visas
1145 1269 1219 1316 esse
1235 1258 1381 1335 apparet.
1413 1257 1586 1335 praeterea

355 1355 468 1419 mirum
492 1362 588 1440 esset,
613 1357 640 1422 si
664 1356 876 1440 interpolator
898 1356 954 1420 ille
978 1376 1060 1421 unus
1084 1357 1224 1422 omnium
1241 1356 1433 1422 vaferrimus
1448 1356 1588 1422 lacunas

354 1461 402 1526 ita
417 1462 589 1546 explesset,
612 1469 649 1526 nt
662 1483 720 1528 cur
736 1471 827 1529 ortae
842 1470 951 1530 essent
966 1464 1061 1528 simnl
1075 1464 1326 1547 intellegeretur.
1354 1484 1429 1529 nam
1443 1464 1584 1529 omnium

356 1567 423 1634 fere
446 1568 531 1634 idern
556 1576 606 1635 est
629 1570 775 1635 ultimum
794 1571 927 1635 verbum
941 1579 1040 1652 atque
1054 1572 1292 1636 enuntiatorum
1314 1570 1586 1637 antecedentium.

444 1683 574 1760 practer
597 1676 658 1742 has
682 1677 839 1742 lectiones
861 1677 895 1741 in
920 1677 1011 1742 libris
1034 1678 1266 1744 recentioribus
1291 1698 1354 1743 non
1378 1677 1481 1744 solum
1497 1677 1584 1743 aliae

354 1801 415 1847 nec
442 1803 568 1866 paucae
597 1791 671 1850 sunt
699 1783 844 1849 eiusdem
875 1785 1018 1868 generis,
1047 1784 1106 1850 sed
1134 1785 1234 1848 multo
1262 1785 1367 1849 maior
1394 1806 1504 1850 earum
1532 1792 1584 1849 est

355 1909 505 1955 numerus
529 1909 622 1974 quae,
650 1891 798 1973 quamvis
827 1891 1042 1976 interpolatas
1069 1911 1126 1956 eas
1150 1911 1215 1956 non
1238 1911 1311 1956 esse
1334 1911 1392 1976 pro
1417 1899 1505 1956 certo
1529 1911 1581 1956 ex·

354 1995 546 2078 plorataque
574 1995 639 2062 dici
666 2005 815 2080 nequeat,
847 2005 954 2062 tamen
983 2017 1022 2062 ex
1052 1997 1140 2062 fonte
1164 1998 1304 2081 genuino
1326 1998 1461 2065 fluxisse
1484 2006 1517 2064 et
1539 1998 1583 2062 ab

355 2121 394 2166 eo
427 2103 512 2184 quod
544 2103 670 2169 Seneca
703 2104 834 2189 scripsit
859 2105 993 2190 propius
1022 2125 1118 2187 quam
1148 2106 1226 2169 AB
1255 2107 1373 2172 abesse
1403 2104 1582 2171 videantur.

354 2229 548 2292 quamquam
571 2210 681 2296 plures
699 2211 733 2276 in
752 2211 793 2276 iis
807 2232 828 2276 a
842 2211 983 2276 librariis
999 2210 1094 2276 foede
1109 2210 1308 2297 depravatas
1323 2231 1473 2278 essenon
1489 2233 1583 2294 nego.

355 2336 439 2398 quae
469 2317 530 2382 etsi
557 2317 746 2402 plerumque
779 2319 1008 2384 sententiarum
1042 2339 1127 2384 nexu
1159 2319 1364 2384 considerato
1394 2327 1427 2385 ct
1454 2319 1582 2384 dicendi

355 2443 474 2506 genere
502 2425 680 2490 Annaeano
714 2424 888 2508 diligenter
920 2427 1092 2491 observato
1120 2445 1184 2490 non
1217 2425 1350 2492 difficile
1382 2448 1402 2491 a
1435 2427 1584 2511 genuinis

355 2530 588 2616 discernuntur,
612 2531 658 2596 ibi
681 2532 853 2596 maximam
877 2531 1002 2597 fraudis
1027 2533 1245 2618 suspicionem
1268 2543 1406 2619 movent,
1429 2534 1484 2599 ubi
1499 2553 1584 2598 unns

354 2645 477 2702 tantum
501 2637 555 2702 rel
573 2629 675 2722 ¹pauci
699 2657 809 2704 eorum
833 2639 1031 2722 singularem
1055 2639 1199 2722 aliquam
1223 2641 1393 2706 lectionem
1415 2642 1582 2727 praebent.

355 2743 578 2809 difficillimum
601 2765 678 2811 vero
702 2753 753 2810 est
780 2745 870 2810 dictu
899 2746 952 2828 qui
977 2745 1107 2812 codices
1130 2748 1326 2812 recentiores
1350 2749 1467 2834 ceteris
1490 2767 1583 2832 prae-

355 2857 449 2918 stent
495 2850 581 2934 quod
610 2851 694 2916 enim
722 2851 848 2916 iamin
878 2852 969 2917 libris
998 2852 1200 2918 saeculorum
1230 2854 1412 2920 duodecimi
1427 2863 1473 2920 -et
1496 2854 1582 2919 tertii

355 2958 470 3023 decimi
498 2960 749 3043 observavimus,
784 2967 819 3024 ut
853 2959 937 3024 duae
970 2968 1026 3024 aut
1058 2960 1168 3044 plures
1199 2961 1405 3027 recensiones
1434 2962 1585 3028 diversae

354 3066 657 3150 contaminarentur,
682 3065 716 3130 id
739 3067 772 3131 in
796 3067 848 3132 his
872 3065 1037 3130 codicibus
1061 3067 1161 3132 multo
1185 3068 1328 3133 crebrius
1352 3088 1413 3134 usu
1435 3069 1532 3133 venit.

864 3283 1075 3290 Ἥ

947 3481 991 3556 V.

390 3633 438 3713 lte
467 3635 563 3713 libris
592 3635 648 3732 qui
677 3634 719 3712 te
746 3634 898 3714 tcruuta
927 3636 1100 3714 honestae
1128 3637 1222 3714 ritae
1250 3638 1287 3714 et
1316 3636 1359 3715 te
1388 3635 1548 3716 remediis

388 3759 613 3839 tonnitorum
634 3757 871 3838 inscribuntur
889 3759 1002 3839 nediu
1022 3778 1112 3839 aero
1133 3760 1163 3838 in
1184 3761 1359 3858 epitcuas
1378 3761 1545 3841 redactis.

444 3919 543 3985 Plura
567 3920 813 4006 deperditorum¹
826 3921 972 3988 Senecae
986 3921 1138 3988 librorum
1154 3923 1336 4006 fragmenta
1351 3925 1584 3990 sententiarum

354 4027 599 4093 collectionibus
632 4026 739 4092 medio
772 4048 854 4093 aevo
884 4028 1040 4095 confectis
1069 4050 1165 4113 quam
1194 4032 1236 4095 ab
1264 4031 1339 4096 aliis
1372 4031 1586 4117 scriptoribus

353 4134 475 4200 tradita
498 4141 580 4199 sunt
627 4133 713 4198 idem
742 4135 827 4200 enirn
849 4137 879 4200 ei
903 4135 1024 4201 accidit
1046 4135 1133 4220 quod
1157 4136 1293 4202 aliorum
1317 4138 1407 4204 libris
1430 4139 1584 4204 maxime-

354 4262 416 4325 que
448 4241 489 4306 iis
529 4240 583 4323 qui
621 4240 859 4308 studiosissime
896 4243 1138 4328 lectitabantur,
1174 4251 1222 4328 ut,
1259 4265 1331 4310 eum
1367 4245 1585 4328 gravissimae

353 4347 682 4432 elegantissimaeque
697 4350 879 4414 sententiae
895 4369 935 4415 ex
949 4350 1040 4416 libris
1055 4351 1190 4434 integris
1200 4358 1373 4437 excerptae
1384 4358 1416 4418 et
1425 4351 1585 4418 collectae

354 4465 472 4539 essent,
486 4455 628 4540 perirent
640 4455 722 4540 libri,
736 4465 903 4522 manerent
918 4457 1086 4542 epitomae.
1110 4478 1210 4541 quare
1224 4459 1340 4544 medic,
1355 4458 1442 4542 quod
1456 4459 1585 4544 dicitur,

353 4583 435 4628 aevo
452 4562 598 4628 Senecae
621 4583 737 4628 nomen
757 4563 808 4629 bis
828 4565 1059 4630 sententiarum
1075 4565 1319 4632 collectionibus
1343 4574 1513 4652 tantopere
1534 4567 1584 4632 in-

353 4670 477 4752 claruit,
492 4675 527 4733 ut
542 4668 640 4734 etiam
654 4669 750 4754 aliae,
770 4690 854 4754 quae
869 4673 911 4737 ab
926 4691 964 4737 ec
978 4672 1146 4756 profectae
1160 4692 1225 4738 non
1239 4680 1358 4759 essent,
1371 4673 1461 4740 velut
1474 4673 1585 4739 Publi-
