3480 5230
936 397 977 459 40

851 477 1059 490 Μαι

349 625 451 705 atquc
472 617 652 704 expolitam
674 616 850 684 memoriae
872 615 1054 683 doctrinam
1076 613 1194 696 tradit,
1225 620 1264 682 nt
1291 635 1364 682 eam
1392 619 1469 681 ante
1490 613 1574 681 Gor·

349 723 440 790 nifici
464 727 615 808 tempora
630 721 769 788 multum
789 725 969 794 tractatam
991 739 1064 788 esse
1086 717 1272 786 necessario
1297 719 1491 786 sumendum
1517 717 1574 785 sit

349 827 486 895 Accedit
512 823 658 912 locuples
683 824 779 892 testis
802 825 916 892 Cicero
944 821 985 891 de
1013 823 1099 890 or.1
1124 830 1198 905 15¹7,
1231 823 1289 908 qui
1313 824 1469 892 Crassum
1490 821 1577 888 hacc

350 931 513 998 dicentem
534 929 676 996 inducit:
698 932 821 1013 „atque
843 929 878 994 in
900 949 940 995 ea
962 928 1195 996 exercitatione
1217 949 1283 994 non
1306 947 1386 994 sane
1408 925 1489 992 mihi
1505 924 1575 991 dis-

349 1034 451 1119 plicet
472 1033 630 1101 adhibere
652 1032 753 1100 etiam
774 1032 872 1098 istam
894 1031 1041 1098 locorum
1064 1030 1380 1118 simulacrorumque
1397 1029 1576 1110 rationem,

353 1159 441 1222 quas
461 1137 500 1204 in
523 1141 610 1204 arte
631 1135 806 1204 traditur“.

491 1281 532 1324 N

434 1327 606 1411 Postremo
627 1343 744 1410 leviter
764 1341 924 1426 attingam
945 1338 1093 1410 στάσεων
1107 1347 1141 1408 et
1155 1333 1348 1410 ἇσαστάτων
1369 1340 1575 1418 doctrinam

350 1451 542 1514 nontamen
564 1468 605 1512 cx
628 1447 685 1527 cis,
709 1466 794 1531 queo
816 1445 860 1511 ad
882 1451 988 1512 status
1009 1445 1161 1527 attinent,
1183 1446 1360 1531 quicquam
1382 1445 1575 1530 expiscatus

350 1573 431 1630 sum,
453 1549 541 1636 quod
556 1547 793 1634 probabilitate
808 1547 951 1632 quadam
967 1547 1010 1613 ad
1026 1548 1153 1614 Stoicos
1167 1547 1285 1616 referri
1307 1549 1423 1634 possit.
1465 1549 1575 1614 Paulo

352 1654 570 1722 confidentius
609 1652 728 1738 loquar
761 1652 801 1719 dc
836 1651 1070 1718 constitutione
1104 1651 1218 1736 legali,
1254 1667 1339 1736 quae
1372 1651 1575 1736 ambiguitas

350 1751 568 1846 (ἀμφιβολία)
600 1755 732 1825 dicitur.
775 1755 859 1820 Nam
890 1754 1046 1839 quoniam
1076 1753 1268 1820 Cornificius
1299 1754 1482 1839 (H16)de
1510 1754 1575 1820 hoc
1708 1753 1709 1792 ί

352 1867 443 1927 statu
465 1860 638 1945 disputans
660 1858 756 1926 dicit:
786 1863 903 1940 „sunt
934 1858 1000 1941 qui
1036 1857 1239 1924 arbitrentur
1260 1857 1303 1924 ad
1325 1859 1411 1924 hanc
1438 1879 1574 1924 causam

352 1963 560 2030 tractandam
593 1962 803 2029 vehomenter
840 1961 1008 2046 pertinere
1041 1960 1261 2045 cognitionem
1294 1959 1574 2044 amphiboliarum

351 2086 433 2146 eam,
458 2087 543 2150 quae
566 2086 587 2132 a
609 2065 790 2132 dialecticis
812 2064 1028 2150 proferatur“,
1059 2063 1169 2130 nascio
1192 2084 1234 2128 an
1262 2063 1341 2129 item
1364 2069 1467 2147 atque
1489 2063 1573 2130 alibi

351 2169 588 2254 Hermagoram
609 2169 787 2254 impugnet.
797 2168 822 2253 ¹)
866 2166 962 2247 Quod
985 2166 1013 2232 si
1029 2187 1139 2232 verum
1162 2169 1220 2248 cst,
1242 2167 1475 2252 Hermagoras,
1497 2187 1573 2232 cum

353 2271 579 2356 ambiguitatis
603 2272 830 2356 quaestionem
853 2269 993 2355 legalem
1016 2268 1219 2353 explanaret,
1248 2269 1440 2336 divisionem
1464 2262 1572 2357 ἀμφι-

350 2369 464 2460 βολίας
485 2374 641 2441 aStoicis
663 2376 806 2460 repetiit,
829 2394 910 2460 quos
933 2371 1124 2457 saepissime
1146 2371 1339 2439 dialecticos
1364 2365 1435 2439 κατ’
1459 2369 1573 2460 ἐξοχήν

350 2477 418 2544 dici
445 2499 499 2544 res
527 2483 577 2544 est
602 2479 783 2545 notissima.
832 2478 924 2543 Haec
950 2475 1068 2542 divisio
1096 2474 1204 2559 qualis
1227 2473 1328 2540 fuerit
1359 2476 1571 2560 cognoscitur

351 2602 392 2647 cx
424 2580 653 2646 Fortunatiani
687 2588 758 2648 arta
791 2581 957 2648 rhetorica
987 2585 1032 2664 (p.
1060 2586 1101 2647 99
1128 2577 1196 2660 H.):
1234 2577 1455 2663 „ambiguitas
1489 2583 1572 2662 quot

350 2683 456 2750 modis
472 2683 529 2750 fit?
552 2684 711 2768 quinque:
727 2705 787 2769 par
802 2683 980 2750 discretum
996 2682 1062 2748 sive
1077 2681 1290 2748 indiscretum
1306 2682 1402 2748 modo
1418 2681 1570 2763 obscuro,

352 2808 411 2870 per
433 2785 672 2871 homonymian,
695 2808 756 2871 per
778 2786 1031 2867 distinctionem,
1054 2806 1114 2869 per
1136 2785 1384 2868 abundantiam,
1407 2806 1467 2869 per
1490 2784 1571 2850 defi·

351 2889 533 2956 cientiam“.
571 2889 661 2955 Haec
679 2911 716 2956 re
731 2911 808 2956 vera
829 2889 956 2956 tradita
979 2909 1049 2956 esse
1073 2887 1252 2955 secundum
1268 2887 1452 2956 Stoicorum
1473 2909 1569 2972 prae-

350 2999 447 3077 cepta
469 2991 726 3059 luculentissime
743 2993 986 3060 demonstratur
1001 2991 1153 3077 Galeni²)
1175 2991 1292 3074 verbis,
1313 2990 1370 3076 qui
1392 3013 1433 3057 ex
1456 3012 1569 3058 eornm

350 3095 503 3162 doctrina
525 3100 598 3162 octo
622 3117 742 3180 genera
764 3093 1039 3180 amphiboliamm
1062 3092 1169 3177 affert,
1197 3115 1238 3160 ex
1260 3094 1380 3179 quibus
1402 3094 1446 3160 ad
1469 3115 1568 3179 quae·

351 3198 489 3264 ationem
523 3219 544 3264 a
577 3199 670 3266 nobis
696 3199 882 3265 institutam
908 3199 1078 3283 pertinent
1103 3197 1198 3266 haec:
1229 3193 1292 3282 μία
1322 3200 1378 3282 (sc.
1411 3189 1568 3287 διαφορὰ)

348 3297 418 3384 μὲν,
445 3289 484 3388 ἣν
506 3293 615 3389 κοινὴν
636 3293 836 3386 ὀνομάζουσι
861 3307 920 3369 τοῦ
940 3324 977 3368 τι
998 3297 1207 3390 εἰρημένου
1228 3299 1327 3385 (leget
1355 3299 1567 3391 ‹iuvenali-ton),

349 3399 406 3468 καί
436 3406 493 3470 τοῦ
525 3403 729 3493 διαιρετοῦ
766 3404 863 3490 (lagm
898 3396 1111 3491 ἀδιαιρέτου),
1142 3398 1235 3492 τρίτη
1262 3403 1300 3472 δὲ
1327 3396 1420 3492 παρὰ
1444 3403 1506 3491 τὴν
1534 3402 1567 3471 ἐν

352 3502 527 3586 συνθέτοις
554 3501 797 3592 ὁμωνυμίαν,
824 3504 960 3596 τετάρτη
989 3507 1026 3575 δέ
1048 3505 1119 3575 ἐστι
1142 3500 1236 3596 παρὰ
1258 3502 1451 3594 ἔλλειψιν,
1479 3505 1567 3592 πέμ-

350 3633 418 3696 πτη
441 3607 479 3676 δὲ
500 3602 593 3698 παρὰ
610 3607 669 3679 τὸν
690 3607 940 3695 πλεονασμόν.

436 3711 632 3780 Aristoteles
654 3734 776 3798 genera
792 3713 1065 3800 amphiboliamm
1082 3713 1225 3780 nondum
1244 3713 1410 3794 distinxit,
1431 3715 1489 3781 sad
1510 3735 1568 3780 sex

350 3813 474 3898 specics
496 3818 564 3882 τῶν
586 3808 682 3906 παρὰ
702 3809 761 3904 τὴν
787 3813 874 3899 λέξιν
895 3814 1112 3906 σοφισμάτων
1140 3817 1258 3884 statuit
1279 3817 1353 3884 has:
1380 3811 1566 3902 ὁμωνυμίαν

349 3915 552 4005 ἀμφιβολίαν
573 3915 767 4007 προσῳδίαν
789 3916 946 3988 σύνθεσιν
968 3917 1131 4010 διαίρεσιν
1154 3923 1263 4010 σχῆμα
1283 3918 1440 4005 λέξεωςί)

351 4088 559 4102 —u—

418 4193 440 4262 ¹)
459 4191 630 4250 Cornificium
654 4199 767 4264 tengme
791 4194 898 4251 videtur
920 4196 1015 4252 Cicero
1034 4193 1180 4262 (dcccli
1201 4194 1272 4264 111),
1296 4211 1358 4249 cnm
1381 4193 1465 4250 dicit:
1493 4209 1566 4262 „am-

350 4275 495 4346 biguorum
514 4281 607 4334 autom
626 4281 764 4350 complura
783 4296 884 4350 genera
901 4286 979 4350 sunt,
1005 4280 1158 4350 quaemihi
1176 4279 1343 4335 videnturei
1361 4279 1457 4335 melius
1480 4293 1565 4346 nome,

350 4362 395 4504 gui
414 4362 895 4503 disolacb'zchappallanturssiantam
914 4365 1028 4423 nostri
1046 4366 1203 4438 ignorara“;
1221 4366 1254 4420 ci.
1267 4365 1513 4436 Ksysorincomm.
1531 4381 1565 4436 ao

372 4463 522 4602 orob-sib&
539 4490 598 4587 cdiv
615 4535 692 4605 παρὰ
710 4537 764 4604 τὴν
785 4536 859 4600 λέξιν
876 4538 1058 4610 σοφισμάτων
1075 4554 1096 4594 c.
1115 4541 1133 4592 3
1150 4535 1200 4594 vol.
1219 4537 1283 4593 xlv
1301 4553 1327 4607 p.
1345 4539 1398 4592 590
1415 4537 1520 4593 Kuchn.

420 4620 441 4688 ⁸)
460 4621 538 4694 soph.
556 4621 659 4679 elench.
678 4639 701 4680 c.
718 4624 743 4680 4.
