3480 5230
754 405 793 476 lt

162 624 306 696 Stoicum
330 625 432 698 luisse
453 627 556 714 illurn,
580 653 675 718 quem
700 631 812 699 Cicero
836 631 935 700 Acad.
959 631 990 698 II
1017 640 1076 700 143
1100 649 1167 698 una
1189 649 1261 698 curn
1286 629 1379 700 Anti-

162 740 255 818 patro
277 734 387 801 Stoico
410 735 559 802 Tarsensi
583 736 765 816 collaudat,
790 736 852 800 etsi
879 736 946 800 veri
974 755 1038 800 nou
1069 736 1239 816 dissimile,
1271 745 1378 804 tamen

162 837 292 902 omnino
314 837 473 904 incertum
497 845 556 908 est.
599 839 682 904 Item
706 838 793 923 quod
808 837 1046 904 Archedemum
1069 838 1171 916 illum,
1195 859 1292 922 quem
1316 842 1378 907 De·

162 941 299 1006 metrius
333 939 408 1029 περὶ
436 935 606 1030 ἑρμηνείας
633 965 673 1008 ex
700 943 811 1026 aliqua
839 946 935 1026 parte
961 947 1093 1006 secutus
1124 949 1174 1006 est
1194 941 1247 1024 (ef.
1270 947 1291 1025 ς
1312 946 1378 1024 34),

162 1043 318 1108 Hammer
341 1044 376 1122 (l.
399 1065 427 1113 c.
451 1067 481 1129 p.
505 1053 546 1112 50
569 1052 631 1130 sq.)
656 1047 800 1112 Stoicum
824 1043 924 1109 fuisse
948 1044 1010 1108 sibi
1034 1049 1205 1128 persuasit,
1229 1045 1263 1110 id
1286 1048 1375 1129 equi·

162 1146 235 1213 dem
263 1147 443 1226 crederem,
482 1149 510 1212 si
541 1148 758 1214 demonstrari
786 1151 898 1233 posset
928 1147 1004 1211 aliis
1033 1167 1163 1231 quoque
1193 1149 1274 1214 locis
1300 1171 1377 1215 auc-

162 1256 266 1314 torem
279 1249 367 1314 illius
384 1249 497 1332 libelli,
514 1257 567 1334 qul
586 1251 876 1336 Peripateticorum
894 1249 1019 1314 assecla
1034 1249 1174 1332 ridetur,
1195 1251 1377 1318 Stoicorum

162 1352 292 1418 dicendi
315 1354 546 1437 magistrorum
569 1359 745 1439 praecepta
767 1375 838 1419 esse
861 1358 1017 1421 secutum.

248 1457 316 1521 Nec
338 1457 459 1522 certius
482 1457 655 1541 quicquain
679 1457 720 1524 de
743 1457 891 1523 Panaetii
916 1455 1033 1522 Rhodii
1058 1457 1175 1522 studiis
1204 1458 1377 1525 rhetoricis

163 1559 319 1624 traditum
354 1566 413 1627 est.
468 1561 589 1625 Dicunt
622 1582 694 1625 eum
729 1560 831 1625 fuisse
865 1560 1060 1644 discipulum
1096 1560 1251 1644 Diogenis
1290 1563 1378 1629 illius
1442 1626 1445 1634 ,

162 1662 331 1745 Babylonii
356 1662 468 1742 Stoici,
491 1664 548 1746 qui
570 1685 656 1730 anno
682 1671 741 1731 155
758 1685 787 1730 a.
804 1663 878 1730 Obr.
895 1684 967 1728 cum
990 1663 1158 1729 Carneade
1183 1665 1377 1730 Academico

161 1769 195 1830 ιι
212 1764 357 1831 Critolao
374 1766 597 1852 Peripatetico
619 1767 749 1852 legatus
773 1768 815 1833 ab
832 1766 1085 1831 Atheniensibus
1106 1767 1239 1832 Romam
1262 1768 1378 1844 venito

159 1869 271 1952 ibique
311 1868 564 1934 familiarissime
605 1891 683 1935 usus
716 1877 768 1935 est
800 1869 950 1954 Scipione
985 1869 1139 1935 Africano
1181 1876 1216 1936 ιι
1256 1869 1378 1951 Laelio,

161 1993 232 2037 cum
260 1971 359 2056 paulo
386 1976 463 2036 ante
486 1975 530 2054 (a.
555 1978 612 2040 161
638 1995 666 2040 v.
689 1973 777 2039 Suet.
807 1973 848 2040 de
876 1973 959 2042 rhet
982 1995 1009 2038 c.
1035 1982 1067 2057 13
1090 1972 1173 2041 Gell.
1197 1973 1234 2040 N.
1258 1975 1294 2038 Α.
1318 1974 1376 2038 XV

163 2085 217 2156 ll,
247 2077 279 2161 1)
303 2073 487 2159 pbiloscpbi
512 2081 545 2141 et
567 2076 716 2142 rhetores
746 2080 881 2142 senatus
909 2075 1058 2140 consulto
1093 2097 1132 2140 ex
1166 2076 1248 2142 urbe
1281 2076 1377 2142 eiecti

161 2182 282 2246 essent.
327 2178 476 2243 Panaetii
499 2177 679 2264 discipulus
703 2179 913 2244 Mnesarchus
937 2178 1105 2262 disputare
1132 2178 1273 2258 solebat,
1301 2201 1376 2244 num

161 2281 285 2346 oratori
308 2279 425 2346 liceret
447 2281 489 2345 ad
511 2303 579 2346 rem
603 2281 769 2366 publicam
793 2281 1087 2347 administrandam
1105 2281 1377 2365 accederetatque

160 2405 237 2450 num
254 2383 340 2449 aliae
356 2384 495 2464 litterae,
520 2385 608 2450 velut
595 2384 840 2470 tpbilosopbia,
857 2385 898 2449 ad
921 2405 994 2449 eum
1018 2387 1230 2468 pertinerent
1241 2391 1264 2468 8)
1298 2385 1377 2450 Inde

159 2509 200 2554 ne
226 2488 343 2571 magist
344 2509 414 2552 rum
438 2488 570 2571 quidem
594 2491 784 2556 Panaetium
808 2507 828 2552 a
850 2487 973 2552 talibus
997 2487 1276 2571 disputationibus
1298 2487 1377 2553 alie·

160 2613 235 2657 num
259 2590 360 2656 tuisse
383 2590 536 2675 colligere
560 2613 744 2678 possumus.

246 2693 347 2760 Paulo
371 2693 467 2778 plura
489 2695 529 2760 de
553 2695 767 2762 Posidonio
791 2695 921 2761 scimus.
965 2694 1169 2778 Quamquam
1192 2714 1232 2759 ne
1254 2694 1282 2758 is
1306 2693 1377 2777 qui-

160 2795 358 2863 dementem
382 2797 579 2864 rhetoricam
603 2799 772 2882 scripsisse
795 2798 948 2864 traditur.
988 2801 1140 2862 Attamen
1168 2816 1251 2880 qnae
1278 2797 1377 2875 Quin-

160 2899 296 2964 tilianus
320 2899 380 2982 (ΙΙΙ
403 2903 431 2980 6,
456 2905 509 2984 37)
533 2901 644 2984 refert,
668 2923 742 2966 oum
771 2901 812 2966 de
843 2901 985 2966 statibus
1020 2901 1067 2964 sic
1090 2902 1307 2984 praecepisse,
1341 2907 1378 2965 ut

161 3002 243 3069 duas
265 3007 376 3087 partes
399 3024 470 3068 esse
493 3003 599 3085 vellet,
623 3024 731 3070 vocem
756 3010 789 3070 at
812 3026 874 3086 res,
897 3003 953 3069 ubi
976 3004 1058 3069 baec
1079 3003 1264 3088 perscripta
1279 3001 1380 3068 fuisse

161 3126 283 3187 censes,
306 3105 369 3170 nisi
390 3107 424 3172 in
446 3112 519 3172 arte
542 3107 729 3173 rhetorical
752 3109 802 3171 An
817 3107 928 3191 potius
944 3106 978 3171 in
994 3104 1271 3190 disputationibus
1286 3103 1376 3169 illum

160 3208 241 3275 haec
264 3209 414 3276 docuisse
436 3209 633 3276 arbitraris?
661 3210 810 3276 Statuam
834 3211 936 3295 igitur
964 3211 1178 3294 partitionem
1208 3208 1378 3273 constituit

159 3311 257 3378 hanc:

370 3413 475 3506 φωνή
958 3413 1208 3506 πράγματα·

261 3540 302 3584 an
326 3517 509 3604 significat?
790 3514 916 3608 llus?
941 3513 1098 3610 αἴσθησιν
1120 3520 1334 3608 (coniectura)

786 3616 978 3748 2lwmQ

205 3737 356 3808 :quam
380 3726 506 3792 multa?
718 3719 913 3814 3)κιτ’
938 3722 1093 3808 ἔννοιαν(
1080 3723 1254 3808 (definitio)

259 3830 444 3912 quomodo?
782 3833 816 3914 l)
841 3827 924 3916 πρός
946 3853 978 3894 τι

245 3932 294 3996 Ex
318 3933 434 4012 uerbis,
458 3955 542 4018 quae
565 3934 651 4018 apud
670 3934 770 4013 Quint
756 3935 906 3999 tiliacum
929 3941 1072 4016 sequuut
1074 3954 1124 3996 ur:
1148 3931 1254 4012 „unde
1270 3938 1303 3996 et
1318 3929 1377 3998 illa

160 4037 275 4102 divisio
296 4045 360 4118 est,
392 4038 458 4102 alia
487 4059 558 4104 esse
582 4037 708 4122 scripta
730 4035 796 4101 alia
816 4036 1013 4120 inscripta‚“
1044 4033 1302 4100 concludendum
1326 4040 1378 4099 est

159 4139 233 4204 illas
266 4143 375 4228 φωνῆς
402 4145 514 4224 partes
541 4141 705 4225 pertinere
732 4139 775 4204 ad
809 4139 1059 4204 constitutiones
1089 4137 1139 4202 uel
1167 4139 1376 4221 quaestiones

159 4243 322 4327 legales,
346 4241 548 4330 πραγμάτων
570 4243 612 4310 ad
637 4241 874 4321 rationales,
897 4261 981 4327 quae
1003 4249 1171 4321 vocantur,
1198 4239 1232 4304 id
1260 4241 1374 4306 estad

159 4345 247 4434 γένος
268 4346 399 4431 νομικόν
421 4357 454 4413 ιι
477 4348 520 4413 ad
542 4343 676 4435 λογικόν.
722 4345 785 4412 Sed
810 4366 945 4430 prorsus
968 4366 1051 4410 nova
1080 4344 1219 4429 protulit
1243 4342 1375 4409 Posido·

159 4489 367 4498 n-——n—-n

228 4559 249 4622 Ι)
267 4555 338 4611 Suid.
358 4571 378 4611 ε.
397 4571 420 4610 v.
442 4559 596 4611 Παναίτιος.

229 4642 634 4714 bQMmlffimffl
