3634 5240
1085 365 1120 368 f-
1130 279 1278 369 „38-

566 524 648 567 mus.
703 502 773 582 Qua
800 504 838 567 de
865 522 897 566 re
925 501 1089 565 audiamus
1120 501 1318 564 Aristotelem
1349 501 1553 564 disserentem
1582 496 1761 561 Probum

567 609 625 670 27:
647 598 715 671 Διὰ
736 601 771 668 τί
791 597 832 670 τὸ
854 596 1010 669 ἀκουστὸν
1032 599 1129 685 μόνον
1151 590 1252 687 ἦθος
1275 597 1339 683 ἔχει
1361 605 1427 666 τῶν
1448 596 1640 687 αἶσθητῶνς
1660 590 1763 682 καὶγὰρ

567 701 622 773 ἐὰν
644 696 664 797 ᾗ
687 700 762 772 άνευ
784 705 879 793 λόγου
899 703 1012 790 μέλος,
1036 700 1126 788 ὅμως
1149 699 1211 786 ἔχει
1237 694 1342 787 ἦθος·
1370 697 1440 769 ἀλλ’
1465 696 1502 768 οῖ·
1522 697 1562 768 τὸ
1585 706 1697 785 χρῶμα
1715 694 1762 764 oid

566 806 585 897 ἡ
616 803 700 896 ὀσμὴ
729 803 837 875 odd’d
867 801 969 892 χυμὸς
996 800 1115 893 ἔχειῆ
1143 803 1195 873 ὅτι
1223 805 1378 894 κίνησιν
1400 802 1463 889 ἔχει
1485 802 1597 890 μόνον,
1624 797 1688 884 uixi
1709 793 1763 888 {vi

568 911 680 1000 ψόφος
710 908 796 997 ἡμᾶς
827 917 907 977 κινεῖ
931 964 937 976 .
959 962 966 975 .
989 964 995 978 .
1019 907 1099 998 αέτη
1126 904 1155 976 d'
1184 906 1248 992 ἔχει
1275 905 1456 997 ὁμοιότητα
1485 905 1518 974 ἐν
1544 930 1580 972 τε
1609 911 1678 984 τοῖς
1698 910 1765 989 ῥεθ-

567 1022 659 1100 μοῖς
691 1015 746 1081 καὶ
775 1014 808 1081 ἐν
836 1021 877 1103 τῇ
903 1019 969 1079 τῶν
994 1011 1150 1100 φθόγγων
1175 1013 1265 1095 τάξει
1373 1009 1407 1078 αῖ
1437 1011 1473 1078 δὲ
1495 1006 1674 1095 κινήσεις
1693 994 1763 1071 uisui

568 1115 787 1204 πρακτικαί
813 1114 904 1182 εἰσιν.
955 1121 1011 1181 29;
1042 1109 1111 1181 Διὰ
1138 1112 1172 1180 τί
1199 1112 1228 1181 οῖ
1260 1115 1407 1204 ῥυθμοὶ
1435 1115 1490 1180 καί
1518 1108 1560 1179 τὰ
1588 1110 1670 1198 μέλη
1697 1102 1763 1195 qiud

568 1209 649 1286 eiua
675 1213 819 1308 ἤθεσιν
846 1217 961 1298 ἔοικεν,
991 1215 1021 1284 οῖ
1050 1218 1087 1284 δέ
1108 1217 1203 1302 χυμοὶ
1226 1212 1278 1297 eii,
1306 1211 1376 1283 ἀλλ’
1400 1212 1474 1285 οὐδὲ
1495 1211 1537 1284 τά
1557 1212 1711 1300 χρώματα
1728 1212 1764 1275 zui

568 1319 603 1388 αῖ
627 1316 745 1407 ὀσμαί,-
772 1317 791 1410 i}
818 1320 870 1389 ὅτι
898 1321 1075 1409 κινήσεις
1098 1318 1180 1388 εἰσὶν
1201 1316 1315 1408 ῶσπερ
1337 1321 1392 1386 καί
1416 1318 1450 1387 αἱ
1473 1318 1655 1408 πράξεις;
1678 1309 1763 1401 ἤδηά

569 1421 588 1511 ἡ
616 1426 676 1510 μὲν
710 1425 883 1514 ἐνέργεια
916 1419 1061 1512 ἠθικὸν
1091 1429 1145 1490 καῖ
1176 1429 1265 1490 ποιεῖ
1296 1418 1397 1510 ἠθος,
1430 1420 1461 1490 οῖ
1490 1424 1528 1491 δὲ
1551 1427 1649 1510 χυμοὶ
1671 1426 1718 1490 καί
1738 1418 1765 1486 ui

569 1527 727 1614 χρώματα
750 1523 785 1595 oi>
808 1535 960 1595 ποιοῦσιν
982 1523 1114 1611 ὁμοίωςς
1138 1529 1227 1594 Polis.
1250 1529 1278 1590 V
1301 1529 1406 1611 (VIH)
1431 1532 1450 1592 5
1479 1532 1574 1593 1340⁰
1592 1532 1647 1593 12:
1670 1521 1765 1610 ἀκροά-

568 1655 661 1714 μενοι
683 1637 747 1698 τῶν
768 1631 934 1718 μιμήσεων
956 1629 1096 1718 γίνονται
1113 1627 1232 1709 πάντες
1256 1635 1500 1713 συμπαθεῖς,
1521 1631 1576 1696 καί
1593 1631 1690 1718 χωρίς
1709 1632 1766 1697 (τῶν

570 1733 672 1821 λόγων
695 1728 752 1801 διὰ
761 1738 801 1817 1)>
824 1740 886 1800 τῶν
908 1738 1066 1821 ῥυθμῶν
1088 1732 1142 1798 καὶ
1164 1739 1230 1798 τῶν
1252 1734 1360 1816 μελῶν
1382 1727 1486 1799 αὐτῶν
1502 1788 1508 1801 .
1524 1788 1531 1801 .
1547 1788 1554 1801 .
1568 1739 1610 1818 (v.
1635 1739 1686 1814 28)
1708 1755 1764 1813 σιμ·

568 1835 684 1926 βέβηκε
722 1837 758 1903 δὲ
794 1843 860 1903 τῶν
893 1834 1066 1925 αἰσθητῶν
1099 1835 1133 1901 ἐν
1165 1836 1225 1919 μέν
1254 1840 1325 1915 τοῖς
1358 1828 1470 1915 ἄλλοις
1502 1836 1605 1924 μηδὲν
1638 1832 1765 1921 ἐπάρχειν

569 1936 720 2023 ὁμοίωμα
741 1946 809 2020 τοῖς
830 1934 989 2027 ἤθεσιν,
1013 1932 1081 2005 οἷον
1104 1937 1137 2003 ἐν
1158 1943 1228 2018 τοῖς
1244 1937 1362 2018 ἁπτοῖς
1384 1938 1440 2004 καὶ
1461 1944 1530 2019 τοῖς
1544 1944 1697 2026 γευστοῖς,
1716 1928 1764 2003 eiii

572 2038 605 2109 ἐν
630 2047 701 2122 τοῖς
730 2037 859 2129 ὁρατοῖς
881 2037 1031 2130 ἠρέμα..
1050 2095 1070 2122 .,
1102 2041 1135 2106 ἐν
1158 2041 1195 2107 δὲ
1217 2046 1286 2120 τοῖς
1307 2040 1441 2125 μέλεσιν
1462 2036 1573 2122 αὐτοῖς
1597 2040 1670 2108 ἔστι
1689 2039 1765 2125 μιμη-

569 2170 660 2229 ματα
681 2150 747 2211 τῶν
768 2140 862 2232 ἠθῶν
884 2147 952 2230 (καί
975 2138 1059 2212 τοῦτ’
1084 2143 1155 2210 ἐστὶ
1178 2143 1315 2232 φανερόν
1338 2195 1395 2210 ...
1420 2148 1538 2228 [1340h
1561 2151 1597 2231 8]
1620 2139 1676 2212 τὸν
1695 2137 1765 2209 αἰτῶ

571 2247 608 2313 δέ
635 2247 758 2334 τρόπον
787 2253 845 2334 [sa.
869 2240 906 2317 ‘dv
929 2247 963 2314 αῖ
987 2245 1155 2336 ἁρμονίαι]
1185 2245 1248 2329 ἔχει
1276 2247 1330 2312 καὶ
1353 2240 1395 2311 τὰ
1416 2248 1494 2336 περὶ
1516 2243 1590 2328 τοὺς
1614 2242 1765 2334 ῥυθμοῖς

571 2347 602 2416 οὶ
624 2350 766 2438 μὲνγὰρ
790 2348 915 2434 ἔχουσιν
938 2340 1039 2439 ἦθος
1061 2349 1317 2436 στασιμώτερον,
1341 2346 1372 2416 οῖ
1395 2350 1432 2416 δὲ
1454 2351 1628 2439 κινητικόν,
1651 2346 1764 2415 καλεοί-

570 2479 637 2519 τιον
664 2451 693 2520 οῖ
722 2454 783 2537 μὲν
810 2453 1052 2543 φορτικωτέρας
1080 2450 1187 2536 έχουσι
1212 2452 1273 2534 τὰς
1298 2451 1450 2539 κινήσεις,
1479 2452 1510 2519 οὶ
1538 2454 1575 2521 δὲ
1603 2453 1765 2534 ἐλευθερῶ

572 2555 690 2641 τέρας).

661 2662 814 2744 Rhythmi
838 2664 944 2726 autem
966 2648 1051 2747 ἦθος
1074 2663 1228 2744 quomodo
1251 2664 1353 2727 uisum
1370 2663 1412 2726 sit
1427 2663 1541 2726 distare
1558 2665 1598 2727 ab
1614 2658 1764 2726 harmoniae

572 2756 659 2849 ἤθει,
683 2765 874 2846 intellegitur
890 2785 925 2830 ex
943 2767 1122 2830 Aristotelei
1138 2765 1346 2830 Problematis
1362 2765 1437 2829 XIX
1452 2767 1553 2848 eapite
1566 2768 1624 2828 49:
1646 2756 1682 2826 τὸ
1695 2758 1764 2843 μέλε’

571 2871 613 2954 τῇ
637 2867 698 2949 μὲν
718 2863 814 2930 αὑτοῦ
835 2865 927 2953 φάσει
949 2865 1095 2951 μαλακόν
1116 2864 1186 2933 ἐστι
1208 2866 1263 2931 καὶ
1286 2860 1447 2955 ἠρεμαῖον,
1469 2873 1509 2954 τῇ
1531 2867 1569 2933 δὲ
1591 2871 1647 2933 τοῦ
1668 2862 1763 2952 ῥυθμοί

570 2966 657 3050 μίξει
679 2961 777 3056 τραχὺ
798 2969 854 3033 καί
876 2967 1043 3056 κινητικόν.

659 3073 730 3137 Iam
754 3092 825 3137 cum
849 3075 890 3137 sii
912 3075 1053 3153 (Aristid.
1080 3073 1186 3152 Quint.
1210 3094 1239 3156 p.
1256 3075 1296 3137 79
1312 3074 1345 3137 Μ
1359 3101 1403 3129 =
1417 3075 1504 3150 49,5
1530 3076 1565 3155 J)
1588 3075 1693 3150 κοινῶς
1712 3064 1762 3148 τινὶ

574 3173 704 3239 πάντων
726 3168 941 3261 άποφαντέον,
970 3170 1013 3255 ῶς
1035 3171 1098 3241 ὅσα
1124 3175 1184 3259 μὲν
1205 3179 1268 3239 τῶν
1299 3171 1466 3263 αἰσθητῶν
1495 3171 1528 3254 ές
1548 3199 1585 3241 τε
1607 3171 1712 3263 ἡδονὴν
1729 3171 1764 3233 d-

572 3276 677 3358 λεάζει
704 3278 760 3343 καὶ
782 3271 885 3364 ἠρέμα
909 3278 1030 3360 διαχεῖν
1050 3272 1107 3366 τὴν
1129 3275 1252 3367 γνῶμην
1275 3277 1416 3364 πέφυκε,
1444 3282 1546 3343 ταῖτα
1567 3275 1616 3359 εἷς
1636 3276 1673 3344 τὸ
1692 3273 1764 3358 diis

572 3380 711 3466 κριτέον,
745 3377 807 3446 ὅσα
838 3381 875 3446 δὲ
906 3386 985 3447 κινεῖ
1011 3406 1046 3447 τε
1074 3378 1120 3460 εἰς
1148 3380 1291 3446 σι’ννοιαν
1316 3381 1372 3446 καὶ
1402 3378 1513 3470 ἐγείρει
1535 3374 1575 3447 τὸ
1598 3376 1764 3468 δραστήριον.

572 3489 675 3547 ταῖτα
713 3480 759 3563 εἷς
795 3477 852 3571 τὴν
890 3476 1046 3574 άρρενος
1079 3490 1195 3571 μοῖραν
1228 3478 1458 3573 άπονεμητέον,
1492 3487 1610 3550 mirum
1642 3504 1698 3549 nou
1724 3490 1763 3543 ast.

574 3588 656 3668 quod
684 3589 769 3663 (ibid.
798 3612 827 3673 p.
851 3592 892 3652 43
916 3591 949 3654 Μ
975 3617 1016 3644 --·-
1044 3592 1095 3664 28,
1113 3592 1149 3651 ll
1175 3591 1209 3670 J)
1236 3587 1321 3667 τινὲς
1344 3639 1351 3652 .
1375 3592 1497 3654 ..τῶν
1524 3589 1706 3671 παλαιῶν’)
1728 3574 1764 3644 sir

573 3687 633 3771 μέν
663 3683 817 3777 ῥυθμὸν
839 3682 952 3778 άρρεν
975 3684 1169 3770 ἀπεκάλουν,
1198 3685 1237 3757 τὸ
1261 3690 1297 3756 δέ·
1319 3690 1435 3775 μέλος
1456 3691 1571 3777 θῆλυ·
1595 3685 1634 3757 τὸ
1655 3688 1706 3773 μὲν
1723 3677 1763 3770 γὰρ

571 3790 668 3874 μέλος
693 3787 897 3882 άνενέργητάν
923 3793 961 3860 τέ
987 3793 1056 3860 ἐστι
1084 3795 1139 3860 καί
1169 3787 1423 3882 ἀσχημάτιστον,
1456 3791 1532 3882 ἕλης
1559 3792 1675 3877 ἐπέχω
1698 3786 1764 3872 idyu

575 3887 631 3960 ded
659 3889 716 3981 τὴν
742 3890 826 3983 πρὸς
846 3890 1030 3964 τούναντίον
1052 3896 1316 3985 ἐπιτηδειότητα,
1347 3892 1365 3964 ὁ
1388 3896 1425 3964 δὲ
1448 3897 1577 3986 ῥυθμὸς
1600 3895 1722 3963 πλάττει
1740 3909 1762 3951 ιι

574 3989 653 4062 αι’-τὸ
675 3999 730 4063 καὶ
752 4003 832 4065 κινεῖ
853 4000 1057 4088 τεταγμένιος,
1081 4006 1250 4079 ποιοῦντος
1272 4000 1365 4087 λόγον
1387 3998 1513 4082 ἐπέχων
1529 3995 1615 4090 πρὸς
1628 3994 1665 4067 τὸ
1679 3988 1762 4062 ποιοί-

573 4123 668 4183 μενον
691 4103 743 4181 (of.
767 4125 795 4186 p.
820 4106 1032 4182 90M=55‚
1050 4107 1088 4168 16
1111 4107 1156 4185 J).

644 4280 667 4338 ¹)
685 4275 761 4330 Haec
779 4275 861 4328 verba
879 4275 983 4328 addidit
1001 4275 1142 4330 Susemihi.

643 4364 664 4427 ¹)
683 4362 741 4415 Hoc
767 4363 849 4415 verbo
877 4363 1066 4416 Aristoxenum
1094 4361 1241 4428 significari
1268 4362 1423 4429 suspicatur
1451 4362 1596 4429 westpual
1623 4356 1728 4416 ‘Thouria
1744 4349 1760 4399 d-

575 4464 642 4502 mus.
662 4447 766 4501 Ki'mste
784 4448 808 4502 d.
828 4448 905 4502 Heli’
923 4450 935 4502 1
953 4450 1012 4502 236.
1049 4449 1102 4504 Sed
1122 4448 1285 4515 Pythagorei
1304 4450 1396 4516 potius
1414 4454 1523 4502 sautum
1542 4449 1676 4508 feminam.
1696 4436 1760 4509 fidi·

575 4550 647 4588 mum
665 4549 765 4587 marem
784 4535 1001 4604 appellaverunt;
1020 4536 1052 4587 ci.
1071 4533 1198 4588 Jahnium
1216 4534 1245 4587 in
1262 4533 1304 4588 ed.
1326 4534 1440 4589 Aristid.
1460 4536 1550 4607 Quint.
1570 4552 1596 4607 p.
1616 4529 1704 4589 XXIV.
