<?xml version="1.0" encoding="UTF-8"?>
<!DOCTYPE html PUBLIC "-//W3C//DTD XHTML 1.0 Transitional//EN"
    "http://www.w3.org/TR/xhtml1/DTD/xhtml1-transitional.dtd">
<html xmlns="http://www.w3.org/1999/xhtml" xml:lang="en" lang="en">
 <head>
  <title>
</title>
<meta http-equiv="Content-Type" content="text/html;charset=utf-8" />
  <meta name='ocr-system' content='tesseract 3.04.00' />
  <meta name='ocr-capabilities' content='ocr_page ocr_carea ocr_par ocr_line ocrx_word'/>
</head>
<body>
  <div class='ocr_page' id='page_1' title='image "./destoicorumstud00strigoog_0857.png"; bbox 0 0 3546 5236; ppageno 0'>
   <div class='ocr_carea' id='block_1_1' title="bbox 886 444 1027 539">
    <p class='ocr_par' dir='ltr' id='par_1_1' title="bbox 886 444 1027 539">
     <span class='ocr_line' id='line_1_1' title="bbox 886 444 1027 539; baseline -0.007 -35"><span class='ocrx_word' id='word_1_1' title='bbox 886 533 909 539; x_wconf 66' lang='lat'><strong><em>„</em></strong></span> <span class='ocrx_word' id='word_1_2' title='bbox 967 444 1027 505; x_wconf 74' lang='lat' dir='ltr'>tat</span> 
     </span>
    </p>
   </div>
   <div class='ocr_carea' id='block_1_2' title="bbox 372 635 1607 4038">
    <p class='ocr_par' dir='ltr' id='par_1_2' title="bbox 372 635 1607 4038">
     <span class='ocr_line' id='line_1_2' title="bbox 485 635 1604 722; baseline -0.001 -21"><span class='ocrx_word' id='word_1_3' title='bbox 485 656 538 720; x_wconf 93' lang='lat' dir='ltr'>ep.</span> <span class='ocrx_word' id='word_1_4' title='bbox 563 635 717 702; x_wconf 72' lang='lat' dir='ltr'>manill</span> <span class='ocrx_word' id='word_1_5' title='bbox 746 641 829 720; x_wconf 78' lang='lat'>1‚4:</span> <span class='ocrx_word' id='word_1_6' title='bbox 863 659 940 721; x_wconf 81' lang='lat' dir='ltr'>quac</span> <span class='ocrx_word' id='word_1_7' title='bbox 960 646 1054 721; x_wconf 78' lang='lat' dir='ltr'>pictas</span> <span class='ocrx_word' id='word_1_8' title='bbox 1076 660 1124 702; x_wconf 86' lang='lat' dir='ltr'>me</span> <span class='ocrx_word' id='word_1_9' title='bbox 1142 659 1282 722; x_wconf 79' lang='lat' dir='ltr'>posenni,</span> <span class='ocrx_word' id='word_1_10' title='bbox 1312 640 1385 701; x_wconf 78' lang='lat' dir='ltr'>dura</span> <span class='ocrx_word' id='word_1_11' title='bbox 1408 660 1468 722; x_wconf 88' lang='lat' dir='ltr'>per</span> <span class='ocrx_word' id='word_1_12' title='bbox 1496 659 1604 721; x_wconf 73' lang='lat' dir='ltr'>aspaa</span> 
     </span>
     <span class='ocr_line' id='line_1_3' title="bbox 484 746 1606 829; baseline 0 -22"><span class='ocrx_word' id='word_1_13' title='bbox 484 766 589 828; x_wconf 76' lang='lat' dir='ltr'>crepo,</span> <span class='ocrx_word' id='word_1_14' title='bbox 613 746 686 807; x_wconf 87' lang='lat' dir='ltr'>dum</span> <span class='ocrx_word' id='word_1_15' title='bbox 708 747 788 809; x_wconf 85' lang='lat' dir='ltr'>aiam</span> <span class='ocrx_word' id='word_1_16' title='bbox 811 765 939 828; x_wconf 66' lang='lat' dir='ltr'>acacia,</span> <span class='ocrx_word' id='word_1_17' title='bbox 969 747 1041 808; x_wconf 76' lang='lat' dir='ltr'>(licat</span> <span class='ocrx_word' id='word_1_18' title='bbox 1058 747 1168 829; x_wconf 77' lang='lat' dir='ltr'>sacia?</span> <span class='ocrx_word' id='word_1_19' title='bbox 1199 746 1389 809; x_wconf 71' lang='lat' dir='ltr'>incredibilia</span> <span class='ocrx_word' id='word_1_20' title='bbox 1417 753 1501 826; x_wconf 80' lang='lat' dir='ltr'>sunt,</span> <span class='ocrx_word' id='word_1_21' title='bbox 1530 765 1606 828; x_wconf 68' lang='lat' dir='ltr'>aiae</span> 
     </span>
     <span class='ocr_line' id='line_1_4' title="bbox 485 852 1606 936; baseline 0 -22"><span class='ocrx_word' id='word_1_22' title='bbox 485 852 646 930; x_wconf 82' lang='lat' dir='ltr'>tulerim,</span> <span class='ocrx_word' id='word_1_23' title='bbox 675 872 755 916; x_wconf 83' lang='lat' dir='ltr'>curn</span> <span class='ocrx_word' id='word_1_24' title='bbox 786 873 836 916; x_wconf 79' lang='lat' dir='ltr'>rue</span> <span class='ocrx_word' id='word_1_25' title='bbox 858 856 967 935; x_wconf 68' lang='lat' dir='ltr'>¹ferre</span> <span class='ocrx_word' id='word_1_26' title='bbox 994 873 1065 916; x_wconf 88' lang='lat' dir='ltr'>non</span> <span class='ocrx_word' id='word_1_27' title='bbox 1087 855 1238 936; x_wconf 81' lang='lat' dir='ltr'>poesim.</span> <span class='ocrx_word' id='word_1_28' title='bbox 1286 853 1362 916; x_wconf 90' lang='lat' dir='ltr'>illud</span> <span class='ocrx_word' id='word_1_29' title='bbox 1383 854 1458 916; x_wconf 86' lang='lat' dir='ltr'>scito</span> <span class='ocrx_word' id='word_1_30' title='bbox 1488 853 1606 914; x_wconf 79' lang='lat' dir='ltr'>Utinam</span> 
     </span>
     <span class='ocr_line' id='line_1_5' title="bbox 483 962 1606 1045; baseline -0.001 -21"><span class='ocrx_word' id='word_1_31' title='bbox 483 982 546 1024; x_wconf 88' lang='lat' dir='ltr'>aaa</span> <span class='ocrx_word' id='word_1_32' title='bbox 562 963 665 1044; x_wconf 78' lang='lat' dir='ltr'>faisse</span> <span class='ocrx_word' id='word_1_33' title='bbox 689 969 751 1026; x_wconf 76' lang='lat' dir='ltr'>laia</span> <span class='ocrx_word' id='word_1_34' title='bbox 774 963 854 1025; x_wconf 85' lang='lat' dir='ltr'>irato</span> <span class='ocrx_word' id='word_1_35' title='bbox 880 963 960 1026; x_wconf 74' lang='lat' dir='ltr'>uitari</span> <span class='ocrx_word' id='word_1_36' title='bbox 982 970 1098 1042; x_wconf 80' lang='lat' dir='ltr'>nalum,</span> <span class='ocrx_word' id='word_1_37' title='bbox 1122 969 1156 1026; x_wconf 88' lang='lat' dir='ltr'>ut</span> <span class='ocrx_word' id='word_1_38' title='bbox 1173 962 1606 1045; x_wconf 72' lang='lat' dir='ltr'>abiaieaaafrapiafacercl:</span> 
     </span>
     <span class='ocr_line' id='line_1_6' title="bbox 484 1070 744 1131; baseline 0 -1"><span class='ocrx_word' id='word_1_39' title='bbox 484 1070 646 1130; x_wconf 77' lang='lat' dir='ltr'>nausiator·</span> <span class='ocrx_word' id='word_1_40' title='bbox 669 1075 744 1131; x_wconf 79' lang='lat' dir='ltr'>crat.</span> 
     </span>
     <span class='ocr_line' id='line_1_7' title="bbox 377 1172 1606 1258; baseline 0.002 -23"><span class='ocrx_word' id='word_1_41' title='bbox 377 1191 449 1235; x_wconf 91' lang='lat' dir='ltr'>cum</span> <span class='ocrx_word' id='word_1_42' title='bbox 477 1177 596 1257; x_wconf 82' lang='lat' dir='ltr'>possim</span> <span class='ocrx_word' id='word_1_43' title='bbox 628 1172 846 1258; x_wconf 82' lang='lat' dir='ltr'>praecedente</span> <span class='ocrx_word' id='word_1_44' title='bbox 877 1193 958 1239; x_wconf 90' lang='lat' dir='ltr'>voce</span> <span class='ocrx_word' id='word_1_45' title='bbox 991 1177 1128 1256; x_wconf 82' lang='lat' dir='ltr'>tulerim,</span> <span class='ocrx_word' id='word_1_46' title='bbox 1163 1181 1197 1238; x_wconf 89' lang='lat' dir='ltr'>ut</span> <span class='ocrx_word' id='word_1_47' title='bbox 1229 1194 1313 1238; x_wconf 91' lang='lat' dir='ltr'>nunc</span> <span class='ocrx_word' id='word_1_48' title='bbox 1345 1172 1475 1257; x_wconf 89' lang='lat' dir='ltr'>quidem</span> <span class='ocrx_word' id='word_1_49' title='bbox 1507 1174 1606 1238; x_wconf 88' lang='lat' dir='ltr'>verba</span> 
     </span>
     <span class='ocr_line' id='line_1_8' title="bbox 380 1275 1606 1366; baseline 0.004 -26"><span class='ocrx_word' id='word_1_50' title='bbox 380 1278 538 1364; x_wconf 85' lang='lat' dir='ltr'>leguntur,</span> <span class='ocrx_word' id='word_1_51' title='bbox 563 1281 694 1345; x_wconf 89' lang='lat' dir='ltr'>tolerari</span> <span class='ocrx_word' id='word_1_52' title='bbox 717 1287 867 1364; x_wconf 78' lang='lat' dir='ltr'>nequeat,</span> <span class='ocrx_word' id='word_1_53' title='bbox 892 1281 934 1346; x_wconf 89' lang='lat' dir='ltr'>ab</span> <span class='ocrx_word' id='word_1_54' title='bbox 958 1281 1082 1346; x_wconf 87' lang='lat' dir='ltr'>Haasio</span> <span class='ocrx_word' id='word_1_55' title='bbox 1105 1282 1139 1346; x_wconf 92' lang='lat' dir='ltr'>in</span> <span class='ocrx_word' id='word_1_56' title='bbox 1158 1275 1281 1366; x_wconf 80' lang='lat' dir='ltr'>possem</span> <span class='ocrx_word' id='word_1_57' title='bbox 1306 1287 1462 1345; x_wconf 87' lang='lat' dir='ltr'>mutatam</span> <span class='ocrx_word' id='word_1_58' title='bbox 1477 1287 1535 1346; x_wconf 86' lang='lat' dir='ltr'>est.</span> <span class='ocrx_word' id='word_1_59' title='bbox 1573 1289 1606 1345; x_wconf 89' lang='lat' dir='ltr'>at</span> 
     </span>
     <span class='ocr_line' id='line_1_9' title="bbox 377 1386 1606 1471; baseline 0.002 -23"><span class='ocrx_word' id='word_1_60' title='bbox 377 1386 473 1450; x_wconf 88' lang='lat' dir='ltr'>aliter</span> <span class='ocrx_word' id='word_1_61' title='bbox 494 1408 627 1471; x_wconf 85' lang='lat' dir='ltr'>prorsus</span> <span class='ocrx_word' id='word_1_62' title='bbox 651 1407 704 1453; x_wconf 94' lang='lat' dir='ltr'>res</span> <span class='ocrx_word' id='word_1_63' title='bbox 728 1407 764 1453; x_wconf 91' lang='lat' dir='ltr'>se</span> <span class='ocrx_word' id='word_1_64' title='bbox 787 1387 894 1453; x_wconf 88' lang='lat' dir='ltr'>habet.</span> <span class='ocrx_word' id='word_1_65' title='bbox 936 1408 1010 1452; x_wconf 91' lang='lat' dir='ltr'>nam</span> <span class='ocrx_word' id='word_1_66' title='bbox 1039 1395 1073 1453; x_wconf 93' lang='lat' dir='ltr'>ut</span> <span class='ocrx_word' id='word_1_67' title='bbox 1101 1395 1229 1454; x_wconf 86' lang='lat' dir='ltr'>taceam</span> <span class='ocrx_word' id='word_1_68' title='bbox 1254 1388 1301 1453; x_wconf 85' lang='lat' dir='ltr'>sic</span> <span class='ocrx_word' id='word_1_69' title='bbox 1325 1406 1452 1470; x_wconf 88' lang='lat' dir='ltr'>quoque</span> <span class='ocrx_word' id='word_1_70' title='bbox 1477 1408 1606 1453; x_wconf 85' lang='lat' dir='ltr'>sensum</span> 
     </span>
     <span class='ocr_line' id='line_1_10' title="bbox 376 1493 1606 1580; baseline 0.002 -25"><span class='ocrx_word' id='word_1_71' title='bbox 376 1494 545 1558; x_wconf 85' lang='lat' dir='ltr'>verborum</span> <span class='ocrx_word' id='word_1_72' title='bbox 575 1517 642 1558; x_wconf 77' lang='lat' dir='ltr'>aiiii</span> <span class='ocrx_word' id='word_1_73' title='bbox 671 1519 711 1560; x_wconf 86' lang='lat' dir='ltr'>m.</span> <span class='ocrx_word' id='word_1_74' title='bbox 730 1500 760 1580; x_wconf 87' lang='lat' dir='ltr'>s.</span> <span class='ocrx_word' id='word_1_75' title='bbox 791 1517 820 1559; x_wconf 93' lang='lat' dir='ltr'>n.</span> <span class='ocrx_word' id='word_1_76' title='bbox 846 1517 879 1580; x_wconf 86' lang='lat' dir='ltr'>p.</span> <span class='ocrx_word' id='word_1_77' title='bbox 914 1516 977 1560; x_wconf 92' lang='lat' dir='ltr'>non</span> <span class='ocrx_word' id='word_1_78' title='bbox 1011 1495 1174 1561; x_wconf 91' lang='lat' dir='ltr'>meliorem</span> <span class='ocrx_word' id='word_1_79' title='bbox 1207 1493 1355 1577; x_wconf 85' lang='lat' dir='ltr'>evadere,</span> <span class='ocrx_word' id='word_1_80' title='bbox 1388 1515 1445 1559; x_wconf 92' lang='lat' dir='ltr'>cur</span> <span class='ocrx_word' id='word_1_81' title='bbox 1476 1493 1606 1560; x_wconf 87' lang='lat' dir='ltr'>tandem</span> 
     </span>
     <span class='ocr_line' id='line_1_11' title="bbox 377 1600 1607 1687; baseline 0.002 -23"><span class='ocrx_word' id='word_1_82' title='bbox 377 1606 497 1684; x_wconf 65' lang='lat' dir='ltr'>effare,</span> <span class='ocrx_word' id='word_1_83' title='bbox 532 1601 618 1685; x_wconf 87' lang='lat' dir='ltr'>quod</span> <span class='ocrx_word' id='word_1_84' title='bbox 651 1611 702 1669; x_wconf 88' lang='lat' dir='ltr'>est</span> <span class='ocrx_word' id='word_1_85' title='bbox 734 1603 767 1667; x_wconf 91' lang='lat' dir='ltr'>in</span> <span class='ocrx_word' id='word_1_86' title='bbox 800 1603 834 1686; x_wconf 91' lang='lat' dir='ltr'>P,</span> <span class='ocrx_word' id='word_1_87' title='bbox 867 1603 999 1668; x_wconf 89' lang='lat' dir='ltr'>retineri</span> <span class='ocrx_word' id='word_1_88' title='bbox 1028 1623 1093 1667; x_wconf 92' lang='lat' dir='ltr'>non</span> <span class='ocrx_word' id='word_1_89' title='bbox 1121 1603 1251 1687; x_wconf 85' lang='lat' dir='ltr'>potest?</span> <span class='ocrx_word' id='word_1_90' title='bbox 1298 1601 1385 1686; x_wconf 87' lang='lat' dir='ltr'>qnod</span> <span class='ocrx_word' id='word_1_91' title='bbox 1413 1603 1442 1667; x_wconf 85' lang='lat' dir='ltr'>si</span> <span class='ocrx_word' id='word_1_92' title='bbox 1471 1600 1607 1666; x_wconf 87' lang='lat' dir='ltr'>eandem</span> 
     </span>
     <span class='ocr_line' id='line_1_12' title="bbox 377 1709 1606 1794; baseline 0 -23"><span class='ocrx_word' id='word_1_93' title='bbox 377 1709 538 1772; x_wconf 88' lang='lat' dir='ltr'>notionem</span> <span class='ocrx_word' id='word_1_94' title='bbox 563 1717 661 1792; x_wconf 90' lang='lat' dir='ltr'>atque</span> <span class='ocrx_word' id='word_1_95' title='bbox 685 1711 792 1793; x_wconf 61' lang='lat' dir='ltr'>eloqui)</span> <span class='ocrx_word' id='word_1_96' title='bbox 821 1718 856 1774; x_wconf 88' lang='lat' dir='ltr'>nt</span> <span class='ocrx_word' id='word_1_97' title='bbox 885 1710 1077 1794; x_wconf 83' lang='lat' dir='ltr'>saepissime</span> <span class='ocrx_word' id='word_1_98' title='bbox 1101 1729 1161 1774; x_wconf 90' lang='lat' dir='ltr'>usu</span> <span class='ocrx_word' id='word_1_99' title='bbox 1186 1709 1283 1792; x_wconf 86' lang='lat' dir='ltr'>venit,</span> <span class='ocrx_word' id='word_1_100' title='bbox 1313 1709 1433 1774; x_wconf 88' lang='lat' dir='ltr'>habere</span> <span class='ocrx_word' id='word_1_101' title='bbox 1459 1709 1606 1774; x_wconf 86' lang='lat' dir='ltr'>statueri-</span> 
     </span>
     <span class='ocr_line' id='line_1_13' title="bbox 376 1813 1605 1900; baseline -0.002 -22"><span class='ocrx_word' id='word_1_102' title='bbox 376 1835 455 1899; x_wconf 86' lang='lat' dir='ltr'>mus,</span> <span class='ocrx_word' id='word_1_103' title='bbox 480 1813 686 1881; x_wconf 84' lang='lat' dir='ltr'>distinctione</span> <span class='ocrx_word' id='word_1_104' title='bbox 710 1816 876 1900; x_wconf 89' lang='lat' dir='ltr'>paululum</span> <span class='ocrx_word' id='word_1_105' title='bbox 901 1817 1077 1898; x_wconf 86' lang='lat' dir='ltr'>immutata,</span> <span class='ocrx_word' id='word_1_106' title='bbox 1100 1816 1189 1881; x_wconf 90' lang='lat' dir='ltr'>nulla</span> <span class='ocrx_word' id='word_1_107' title='bbox 1214 1814 1390 1880; x_wconf 86' lang='lat' dir='ltr'>difficultas</span> <span class='ocrx_word' id='word_1_108' title='bbox 1411 1815 1605 1881; x_wconf 83' lang='lat' dir='ltr'>remanebit:</span> 
     </span>
     <span class='ocr_line' id='line_1_14' title="bbox 377 1922 1607 2008; baseline -0.001 -23"><span class='ocrx_word' id='word_1_109' title='bbox 377 1925 567 1987; x_wconf 78' lang='lat' dir='ltr'>incredibilia</span> <span class='ocrx_word' id='word_1_110' title='bbox 594 1933 675 2004; x_wconf 77' lang='lat' dir='ltr'>occat,</span> <span class='ocrx_word' id='word_1_111' title='bbox 704 1945 780 2007; x_wconf 82' lang='lat' dir='ltr'>qnae</span> <span class='ocrx_word' id='word_1_112' title='bbox 808 1926 965 1987; x_wconf 81' lang='lat' dir='ltr'>tulerim.</span> <span class='ocrx_word' id='word_1_113' title='bbox 1012 1947 1089 1988; x_wconf 78' lang='lat' dir='ltr'>creat</span> <span class='ocrx_word' id='word_1_114' title='bbox 1112 1929 1252 2008; x_wconf 83' lang='lat' dir='ltr'>csscrre</span> <span class='ocrx_word' id='word_1_115' title='bbox 1280 1922 1314 2004; x_wconf 86' lang='lat' dir='ltr'>(i.</span> <span class='ocrx_word' id='word_1_116' title='bbox 1340 1943 1367 1988; x_wconf 88' lang='lat' dir='ltr'>e.</span> <span class='ocrx_word' id='word_1_117' title='bbox 1392 1922 1510 2005; x_wconf 78' lang='lat' dir='ltr'>eloqui)</span> <span class='ocrx_word' id='word_1_118' title='bbox 1535 1943 1607 1986; x_wconf 90' lang='lat' dir='ltr'>noa</span> 
     </span>
     <span class='ocr_line' id='line_1_15' title="bbox 372 2028 1607 2114; baseline 0 -22"><span class='ocrx_word' id='word_1_119' title='bbox 372 2032 527 2112; x_wconf 79' lang='lat' dir='ltr'>passim,</span> <span class='ocrx_word' id='word_1_120' title='bbox 554 2032 564 2092; x_wconf 89' lang='lat' dir='ltr'>i</span> <span class='ocrx_word' id='word_1_121' title='bbox 570 2031 646 2093; x_wconf 87' lang='lat' dir='ltr'>llud</span> <span class='ocrx_word' id='word_1_122' title='bbox 661 2033 852 2112; x_wconf 76' lang='lat' dir='ltr'>acimaas.</span> <span class='ocrx_word' id='word_1_123' title='bbox 886 2049 982 2112; x_wconf 89' lang='lat' dir='ltr'>quam</span> <span class='ocrx_word' id='word_1_124' title='bbox 998 2028 1094 2094; x_wconf 86' lang='lat' dir='ltr'>facile</span> <span class='ocrx_word' id='word_1_125' title='bbox 1109 2049 1185 2095; x_wconf 84' lang='lat' dir='ltr'>vero</span> <span class='ocrx_word' id='word_1_126' title='bbox 1206 2029 1275 2095; x_wconf 90' lang='lat' dir='ltr'>lieri</span> <span class='ocrx_word' id='word_1_127' title='bbox 1289 2029 1438 2114; x_wconf 75' lang='lat' dir='ltr'>potuerit,</span> <span class='ocrx_word' id='word_1_128' title='bbox 1457 2035 1493 2093; x_wconf 87' lang='lat' dir='ltr'>nt</span> <span class='ocrx_word' id='word_1_129' title='bbox 1507 2029 1607 2094; x_wconf 85' lang='lat' dir='ltr'>verba</span> 
     </span>
     <span class='ocr_line' id='line_1_16' title="bbox 376 2135 1595 2220; baseline 0.002 -21"><span class='ocrx_word' id='word_1_130' title='bbox 376 2159 445 2200; x_wconf 78' lang='lat' dir='ltr'>cirin</span> <span class='ocrx_word' id='word_1_131' title='bbox 474 2140 584 2219; x_wconf 57' lang='lat' dir='ltr'>uesicae</span> <span class='ocrx_word' id='word_1_132' title='bbox 612 2137 644 2200; x_wconf 92' lang='lat' dir='ltr'>in</span> <span class='ocrx_word' id='word_1_133' title='bbox 672 2157 740 2201; x_wconf 76' lang='lat' dir='ltr'>carri</span> <span class='ocrx_word' id='word_1_134' title='bbox 769 2158 816 2201; x_wconf 78' lang='lat' dir='ltr'>nic</span> <span class='ocrx_word' id='word_1_135' title='bbox 833 2141 933 2220; x_wconf 76' lang='lat' dir='ltr'>seruc,</span> <span class='ocrx_word' id='word_1_136' title='bbox 963 2155 1047 2219; x_wconf 88' lang='lat' dir='ltr'>quac</span> <span class='ocrx_word' id='word_1_137' title='bbox 1075 2158 1096 2220; x_wconf 91' lang='lat' dir='ltr'>p</span> <span class='ocrx_word' id='word_1_138' title='bbox 1125 2137 1224 2201; x_wconf 87' lang='lat' dir='ltr'>habet</span> <span class='ocrx_word' id='word_1_139' title='bbox 1252 2135 1437 2213; x_wconf 80' lang='lat' dir='ltr'>(Chatelain</span> <span class='ocrx_word' id='word_1_140' title='bbox 1462 2157 1493 2219; x_wconf 93' lang='lat' dir='ltr'>p.</span> <span class='ocrx_word' id='word_1_141' title='bbox 1519 2138 1595 2211; x_wconf 76' lang='lat'>130)</span> 
     </span>
     <span class='ocr_line' id='line_1_17' title="bbox 377 2242 1063 2326; baseline 0.001 -20"><span class='ocrx_word' id='word_1_142' title='bbox 377 2251 664 2326; x_wconf 83' lang='lat' dir='ltr'>corrumperentur,</span> <span class='ocrx_word' id='word_1_143' title='bbox 688 2263 781 2308; x_wconf 87' lang='lat' dir='ltr'>nemo</span> <span class='ocrx_word' id='word_1_144' title='bbox 806 2263 870 2306; x_wconf 91' lang='lat' dir='ltr'>non</span> <span class='ocrx_word' id='word_1_145' title='bbox 894 2242 1063 2324; x_wconf 76' lang='lat' dir='ltr'>intellegit.</span> 
     </span>
     <span class='ocr_line' id='line_1_18' title="bbox 484 2349 1607 2432; baseline -0.002 -18"><span class='ocrx_word' id='word_1_146' title='bbox 484 2369 537 2432; x_wconf 91' lang='lat' dir='ltr'>ep.</span> <span class='ocrx_word' id='word_1_147' title='bbox 561 2349 715 2414; x_wconf 88' lang='lat' dir='ltr'>mor.V1</span> <span class='ocrx_word' id='word_1_148' title='bbox 741 2353 769 2428; x_wconf 72' lang='grc' dir='ltr'>ῖ,</span> <span class='ocrx_word' id='word_1_149' title='bbox 795 2353 832 2414; x_wconf 80' lang='lat'>4:</span> <span class='ocrx_word' id='word_1_150' title='bbox 862 2359 964 2415; x_wconf 73' lang='lat' dir='ltr'>taurian</span> <span class='ocrx_word' id='word_1_151' title='bbox 987 2373 1040 2432; x_wconf 75' lang='lat' dir='ltr'>cao</span> <span class='ocrx_word' id='word_1_152' title='bbox 1068 2372 1131 2415; x_wconf 91' lang='lat' dir='ltr'>non</span> <span class='ocrx_word' id='word_1_153' title='bbox 1154 2353 1306 2416; x_wconf 77' lang='lat' dir='ltr'>iaimailo</span> <span class='ocrx_word' id='word_1_154' title='bbox 1330 2352 1470 2414; x_wconf 75' lang='lat' dir='ltr'>dixeram</span> <span class='ocrx_word' id='word_1_155' title='bbox 1493 2353 1607 2432; x_wconf 74' lang='lat' dir='ltr'>cepisse</span> 
     </span>
     <span class='ocr_line' id='line_1_19' title="bbox 483 2459 1607 2542; baseline 0 -24"><span class='ocrx_word' id='word_1_156' title='bbox 483 2479 530 2520; x_wconf 80' lang='lat' dir='ltr'>rire</span> <span class='ocrx_word' id='word_1_157' title='bbox 561 2478 704 2538; x_wconf 75' lang='lat' dir='ltr'>mapnara</span> <span class='ocrx_word' id='word_1_158' title='bbox 738 2479 777 2520; x_wconf 80' lang='lat' dir='ltr'>ca</span> <span class='ocrx_word' id='word_1_159' title='bbox 809 2459 937 2540; x_wconf 77' lang='lat' dir='ltr'>epistula</span> <span class='ocrx_word' id='word_1_160' title='bbox 968 2467 1027 2522; x_wconf 88' lang='lat' dir='ltr'>tua</span> <span class='ocrx_word' id='word_1_161' title='bbox 1054 2459 1243 2542; x_wconf 79' lang='lat' dir='ltr'>eolciptatcra.</span> <span class='ocrx_word' id='word_1_162' title='bbox 1291 2460 1426 2540; x_wconf 70' lang='lat' dir='ltr'>asanais</span> <span class='ocrx_word' id='word_1_163' title='bbox 1458 2459 1541 2520; x_wconf 85' lang='lat' dir='ltr'>caim</span> <span class='ocrx_word' id='word_1_164' title='bbox 1569 2477 1607 2519; x_wconf 81' lang='lat' dir='ltr'>ca</span> 
     </span>
     <span class='ocr_line' id='line_1_20' title="bbox 483 2565 1607 2648; baseline 0.001 -22"><span class='ocrx_word' id='word_1_165' title='bbox 483 2565 635 2627; x_wconf 72' lang='lat' dir='ltr'>loricata</span> <span class='ocrx_word' id='word_1_166' title='bbox 659 2585 752 2629; x_wconf 86' lang='lat' dir='ltr'>causa</span> <span class='ocrx_word' id='word_1_167' title='bbox 775 2567 925 2648; x_wconf 76' lang='lat' dir='ltr'>inperitus</span> <span class='ocrx_word' id='word_1_168' title='bbox 947 2567 1036 2630; x_wconf 73' lang='lat' dir='ltr'>locrio</span> <span class='ocrx_word' id='word_1_169' title='bbox 1057 2567 1202 2646; x_wconf 76' lang='lat' dir='ltr'>pacidcat,</span> <span class='ocrx_word' id='word_1_170' title='bbox 1232 2573 1332 2630; x_wconf 87' lang='lat' dir='ltr'>tamen</span> <span class='ocrx_word' id='word_1_171' title='bbox 1359 2566 1513 2648; x_wconf 86' lang='lat' dir='ltr'>adfectum</span> <span class='ocrx_word' id='word_1_172' title='bbox 1542 2567 1607 2628; x_wconf 79' lang='lat' dir='ltr'>cira</span> 
     </span>
     <span class='ocr_line' id='line_1_21' title="bbox 484 2673 1606 2754; baseline -0.002 -20"><span class='ocrx_word' id='word_1_173' title='bbox 484 2674 715 2754; x_wconf 79' lang='lat' dir='ltr'>inpotentcntenr</span> <span class='ocrx_word' id='word_1_174' title='bbox 743 2680 771 2735; x_wconf 89' lang='lat' dir='ltr'>ct</span> <span class='ocrx_word' id='word_1_175' title='bbox 799 2675 830 2734; x_wconf 90' lang='lat' dir='ltr'>in</span> <span class='ocrx_word' id='word_1_176' title='bbox 858 2673 1012 2736; x_wconf 79' lang='lat' dir='ltr'>cliceranat</span> <span class='ocrx_word' id='word_1_177' title='bbox 1044 2676 1147 2737; x_wconf 81' lang='lat' dir='ltr'>atatim</span> <span class='ocrx_word' id='word_1_178' title='bbox 1180 2675 1397 2736; x_wconf 71' lang='lat' dir='ltr'>inclinaturam</span> <span class='ocrx_word' id='word_1_179' title='bbox 1425 2673 1606 2754; x_wconf 72' lang='lat' dir='ltr'>voluptatem</span> 
     </span>
     <span class='ocr_line' id='line_1_22' title="bbox 485 2779 1604 2862; baseline -0.001 -22"><span class='ocrx_word' id='word_1_180' title='bbox 485 2799 555 2841; x_wconf 83' lang='lat' dir='ltr'>noco</span> <span class='ocrx_word' id='word_1_181' title='bbox 578 2781 720 2861; x_wconf 83' lang='lat' dir='ltr'>opinione</span> <span class='ocrx_word' id='word_1_182' title='bbox 736 2779 815 2862; x_wconf 77' lang='lat' dir='ltr'>salci</span> <span class='ocrx_word' id='word_1_183' title='bbox 843 2780 913 2842; x_wconf 73' lang='lat' dir='ltr'>lioai</span> <span class='ocrx_word' id='word_1_184' title='bbox 941 2787 1067 2860; x_wconf 81' lang='lat' dir='ltr'>uictam,</span> <span class='ocrx_word' id='word_1_185' title='bbox 1096 2780 1329 2844; x_wconf 72' lang='lat' dir='ltr'>inmoderatam</span> <span class='ocrx_word' id='word_1_186' title='bbox 1352 2786 1381 2842; x_wconf 89' lang='lat' dir='ltr'>et</span> <span class='ocrx_word' id='word_1_187' title='bbox 1402 2779 1604 2842; x_wconf 84' lang='lat' dir='ltr'>immodicam.</span> 
     </span>
     <span class='ocr_line' id='line_1_23' title="bbox 376 2883 1604 2969; baseline -0.002 -21"><span class='ocrx_word' id='word_1_188' title='bbox 376 2887 501 2948; x_wconf 75' lang='lat' dir='ltr'>toncaa</span> <span class='ocrx_word' id='word_1_189' title='bbox 534 2893 584 2950; x_wconf 88' lang='lat' dir='ltr'>est</span> <span class='ocrx_word' id='word_1_190' title='bbox 616 2883 720 2969; x_wconf 89' lang='lat' dir='ltr'>Lipsii</span> <span class='ocrx_word' id='word_1_191' title='bbox 754 2886 940 2950; x_wconf 87' lang='lat' dir='ltr'>coniectura</span> <span class='ocrx_word' id='word_1_192' title='bbox 977 2885 1019 2950; x_wconf 93' lang='lat' dir='ltr'>ab</span> <span class='ocrx_word' id='word_1_193' title='bbox 1052 2885 1199 2950; x_wconf 89' lang='lat' dir='ltr'>omnibus</span> <span class='ocrx_word' id='word_1_194' title='bbox 1231 2891 1364 2969; x_wconf 88' lang='lat' dir='ltr'>recepta</span> <span class='ocrx_word' id='word_1_195' title='bbox 1395 2905 1454 2968; x_wconf 94' lang='lat' dir='ltr'>pro</span> <span class='ocrx_word' id='word_1_196' title='bbox 1487 2883 1604 2950; x_wconf 86' lang='lat' dir='ltr'>vitiosa</span> 
     </span>
     <span class='ocr_line' id='line_1_24' title="bbox 378 2989 1604 3076; baseline 0 -22"><span class='ocrx_word' id='word_1_197' title='bbox 378 2989 526 3055; x_wconf 88' lang='lat' dir='ltr'>codicum</span> <span class='ocrx_word' id='word_1_198' title='bbox 549 2990 688 3056; x_wconf 88' lang='lat' dir='ltr'>lectione</span> <span class='ocrx_word' id='word_1_199' title='bbox 712 2993 831 3057; x_wconf 81' lang='lat' dir='ltr'>lamine</span> <span class='ocrx_word' id='word_1_200' title='bbox 854 2996 913 3057; x_wconf 78' lang='lat' dir='ltr'>ista</span> <span class='ocrx_word' id='word_1_201' title='bbox 935 2993 987 3058; x_wconf 87' lang='lat' dir='ltr'>vel</span> <span class='ocrx_word' id='word_1_202' title='bbox 1011 2997 1135 3058; x_wconf 69' lang='lat' dir='ltr'>notariae</span> <span class='ocrx_word' id='word_1_203' title='bbox 1157 2995 1216 3058; x_wconf 81' lang='lat' dir='ltr'>iata</span> <span class='ocrx_word' id='word_1_204' title='bbox 1241 2993 1298 3070; x_wconf 84' lang='lat' dir='ltr'>(ita</span> <span class='ocrx_word' id='word_1_205' title='bbox 1313 2989 1396 3076; x_wconf 85' lang='lat' dir='ltr'><strong>LB).</strong></span> <span class='ocrx_word' id='word_1_206' title='bbox 1414 2999 1449 3055; x_wconf 87' lang='lat' dir='ltr'>at</span> <span class='ocrx_word' id='word_1_207' title='bbox 1464 2991 1604 3076; x_wconf 85' lang='lat' dir='ltr'>propius,</span> 
     </span>
     <span class='ocr_line' id='line_1_25' title="bbox 377 3095 1605 3182; baseline -0.001 -21"><span class='ocrx_word' id='word_1_208' title='bbox 377 3097 500 3182; x_wconf 88' lang='lat' dir='ltr'>opinor,</span> <span class='ocrx_word' id='word_1_209' title='bbox 524 3095 567 3161; x_wconf 92' lang='lat' dir='ltr'>ad</span> <span class='ocrx_word' id='word_1_210' title='bbox 592 3096 733 3163; x_wconf 82' lang='lat' dir='ltr'>traditae</span> <span class='ocrx_word' id='word_1_211' title='bbox 756 3098 905 3164; x_wconf 88' lang='lat' dir='ltr'>lectionis</span> <span class='ocrx_word' id='word_1_212' title='bbox 928 3099 1071 3182; x_wconf 82' lang='lat' dir='ltr'>vestigia</span> <span class='ocrx_word' id='word_1_213' title='bbox 1094 3097 1295 3182; x_wconf 89' lang='lat' dir='ltr'>accedemus,</span> <span class='ocrx_word' id='word_1_214' title='bbox 1320 3099 1348 3163; x_wconf 86' lang='lat' dir='ltr'>si</span> <span class='ocrx_word' id='word_1_215' title='bbox 1371 3119 1442 3163; x_wconf 89' lang='lat' dir='ltr'>noa</span> <span class='ocrx_word' id='word_1_216' title='bbox 1466 3101 1605 3161; x_wconf 79' lang='lat' dir='ltr'>intaeta</span> 
     </span>
     <span class='ocr_line' id='line_1_26' title="bbox 376 3203 1604 3291; baseline -0.002 -23"><span class='ocrx_word' id='word_1_217' title='bbox 376 3205 587 3290; x_wconf 83' lang='lat' dir='ltr'>posuerimus,</span> <span class='ocrx_word' id='word_1_218' title='bbox 611 3205 697 3288; x_wconf 90' lang='lat' dir='ltr'>quod</span> <span class='ocrx_word' id='word_1_219' title='bbox 720 3205 798 3270; x_wconf 92' lang='lat' dir='ltr'>mihi</span> <span class='ocrx_word' id='word_1_220' title='bbox 822 3204 953 3289; x_wconf 87' lang='lat' dir='ltr'>quidem</span> <span class='ocrx_word' id='word_1_221' title='bbox 968 3205 1009 3272; x_wconf 92' lang='lat' dir='ltr'>de</span> <span class='ocrx_word' id='word_1_222' title='bbox 1024 3207 1173 3291; x_wconf 84' lang='lat' dir='ltr'>imperito</span> <span class='ocrx_word' id='word_1_223' title='bbox 1188 3207 1316 3271; x_wconf 89' lang='lat' dir='ltr'>homine</span> <span class='ocrx_word' id='word_1_224' title='bbox 1330 3203 1604 3270; x_wconf 83' lang='lat' dir='ltr'>accommodatius</span> 
     </span>
     <span class='ocr_line' id='line_1_27' title="bbox 376 3311 1024 3396; baseline 0.006 -22"><span class='ocrx_word' id='word_1_225' title='bbox 376 3311 505 3376; x_wconf 87' lang='lat' dir='ltr'>videtur</span> <span class='ocrx_word' id='word_1_226' title='bbox 528 3312 650 3378; x_wconf 93' lang='lat' dir='ltr'>dictum</span> <span class='ocrx_word' id='word_1_227' title='bbox 674 3333 748 3379; x_wconf 88' lang='lat' dir='ltr'>esse</span> <span class='ocrx_word' id='word_1_228' title='bbox 771 3333 868 3396; x_wconf 90' lang='lat' dir='ltr'>quam</span> <span class='ocrx_word' id='word_1_229' title='bbox 891 3315 1024 3378; x_wconf 75' lang='lat' dir='ltr'>honesta.</span> 
     </span>
     <span class='ocr_line' id='line_1_28' title="bbox 483 3417 1603 3504; baseline -0.004 -19"><span class='ocrx_word' id='word_1_230' title='bbox 483 3441 539 3504; x_wconf 93' lang='lat' dir='ltr'>ep.</span> <span class='ocrx_word' id='word_1_231' title='bbox 563 3439 647 3487; x_wconf 83' lang='lat' dir='ltr'>mor,</span> <span class='ocrx_word' id='word_1_232' title='bbox 671 3419 733 3484; x_wconf 91' lang='lat' dir='ltr'>VII</span> <span class='ocrx_word' id='word_1_233' title='bbox 755 3423 786 3498; x_wconf 80' lang='lat'>5,</span> <span class='ocrx_word' id='word_1_234' title='bbox 815 3423 869 3485; x_wconf 85' lang='lat'>16:</span> <span class='ocrx_word' id='word_1_235' title='bbox 893 3443 980 3500; x_wconf 81' lang='lat' dir='ltr'>uror,</span> <span class='ocrx_word' id='word_1_236' title='bbox 1005 3423 1060 3485; x_wconf 82' lang='lat' dir='ltr'>secl</span> <span class='ocrx_word' id='word_1_237' title='bbox 1081 3423 1219 3484; x_wconf 81' lang='lat' dir='ltr'>inuictus.</span> <span class='ocrx_word' id='word_1_238' title='bbox 1267 3421 1373 3503; x_wconf 73' lang='lat' dir='ltr'>quidni</span> <span class='ocrx_word' id='word_1_239' title='bbox 1394 3417 1498 3502; x_wconf 77' lang='lat' dir='ltr'>liac²⁸)</span> <span class='ocrx_word' id='word_1_240' title='bbox 1523 3425 1603 3502; x_wconf 89' lang='lat' dir='ltr'>opta-</span> 
     </span>
     <span class='ocr_line' id='line_1_29' title="bbox 484 3523 1605 3612; baseline -0.002 -22"><span class='ocrx_word' id='word_1_241' title='bbox 484 3529 540 3592; x_wconf 79' lang='lat' dir='ltr'>tte</span> <span class='ocrx_word' id='word_1_242' title='bbox 562 3531 629 3591; x_wconf 80' lang='lat' dir='ltr'>eit?</span> <span class='ocrx_word' id='word_1_243' title='bbox 665 3529 930 3612; x_wconf 85' lang='lat' dir='ltr'>&lt;optabile&gt;</span> <span class='ocrx_word' id='word_1_244' title='bbox 954 3535 1069 3608; x_wconf 79' lang='lat' dir='ltr'>autari,</span> <span class='ocrx_word' id='word_1_245' title='bbox 1098 3549 1160 3592; x_wconf 88' lang='lat' dir='ltr'>aon</span> <span class='ocrx_word' id='word_1_246' title='bbox 1183 3527 1263 3610; x_wconf 80' lang='lat' dir='ltr'>quod</span> <span class='ocrx_word' id='word_1_247' title='bbox 1284 3528 1347 3588; x_wconf 72' lang='lat' dir='ltr'>aurit</span> <span class='ocrx_word' id='word_1_248' title='bbox 1370 3545 1416 3588; x_wconf 82' lang='lat' dir='ltr'>rae</span> <span class='ocrx_word' id='word_1_249' title='bbox 1441 3527 1529 3606; x_wconf 76' lang='lat' dir='ltr'>ipnis,</span> <span class='ocrx_word' id='word_1_250' title='bbox 1552 3523 1605 3588; x_wconf 82' lang='lat' dir='ltr'>sed</span> 
     </span>
     <span class='ocr_line' id='line_1_30' title="bbox 483 3637 769 3718; baseline 0.007 -22"><span class='ocrx_word' id='word_1_251' title='bbox 483 3637 563 3718; x_wconf 79' lang='lat' dir='ltr'>iptod</span> <span class='ocrx_word' id='word_1_252' title='bbox 585 3657 647 3698; x_wconf 90' lang='lat' dir='ltr'>non</span> <span class='ocrx_word' id='word_1_253' title='bbox 669 3638 769 3699; x_wconf 79' lang='lat' dir='ltr'>uincit.</span> 
     </span>
     <span class='ocr_line' id='line_1_31' title="bbox 376 3738 1602 3826; baseline -0.004 -20"><span class='ocrx_word' id='word_1_254' title='bbox 376 3742 424 3806; x_wconf 85' lang='lat' dir='ltr'>sic</span> <span class='ocrx_word' id='word_1_255' title='bbox 457 3742 561 3806; x_wconf 91' lang='lat' dir='ltr'>locum</span> <span class='ocrx_word' id='word_1_256' title='bbox 589 3741 732 3806; x_wconf 88' lang='lat' dir='ltr'>Fickerti</span> <span class='ocrx_word' id='word_1_257' title='bbox 768 3742 870 3826; x_wconf 89' lang='lat' dir='ltr'>copiis</span> <span class='ocrx_word' id='word_1_258' title='bbox 902 3761 981 3806; x_wconf 85' lang='lat' dir='ltr'>usus</span> <span class='ocrx_word' id='word_1_259' title='bbox 1014 3740 1180 3806; x_wconf 84' lang='lat' dir='ltr'>constituit</span> <span class='ocrx_word' id='word_1_260' title='bbox 1209 3739 1361 3805; x_wconf 88' lang='lat' dir='ltr'>Haasius.</span> <span class='ocrx_word' id='word_1_261' title='bbox 1413 3738 1602 3803; x_wconf 80' lang='lat' dir='ltr'>vocabulum</span> 
     </span>
     <span class='ocr_line' id='line_1_32' title="bbox 376 3847 1603 3934; baseline -0.003 -21"><span class='ocrx_word' id='word_1_262' title='bbox 376 3858 479 3913; x_wconf 77' lang='lat' dir='ltr'>arcton</span> <span class='ocrx_word' id='word_1_263' title='bbox 512 3847 623 3914; x_wconf 89' lang='lat' dir='ltr'>codice</span> <span class='ocrx_word' id='word_1_264' title='bbox 655 3869 676 3931; x_wconf 96' lang='lat' dir='ltr'>p</span> <span class='ocrx_word' id='word_1_265' title='bbox 715 3849 759 3934; x_wconf 91' lang='lat' dir='ltr'>(v.</span> <span class='ocrx_word' id='word_1_266' title='bbox 786 3847 956 3913; x_wconf 83' lang='lat' dir='ltr'>Chatelain</span> <span class='ocrx_word' id='word_1_267' title='bbox 988 3869 1019 3932; x_wconf 91' lang='lat' dir='ltr'>p.</span> <span class='ocrx_word' id='word_1_268' title='bbox 1052 3851 1137 3930; x_wconf 73' lang='lat' dir='ltr'>lant,</span> <span class='ocrx_word' id='word_1_269' title='bbox 1171 3847 1226 3930; x_wconf 90' lang='lat' dir='ltr'>qui</span> <span class='ocrx_word' id='word_1_270' title='bbox 1258 3849 1314 3911; x_wconf 80' lang='lat' dir='ltr'>liac</span> <span class='ocrx_word' id='word_1_271' title='bbox 1345 3847 1474 3930; x_wconf 73' lang='lat' dir='ltr'>‹platile</span> <span class='ocrx_word' id='word_1_272' title='bbox 1504 3855 1603 3910; x_wconf 84' lang='lat' dir='ltr'>actam</span> 
     </span>
     <span class='ocr_line' id='line_1_33' title="bbox 379 3951 1603 4038; baseline -0.004 -18"><span class='ocrx_word' id='word_1_273' title='bbox 379 3977 441 4020; x_wconf 90' lang='lat' dir='ltr'>aon</span> <span class='ocrx_word' id='word_1_274' title='bbox 465 3954 576 4038; x_wconf 87' lang='lat' dir='ltr'>habet,</span> <span class='ocrx_word' id='word_1_275' title='bbox 605 3953 823 4038; x_wconf 87' lang='lat' dir='ltr'>confirmatur,</span> <span class='ocrx_word' id='word_1_276' title='bbox 852 3955 970 4038; x_wconf 86' lang='lat' dir='ltr'>copula</span> <span class='ocrx_word' id='word_1_277' title='bbox 997 3958 1038 4019; x_wconf 82' lang='lat' dir='ltr'>sit</span> <span class='ocrx_word' id='word_1_278' title='bbox 1061 3953 1173 4020; x_wconf 88' lang='lat' dir='ltr'>codice</span> <span class='ocrx_word' id='word_1_279' title='bbox 1196 3953 1228 4017; x_wconf 91' lang='lat' dir='ltr'><strong>M</strong></span> <span class='ocrx_word' id='word_1_280' title='bbox 1252 3953 1404 4036; x_wconf 89' lang='lat' dir='ltr'>aliisque,</span> <span class='ocrx_word' id='word_1_281' title='bbox 1432 3952 1465 4016; x_wconf 92' lang='lat' dir='ltr'>in</span> <span class='ocrx_word' id='word_1_282' title='bbox 1489 3951 1603 4034; x_wconf 88' lang='lat' dir='ltr'>quibus</span> 
     </span>
    </p>
   </div>
   <div class='ocr_carea' id='block_1_3' title="bbox 373 4175 1602 4782">
    <p class='ocr_par' dir='ltr' id='par_1_3' title="bbox 374 4175 1602 4516">
     <span class='ocr_line' id='line_1_34' title="bbox 374 4175 1602 4247; baseline -0.002 -17"><span class='ocrx_word' id='word_1_283' title='bbox 374 4180 512 4231; x_wconf 73' lang='lat' dir='ltr'>labentur.</span> <span class='ocrx_word' id='word_1_284' title='bbox 549 4177 680 4232; x_wconf 86' lang='lat' dir='ltr'>mendum</span> <span class='ocrx_word' id='word_1_285' title='bbox 699 4178 813 4233; x_wconf 78' lang='lat' dir='ltr'>latitare</span> <span class='ocrx_word' id='word_1_286' title='bbox 831 4181 905 4232; x_wconf 86' lang='lat' dir='ltr'>recte</span> <span class='ocrx_word' id='word_1_287' title='bbox 923 4177 1078 4247; x_wconf 82' lang='lat' dir='ltr'>suspicatus</span> <span class='ocrx_word' id='word_1_288' title='bbox 1097 4181 1138 4231; x_wconf 87' lang='lat' dir='ltr'>est</span> <span class='ocrx_word' id='word_1_289' title='bbox 1158 4177 1347 4240; x_wconf 82' lang='lat' dir='ltr'>Buechelcrue‚</span> <span class='ocrx_word' id='word_1_290' title='bbox 1372 4193 1433 4230; x_wconf 89' lang='lat' dir='ltr'>enm</span> <span class='ocrx_word' id='word_1_291' title='bbox 1458 4175 1493 4229; x_wconf 85' lang='lat' dir='ltr'>ad</span> <span class='ocrx_word' id='word_1_292' title='bbox 1519 4178 1549 4230; x_wconf 82' lang='lat' dir='ltr'>id</span> <span class='ocrx_word' id='word_1_293' title='bbox 1566 4183 1602 4229; x_wconf 81' lang='lat' dir='ltr'>est</span> 
     </span>
     <span class='ocr_line' id='line_1_35' title="bbox 374 4263 1601 4336; baseline -0.003 -16"><span class='ocrx_word' id='word_1_294' title='bbox 374 4267 533 4321; x_wconf 83' lang='lat' dir='ltr'>adnotaret:</span> <span class='ocrx_word' id='word_1_295' title='bbox 554 4263 600 4321; x_wconf 76' lang='lat' dir='ltr'>‘et’</span> <span class='ocrx_word' id='word_1_296' title='bbox 616 4275 750 4336; x_wconf 80' lang='lat' dir='ltr'>praestat.</span> <span class='ocrx_word' id='word_1_297' title='bbox 784 4267 851 4335; x_wconf 90' lang='lat' dir='ltr'>quid</span> <span class='ocrx_word' id='word_1_298' title='bbox 869 4283 933 4322; x_wconf 86' lang='lat' dir='ltr'>vero</span> <span class='ocrx_word' id='word_1_299' title='bbox 952 4267 1061 4321; x_wconf 81' lang='lat' dir='ltr'>facilius</span> <span class='ocrx_word' id='word_1_300' title='bbox 1081 4267 1110 4320; x_wconf 89' lang='lat' dir='ltr'>in</span> <span class='ocrx_word' id='word_1_301' title='bbox 1129 4270 1214 4322; x_wconf 81' lang='lat' dir='ltr'>idest</span> <span class='ocrx_word' id='word_1_302' title='bbox 1234 4266 1372 4334; x_wconf 82' lang='lat' dir='ltr'>corrumpi</span> <span class='ocrx_word' id='word_1_303' title='bbox 1390 4269 1502 4334; x_wconf 84' lang='lat' dir='ltr'>poterat</span> <span class='ocrx_word' id='word_1_304' title='bbox 1521 4282 1601 4333; x_wconf 87' lang='lat' dir='ltr'>qnam</span> 
     </span>
     <span class='ocr_line' id='line_1_36' title="bbox 374 4354 1601 4426; baseline -0.001 -17"><span class='ocrx_word' id='word_1_305' title='bbox 374 4357 463 4411; x_wconf 86' lang='lat' dir='ltr'>idem&#39;?</span> <span class='ocrx_word' id='word_1_306' title='bbox 504 4374 584 4426; x_wconf 84' lang='lat' dir='ltr'>porro</span> <span class='ocrx_word' id='word_1_307' title='bbox 611 4357 710 4411; x_wconf 81' lang='lat' dir='ltr'>melius</span> <span class='ocrx_word' id='word_1_308' title='bbox 737 4355 813 4412; x_wconf 91' lang='lat' dir='ltr'>hand</span> <span class='ocrx_word' id='word_1_309' title='bbox 840 4356 922 4411; x_wconf 87' lang='lat' dir='ltr'>dubie</span> <span class='ocrx_word' id='word_1_310' title='bbox 950 4360 992 4410; x_wconf 83' lang='lat' dir='ltr'>eat</span> <span class='ocrx_word' id='word_1_311' title='bbox 1019 4373 1062 4416; x_wconf 84' lang='lat' dir='ltr'>en.</span> <span class='ocrx_word' id='word_1_312' title='bbox 1091 4357 1165 4424; x_wconf 90' lang='lat' dir='ltr'>quod</span> <span class='ocrx_word' id='word_1_313' title='bbox 1192 4357 1221 4410; x_wconf 92' lang='lat' dir='ltr'>in</span> <span class='ocrx_word' id='word_1_314' title='bbox 1250 4354 1410 4424; x_wconf 76' lang='lat' dir='ltr'>apographo</span> <span class='ocrx_word' id='word_1_315' title='bbox 1437 4355 1601 4408; x_wconf 79' lang='lat' dir='ltr'>Memmiana</span> 
     </span>
     <span class='ocr_line' id='line_1_37' title="bbox 374 4449 545 4516; baseline -0.006 -16"><span class='ocrx_word' id='word_1_316' title='bbox 374 4449 479 4516; x_wconf 78' lang='lat' dir='ltr'>legitur</span> <span class='ocrx_word' id='word_1_317' title='bbox 497 4449 545 4500; x_wconf 81' lang='lat' dir='ltr'>liii.</span> 
     </span>
    </p>

    <p class='ocr_par' dir='ltr' id='par_1_4' title="bbox 373 4531 1600 4782">
     <span class='ocr_line' id='line_1_38' title="bbox 466 4531 1600 4603; baseline -0.002 -14"><span class='ocrx_word' id='word_1_318' title='bbox 466 4533 501 4603; x_wconf 76' lang='lat'>¹⁸)</span> <span class='ocrx_word' id='word_1_319' title='bbox 520 4537 618 4590; x_wconf 88' lang='lat' dir='ltr'>vocula</span> <span class='ocrx_word' id='word_1_320' title='bbox 635 4537 683 4590; x_wconf 79' lang='lat' dir='ltr'>liae</span> <span class='ocrx_word' id='word_1_321' title='bbox 702 4535 807 4590; x_wconf 89' lang='lat' dir='ltr'>iamin</span> <span class='ocrx_word' id='word_1_322' title='bbox 826 4533 947 4588; x_wconf 80' lang='lat' dir='ltr'>editione</span> <span class='ocrx_word' id='word_1_323' title='bbox 966 4535 1087 4602; x_wconf 86' lang='lat' dir='ltr'>quadam</span> <span class='ocrx_word' id='word_1_324' title='bbox 1106 4551 1246 4603; x_wconf 85' lang='lat' dir='ltr'>anonyma</span> <span class='ocrx_word' id='word_1_325' title='bbox 1263 4534 1366 4588; x_wconf 84' lang='lat' dir='ltr'>saeculi</span> <span class='ocrx_word' id='word_1_326' title='bbox 1389 4533 1489 4588; x_wconf 89' lang='lat' dir='ltr'>decimi</span> <span class='ocrx_word' id='word_1_327' title='bbox 1513 4531 1600 4602; x_wconf 85' lang='lat' dir='ltr'>quinti</span> 
     </span>
     <span class='ocr_line' id='line_1_39' title="bbox 374 4622 1599 4693; baseline -0.005 -13"><span class='ocrx_word' id='word_1_328' title='bbox 374 4625 499 4680; x_wconf 82' lang='lat' dir='ltr'>exeuntis</span> <span class='ocrx_word' id='word_1_329' title='bbox 519 4622 553 4681; x_wconf 76' lang='lat' dir='ltr'>ca</span> <span class='ocrx_word' id='word_1_330' title='bbox 574 4624 648 4693; x_wconf 87' lang='lat' dir='ltr'>apud</span> <span class='ocrx_word' id='word_1_331' title='bbox 666 4625 837 4687; x_wconf 87' lang='lat' dir='ltr'>Fickertnm)</span> <span class='ocrx_word' id='word_1_332' title='bbox 860 4624 961 4678; x_wconf 85' lang='lat' dir='ltr'>omissa</span> <span class='ocrx_word' id='word_1_333' title='bbox 980 4629 1008 4677; x_wconf 84' lang='lat' dir='ltr'>et</span> <span class='ocrx_word' id='word_1_334' title='bbox 1027 4625 1062 4678; x_wconf 89' lang='lat' dir='ltr'>ab</span> <span class='ocrx_word' id='word_1_335' title='bbox 1082 4624 1184 4678; x_wconf 83' lang='lat' dir='ltr'>Heasio</span> <span class='ocrx_word' id='word_1_336' title='bbox 1203 4623 1280 4678; x_wconf 86' lang='lat' dir='ltr'>uncis</span> <span class='ocrx_word' id='word_1_337' title='bbox 1299 4623 1406 4678; x_wconf 86' lang='lat' dir='ltr'>inclusa</span> <span class='ocrx_word' id='word_1_338' title='bbox 1424 4627 1473 4678; x_wconf 82' lang='lat' dir='ltr'>cst.</span> <span class='ocrx_word' id='word_1_339' title='bbox 1511 4627 1599 4678; x_wconf 76' lang='lat' dir='ltr'>tamen</span> 
     </span>
     <span class='ocr_line' id='line_1_40' title="bbox 373 4711 1490 4782; baseline -0.003 -13"><span class='ocrx_word' id='word_1_340' title='bbox 373 4734 435 4769; x_wconf 88' lang='lat' dir='ltr'>cum</span> <span class='ocrx_word' id='word_1_341' title='bbox 454 4715 484 4768; x_wconf 89' lang='lat' dir='ltr'>in</span> <span class='ocrx_word' id='word_1_342' title='bbox 503 4715 553 4782; x_wconf 75' lang='lat' dir='ltr'>put</span> <span class='ocrx_word' id='word_1_343' title='bbox 574 4714 637 4766; x_wconf 85' lang='lat' dir='ltr'>aliis</span> <span class='ocrx_word' id='word_1_344' title='bbox 656 4718 732 4767; x_wconf 84' lang='lat' dir='ltr'>extet</span> <span class='ocrx_word' id='word_1_345' title='bbox 751 4717 779 4768; x_wconf 83' lang='lat' dir='ltr'>et</span> <span class='ocrx_word' id='word_1_346' title='bbox 799 4713 910 4766; x_wconf 86' lang='lat' dir='ltr'>tolerari</span> <span class='ocrx_word' id='word_1_347' title='bbox 930 4714 1024 4780; x_wconf 80' lang='lat' dir='ltr'>possit,</span> <span class='ocrx_word' id='word_1_348' title='bbox 1044 4711 1111 4780; x_wconf 88' lang='lat' dir='ltr'>quid</span> <span class='ocrx_word' id='word_1_349' title='bbox 1130 4716 1173 4766; x_wconf 83' lang='lat' dir='ltr'>est</span> <span class='ocrx_word' id='word_1_350' title='bbox 1191 4731 1239 4767; x_wconf 88' lang='lat' dir='ltr'>car</span> <span class='ocrx_word' id='word_1_351' title='bbox 1258 4729 1321 4766; x_wconf 85' lang='lat' dir='ltr'>eam</span> <span class='ocrx_word' id='word_1_352' title='bbox 1340 4712 1490 4766; x_wconf 79' lang='lat' dir='ltr'>eiciamus?</span> 
     </span>
    </p>
   </div>
   <div class='ocr_carea' id='block_1_4' title="bbox 0 0 1778 5236">
    <p class='ocr_par' dir='ltr' id='par_1_5' title="bbox 0 0 1778 5236">
     <span class='ocr_line' id='line_1_41' title="bbox 0 0 1778 5236; baseline 0 2"><span class='ocrx_word' id='word_1_353' title='bbox 0 0 1778 5236; x_wconf 95' lang='lat' dir='ltr'> </span> 
     </span>
    </p>
   </div>
  </div>
 </body>
</html>
