3546 5236
750 441 813 504 175

672 529 804 536 -------
812 530 883 536 .-.-.

163 654 190 704 p.
209 636 244 689 85
264 635 358 689 adnot.
378 636 391 687 1
412 634 486 704 lege:
510 637 663 688 morientis
681 642 816 690 extremos
836 653 915 688 voces.

164 743 190 794 p.
209 725 244 778 86
264 724 355 778 adnot.
377 727 438 793 post
458 719 591 792 ’σύγκρισιν
610 721 691 792 quae*
711 723 792 777 adde:
817 725 918 792 partim
939 722 1059 792 plurium
1080 722 1191 791 partim.

164 831 190 882 p.
210 814 244 867 96
263 831 288 866 v.
308 814 326 867 4
344 813 416 866 dele:
442 817 491 866 est.

164 921 190 972 p.
212 903 263 956 123
282 903 374 956 adnot.
394 903 427 956 31
448 906 510 970 post
530 899 664 956 ‘tradidit’
684 901 766 956 adde:
787 902 820 956 of.
840 901 943 956 Marius
959 901 1117 956 Victorinus
1136 905 1188 954 art.
1204 918 1320 970 gramm.
1336 899 1395 952 118

236 1010 261 1062 p.
281 993 324 1052 94.
343 993 360 1046 9
380 991 411 1046 Κ.

165 1099 191 1150 p.
212 1081 263 1135 125
282 1099 307 1134 v.
326 1082 449 1149 paenult.
473 1084 535 1149 post
559 1077 696 1134 ‘ermetis’
721 1079 802 1134 adde:
832 1079 866 1134 de
889 1079 992 1134 normis
1019 1079 1120 1147 quibus
1147 1079 1177 1132 in
1206 1077 1395 1146 disiungendis

237 1170 417 1238 iungendisve
436 1168 575 1223 vocabulis
594 1173 622 1223 et
641 1168 818 1238 grammatici
832 1169 950 1224 Romani
970 1171 998 1222 et
1018 1167 1126 1223 librarii
1139 1167 1242 1222 saeculi
1256 1185 1283 1236 p.
1294 1167 1356 1220 Chr.
1368 1185 1395 1220 n.

237 1259 308 1314 sexti
336 1259 377 1312 usi
405 1258 462 1312 sint
494 1259 526 1312 cf.
556 1275 627 1326 quse
655 1257 860 1312 Studemundus
888 1257 1042 1328 disputavit
1070 1257 1100 1311 in
1129 1260 1273 1311 Dissertat.
1298 1257 1395 1325 philol.

238 1353 408 1415 Arprntorat.
429 1348 467 1401 lX
486 1366 511 1417 p.
534 1346 590 1415 [701
611 1366 650 1414 sq.

166 1456 192 1506 p.
213 1439 263 1493 141
283 1438 376 1492 adnot.
395 1438 413 1492 8
430 1438 505 1506 lege:
529 1437 786 1506 metamorphoseon
806 1437 920 1491 Ovidii.

167 1546 191 1596 p.
213 1527 265 1581 145
287 1527 381 1581 adnot.
402 1527 448 1581 14:
477 1525 505 1579 in
530 1526 714 1580 coniecturam
738 1534 826 1578 strata
851 1528 935 1579 etiam
960 1525 1102 1579 Gertaium
1124 1525 1252 1579 incidisse
1271 1523 1344 1578 diseo
1363 1541 1396 1578 ex

238 1616 355 1671 Senecae
378 1614 466 1684 patris
489 1614 610 1669 editione
633 1615 668 1668 ab
692 1615 725 1668 H.
746 1615 766 1668 I.
787 1614 919 1668 Muellero
943 1614 1122 1668 Vindobonae
1145 1632 1169 1669 a.
1197 1614 1265 1668 1888
1288 1613 1395 1670 emissa.

165 1724 192 1775 p.
213 1706 264 1760 158
284 1705 376 1758 adnot.
388 1705 434 1759 37:
455 1705 487 1758 H.
499 1705 633 1760 Usenerus
649 1704 678 1757 in
689 1707 834 1772 Epicureis
848 1704 957 1774 Lipsiae
969 1704 1037 1758 1887
1052 1703 1134 1757 editis
1149 1721 1174 1772 p.
1182 1704 1234 1757 164
1248 1703 1396 1758 Metrodori

237 1795 424 1864 fragmentum
450 1795 489 1848 sio
512 1793 670 1848 constituit:
695 1789 758 1843 ἔστιν
781 1791 830 1862 γάρ
853 1809 889 1854 τις
912 1789 996 1864 ἡδονὴ
1018 1789 1058 1842 διὰ
1082 1789 1165 1863 λύπης
1185 1791 1312 1862 θηρευτὲα
1330 1793 1396 1842 κατὰ

238 1889 323 1934 τοῦτον
343 1883 383 1934 τὸν
402 1881 494 1952 καιρόν.
533 1883 566 1936 cf.
590 1882 712 1937 eiusdem
732 1883 796 1936 libri
819 1901 846 1952 p.
866 1882 935 1936 LVl.
973 1885 1095 1936 ceterum
1112 1882 1197 1936 verba
1215 1899 1287 1950 quoe
1305 1882 1395 1952 ipsum

239 1973 388 2027 Metrodori
407 1973 513 2026 dietum
531 1973 711 2042 praecedunt:
733 1969 903 2042 Μητροδώρου
919 2001 944 2008 -
960 1968 1073 2042 &serap
1093 1971 1164 2026 siout
1178 1988 1211 2026 ea
1226 1989 1297 2039 quae
1311 1971 1396 2025 simili

240 2063 297 2116 loeo
321 2080 363 2132 ep.
387 2079 452 2116 mor.
478 2062 541 2116 XIX
565 2063 589 2126 5,
614 2063 631 2116 ὃ
659 2062 801 2130 leguntur*
820 2063 963 2116 Maeonios
990 2063 1022 2116 da
1045 2063 1118 2114 cultu
1145 2077 1194 2114 suo
1221 2060 1250 2113 in
1279 2060 1397 2115 Senemo

238 2151 391 2205 orationem
411 2169 426 2205 e
444 2151 578 2220 margine.
598 2151 646 2204 ubi
665 2154 715 2204 aut
733 2152 768 2204 ab
786 2150 845 2220 ipso
864 2149 996 2220 scriptore
1015 2152 1065 2204 sut
1079 2150 1114 2204 ab
1128 2149 1292 2204 amanuensi
1306 2150 1397 2219 posito

239 2243 319 2294 erant
343 2239 380 2304 (v.
406 2239 570 2306 Quintilian.
594 2240 658 2293 inst.
683 2243 751 2294 orat.
777 2239 800 2293 X
825 2242 848 2304 1,
875 2240 944 2306 128),
973 2238 1112 2308 irrepsisse
1140 2239 1277 2294 videntur.
1314 2240 1397 2293 verba

239 2329 313 2382 enim
338 2331 480 2383 Maecenas
507 2331 538 2382 de
561 2331 633 2382 cirita
657 2346 713 2394 suo,
739 2346 801 2383 oum
825 2331 886 2398 post
910 2345 944 2382 ea
967 2330 1033 2397 quid
1055 2331 1187 2396 turpius?
1215 2328 1334 2398 legatur,
1362 2346 1397 2382 ne

239 2418 312 2472 iusto
335 2417 448 2485 quidem
471 2418 530 2472 loco
553 2421 664 2486 recepta
687 2421 760 2471 sunt.
795 2417 888 2472 simile
916 2415 984 2484 quid
1010 2417 1133 2471 iuvenies
1162 2417 1236 2486 apud
1259 2417 1398 2472 Velleium

240 2507 296 2571 16,
316 2507 340 2560 6.

167 2615 194 2665 p.
216 2597 267 2650 172
286 2614 311 2650 v.
331 2597 348 2648 2
368 2596 440 2666 lege:
465 2597 629 2652 abhorreat.
