3546 5236
393 605 501 666 tamen
534 600 601 665 alia
631 601 779 686 exempla
808 622 911 685 caque
940 604 1022 670 satis
1049 605 1175 689 prolixe
1203 612 1336 670 narrata
1364 625 1448 688 quae
1481 624 1553 668 eum
1582 623 1626 668 ex

394 707 496 790 patris
520 706 664 774 historiis
687 709 845 793 petivisse
864 709 1111 776 asimilitudine
1125 712 1192 776 veri
1212 731 1275 776 non
1292 711 1473 777 abhorreat.
1506 711 1626 794 quibus

393 812 477 878 enirn
500 814 609 898 potius
632 822 775 881 uteretur
802 835 899 898 quam
927 816 978 883 his
1006 837 1088 900 quas
1117 825 1149 884 et
1178 819 1367 903 pemovisse
1396 839 1469 884 eum
1493 825 1625 883 constat
1736 855 1737 870 .

393 926 426 983 et
456 939 514 1004 pro
548 921 670 986 ambitu
698 931 731 988 ct
757 921 918 988 rhetorica
946 924 1114 1008 scriptoris
1141 923 1252 990 indole
1280 923 1374 992 buius
1402 923 1488 990 modi
1511 944 1624 990 narra-

393 1025 545 1093 tiunculis
568 1025 706 1094 refertas
730 1030 831 1096 luisse
855 1031 1023 1116 probabile
1046 1033 1118 1097 cst?
1166 1051 1205 1097 ex
1229 1031 1341 1097 harum
1365 1032 1465 1115 igitur
1483 1051 1621 1096 numero

392 1135 621 1220 narrationum,
631 1136 737 1219 immo,
747 1145 782 1202 ut
793 1137 920 1203 Seneca
933 1139 1005 1222 ipse
1015 1157 1073 1204 eas
1083 1138 1238 1224 appellat,
1253 1137 1435 1204 fabularum
1451 1137 1505 1212 (de
1516 1139 1621 1204 benef.

393 1239 454 1304 Vll
467 1243 518 1326 20,
534 1247 567 1325 ὃς
593 1250 657 1308 nat.
672 1251 798 1327 quaest.
814 1245 843 1308 V
860 1247 910 1328 15,
937 1249 967 1324 1)
993 1245 1183 1328 longissima
1207 1255 1240 1310 et
1262 1245 1464 1330 lepidissime
1488 1253 1619 1310 narrata

392 1367 476 1430 qnae
501 1357 551 1415 cst
574 1350 615 1415 de
637 1349 766 1418 insidiis
781 1351 928 1434 Augusto
951 1351 1091 1418 aGinna
1104 1353 1229 1438 paratis
1244 1359 1335 1418 extat
1349 1353 1391 1418 de
1405 1353 1495 1418 elem.
1511 1352 1620 1436 19²¹).

393 1474 489 1537 qnam
517 1456 660 1541 quidem,
688 1477 760 1523 eum
788 1465 820 1525 et
847 1457 975 1542 longior
1003 1459 1045 1524 sit
1072 1466 1105 1524 et
1127 1460 1312 1526 accuratius
1335 1458 1441 1525 relata
1465 1479 1560 1542 quam
1584 1469 1620 1523 nt

392 1563 576 1627 memoriter
598 1571 730 1628 narrata
754 1584 828 1630 esse
851 1565 957 1650 possit
980 1572 1012 1630 et
1036 1585 1076 1630 ex
1100 1565 1263 1650 periochis
1288 1573 1417 1630 constet
1439 1565 1562 1630 Livium
1587 1566 1620 1629 in

394 1665 615 1752 describendis
645 1671 784 1754 Augusti
811 1671 908 1738 rebus
936 1691 999 1736 non
1024 1672 1108 1738 ultra
1131 1671 1230 1737 Drusi
1253 1679 1387 1737 mortem
1411 1671 1619 1756 processisse,

392 1774 658 1842 verisimillimum
687 1785 738 1843 est
765 1798 806 1843 ex
835 1778 980 1844 Senecae
1006 1779 1111 1863 patris
1139 1778 1282 1845 historiis
1311 1779 1468 1861 originem
1493 1777 1617 1844 ducere.

392 1883 469 1964 quin
493 1883 591 1948 etiam
615 1883 696 1949 haec
719 1885 819 1950 verba
842 1905 926 1967 qnae
951 1893 1025 1952 sunt
1046 1887 1079 1966 (9
1098 1889 1167 1967 lli:
1191 1908 1231 1950 ae
1254 1894 1347 1952 totus
1369 1889 1436 1950 eius
1454 1887 1618 1968 (Augusti)

392 1993 562 2056 orationem
585 1994 746 2075 repetendo
768 2013 910 2074 meprtauu
919 2001 1042 2076 portem
1056 1995 1217 2057 uoluminis
1230 2014 1371 2076 usurpem
1377 2017 1388 2056 :
1411 1995 1526 2056 &abtas
1540 1996 1619 2056 errius

392 2117 483 2180 poem
506 2099 624 2163 duobus
646 2101 731 2164 toris
755 2099 888 2164 tourtam
911 2121 976 2164 esse
994 2107 1120 2180 onustat,
1145 2105 1259 2184 aperte
1274 2097 1448 2165 ostendunt
1463 2098 1621 2165 Senecam

392 2201 493 2267 lilium
525 2215 645 2270 certum
678 2205 819 2289 aliquem
852 2201 1039 2290 scriptorem
1072 2207 1112 2271 ob
1144 2206 1255 2272 oeulos
1293 2205 1447 2272 babuisse
1486 2206 1620 2288 eiusque

392 2311 492 2374 verba
515 2319 580 2375 tam
605 2319 757 2378 accurate
781 2313 992 2398 expressisse,
1017 2318 1051 2377 ut
1075 2332 1138 2395 quo
1153 2313 1224 2378 loeo
1240 2312 1419 2396 longiorem
1433 2333 1517 2396 qnae
1532 2312 1623 2396 apud

393 2436 465 2481 eum
490 2420 623 2485 extabat
647 2419 823 2486 orationem
848 2420 1013 2486 omisisset
1035 2417 1244 2484 indicandum
1268 2439 1342 2486 esse
1366 2426 1504 2504 putaret

392 2633 445 2687 Vll
459 2634 486 2698 8)
505 2633 615 2688 ridetur
632 2634 769 2704 petivisse,
793 2635 894 2690 vividis
913 2635 1048 2690 coloribus
1067 2635 1205 2704 depictam
1220 2635 1304 2690 fuisse
1322 2635 1422 2690 scimus
1441 2653 1475 2689 ex
1492 2635 1622 2704 periocha

393 2722 451 2776 eius
465 2722 538 2776 libri.
568 2741 594 2777 v.
607 2727 751 2792 praeterea
761 2725 888 2778 Valerius
897 2724 1035 2778 Maximus
1050 2724 1062 2778 l
1077 2727 1093 2777 8
1108 2727 1213 2778 extern.
1230 2724 1428 2779 resternatur
1444 2724 1481 2777 ll'
1496 2725 1521 2788 8,
1538 2725 1571 2778 10
1579 2742 1622 2792 sq.

392 2829 455 2865 eum
473 2813 688 2881 Zangemeisteri
707 2814 940 2868 adnotationibus.
962 2841 994 2852 -
1014 2817 1135 2868 ceterum
1154 2813 1354 2882 repraesentari
1372 2813 1482 2867 videtur
1497 2813 1564 2866 haee
1577 2831 1623 2867 res

392 2901 422 2954 in
448 2901 561 2955 lucerna
588 2901 667 2956 fictili
696 2902 865 2958 collectionis
893 2903 1061 2972 Oppermani
1090 2901 1166 2956 edita
1194 2921 1211 2956 a
1233 2902 1265 2957 G.
1289 2903 1443 2957 Froehnero
1470 2903 1498 2956 in
1527 2901 1624 2956 libello

391 2989 533 3044 doctrinae
546 2993 575 3045 et
589 2992 723 3045 acuminis
738 2992 819 3061 pleno
840 2993 978 3060 Mdlunpes
996 2990 1185 3059 d'dpiproplrie
1203 2999 1227 3046 el
1240 2991 1439 3060 d'urclrriolcpr'e,
1461 2991 1536 3045 Puris
1554 2991 1624 3044 1873

392 3097 418 3148 p.
434 3081 513 3147 20sq.
541 3083 596 3134 tres
615 3080 688 3134 enirn
708 3081 856 3148 legionarii
875 3079 994 3135 Romani
1007 3109 1042 3118 —
1056 3079 1085 3134 id
1104 3079 1178 3148 qnod
1196 3097 1229 3134 ex
1248 3097 1388 3134 armorum
1407 3081 1495 3134 lbrma
1512 3079 1623 3134 intelle·

393 3169 470 3237 gitur
496 3197 526 3206 —
552 3171 660 3224 aditum
688 3174 839 3224 castrorum
867 3170 925 3224 loco
953 3169 1060 3234 declivi,
1088 3170 1106 3222 i.
1131 3187 1154 3224 e.
1180 3169 1209 3222 in
1236 3169 1298 3237 ripa
1321 3169 1465 3239 Bagradas
1492 3169 1624 3228 fluminis,

391 3259 507 3312 sitorum
527 3263 623 3314 contra
646 3259 795 3313 immanem
819 3263 972 3327 serpentem
993 3259 1045 3314 alis
1064 3262 1092 3312 et
1111 3259 1203 3326 capite
1222 3263 1250 3312 et
1269 3261 1379 3327 pectore
1397 3259 1525 3312 muliebri
1545 3275 1624 3328 praa-

393 3348 481 3403 ditam
505 3349 656 3402 defendunt
679 3365 762 3416 seque
785 3349 869 3402 scutis
892 3348 1024 3417 oppositis
1052 3365 1069 3401 a
1097 3348 1239 3417 pestilenti
1271 3348 1330 3401 eius
1357 3348 1455 3402 afflatu
1482 3352 1623 3403 tutantur.

392 3455 481 3506 neque
513 3439 542 3491 id
573 3438 752 3507 explicationi
784 3455 861 3492 meae
893 3439 986 3492 obstat
1017 3438 1090 3505 quod
1118 3437 1219 3491 artil'ex
1251 3441 1407 3506 serpentem
1439 3437 1500 3507 ipsa
1531 3445 1624 3492 castra

392 3527 517 3582 adoriam
536 3545 601 3588 esse,
620 3545 675 3581 non
693 3545 778 3597 propa
796 3545 829 3582 eu
847 3545 910 3582 cum
924 3526 1055 3580 Romanis
1074 3525 1226 3580 conflixisse
1243 3527 1331 3590 finxit,
1351 3531 1401 3580 aut
1419 3525 1493 3594 quod
1512 3545 1624 3581 murum

391 3618 484 3686 potius
507 3616 614 3671 castelli
638 3634 723 3684 qnam
746 3617 851 3672 vallum
877 3619 1027 3670 castrorum
1052 3615 1163 3668 videtur
1186 3615 1330 3669 indicasse.
1366 3619 1464 3670 notum
1487 3617 1563 3670 enirn
1582 3623 1625 3671 ast

392 3708 460 3762 artis
479 3711 659 3762 monumenta
676 3708 706 3760 in
725 3708 768 3762 his
787 3707 914 3761 minutiis
933 3723 1015 3775 saepe
1038 3723 1099 3760 cum
1119 3707 1200 3760 rebus
1223 3723 1240 3760 a
1263 3707 1352 3775 poetis
1376 3707 1420 3760 vel
1444 3707 1624 3776 scriptoribus

391 3797 503 3852 traditis
522 3796 682 3864 discrepare.
715 3814 796 3865 porro
814 3801 899 3865 caput
917 3795 1082 3849 femininum
1101 3795 1169 3848 artis
1188 3795 1312 3850 cadentis
1326 3798 1419 3850 aetate
1433 3795 1519 3850 ctiam
1535 3795 1625 3864 hydra

392 3887 514 3941 Lernaea
537 3885 629 3940 babet.
671 3886 789 3954 deniqne
812 3886 884 3939 banc
907 3900 1040 3954 pugnarn,
1065 3901 1137 3952 quae
1161 3883 1289 3951 quamvis
1313 3883 1384 3938 bello
1407 3884 1512 3938 Punico
1534 3885 1624 3953 primo

392 3979 427 4031 ab
446 3975 590 4031 annalium
608 3975 786 4044 scriptoribus
804 3975 910 4028 inserta
927 3974 972 4036 sit,
993 3977 1087 4028 tamen
1106 3972 1142 4027 ad
1160 3971 1306 4027 historiam
1320 3973 1476 4028 l'abularem
1491 3974 1623 4042 pertinet,

391 4065 564 4120 notissimam
582 4065 667 4118 fuisse
685 4081 719 4118 ex
737 4064 803 4118 locis
822 4081 905 4132 supra
923 4062 1019 4117 allatis
1038 4062 1211 4131 perspicitur.

483 4152 518 4222 ¹¹)
537 4155 595 4208 iam
618 4153 726 4222 Lipsius
749 4153 821 4207 vidit
844 4152 958 4208 eandem
977 4169 1036 4207 rem
1054 4170 1072 4206 a
1090 4151 1183 4206 Cassio
1202 4151 1289 4206 Dione
1309 4151 1355 4204 LV
1379 4153 1410 4205 14
1419 4169 1460 4219 sq.
1480 4158 1623 4208 narratam

392 4262 457 4299 esse.
494 4244 571 4298 cuius
589 4243 673 4297 verba
691 4243 778 4297 etiam
797 4242 820 4296 si
839 4242 981 4296 interdum
999 4241 1158 4295 Annaeanis
1176 4241 1280 4296 similia
1298 4243 1364 4294 sunt
1388 4241 1416 4306 (3
1439 4259 1495 4296 aaa
1518 4245 1565 4295 illi
1583 4245 1624 4294 irr-

391 4338 481 4403 qrts'ata
495 4341 553 4388 erat
570 4353 600 4378 =
617 4327 699 4386 Subr’
713 4325 745 4382 ub
764 4329 859 4400 νύκτωρ
877 4329 992 4401 ἀτρεμεῖν
1011 4327 1145 4399 δυναμένῳ,
1166 4331 1249 4384 7·-11
1267 4351 1296 4376 =
1308 4331 1343 4384 22
1361 4326 1446 4397 λόγοις
1465 4329 1512 4381 nui
1531 4330 1623 4382 sonbe-

391 4421 493 4493 τήσας),
512 4426 614 4484 temen,
634 4438 697 4475 cum
715 4421 824 4489 saepius
841 4422 916 4476 inter
933 4439 962 4476 se
980 4420 1143 4490 discrepent,
1166 4419 1253 4474 nolim
1273 4420 1306 4474 de
1325 4419 1429 4474 Seneca
1446 4419 1507 4489 ipso
1527 4420 1624 4475 Dionis

392 4516 502 4567 auctore
526 4511 657 4580 cogitare,
685 4511 732 4564 sed
753 4511 865 4565 videtur
887 4511 978 4565 nescio
1000 4510 1063 4578 quis
1085 4510 1202 4579 scriptur
1225 4509 1274 4578 qui
1296 4509 1429 4564 Senecam
1452 4516 1624 4579 excerpserat

393 4601 535 4655 adbibitus
554 4619 619 4654 esse.
656 4604 777 4655 ceterum
797 4601 912 4669 longum
930 4600 1001 4654 illud
1020 4601 1094 4654 inter
1109 4601 1267 4670 Augustum
1286 4602 1314 4652 et
1328 4598 1435 4652 Liviam
1455 4598 1624 4666 colloquium

391 4707 445 4745 non
465 4691 563 4744 dubito
581 4690 650 4758 quin
669 4690 721 4744 Dio
740 4689 798 4758 ipse
817 4706 892 4744 more
911 4707 960 4743 suo
978 4689 1097 4743 finxerit.
