3634 5220
941 393 983 456 48

860 483 1071 491 ———

353 615 633 697 episynthetisohes
661 649 1207 669 ---------------
1211 667 1217 680 .
1261 615 1299 679 In
1323 616 1395 680 dem
1418 615 1572 698 gemisoh·

350 719 406 781 ten
429 717 566 782 Metrum
587 718 662 782 land
684 721 717 783 in
740 719 795 783 der
816 719 898 784 That
920 720 970 785 ein
985 720 1131 785 Weohsel
1154 721 1209 784 des
1225 719 1407 802 Rhythmus
1430 717 1494 782 und
1517 718 1573 782 der

350 820 517 885 Versfr'rsse
541 819 700 887 firhlbarar
726 823 806 886 statt
829 822 875 886 als
897 823 942 887 im
966 823 1262 906 episynthetisohem
1286 841 1376 886 wenn
1398 821 1499 904 gleioh
1524 820 1572 884 die

351 924 517 988 Versffisse
542 925 654 989 andere
677 924 797 1008 gelasst
812 924 933 990 werden
948 930 1088 1004 musaeu,
1112 927 1159 990 als
1174 924 1327 990 Aristides
1349 923 1414 988 und
1429 923 1574 1007 Hephae·

352 1026 444 1103 ahion,
461 1027 662 1092 mechanisoh
679 1029 735 1092 das
753 1027 999 1110 Sylbensohema
1013 1029 1317 1110 herdolsiohtigend‚
1339 1028 1384 1092 sie
1400 1029 1571 1111 angehen.“

437 1129 582 1194 illustrat
604 1134 711 1196 autem
732 1131 885 1195 Aristides
908 1151 999 1196 suam
1021 1132 1059 1197 de
1083 1133 1295 1214 inaequalium
1317 1149 1521 1196 numerorum
1543 1130 1573 1193 vi

352 1233 542 1297 sententiam
564 1233 623 1298 hoo
646 1233 786 1318 exemplo
809 1237 849 1317 (p.
874 1235 914 1298 99
936 1235 970 1298 M
989 1262 1031 1290 =
1048 1234 1097 1313 60,
1113 1237 1153 1298 22
1168 1235 1217 1314 J):
1240 1225 1292 1298 διὸ
1314 1225 1374 1297 κάν
1395 1236 1469 1312 ταῖς
1491 1229 1574 1316 κινή-

352 1355 423 1401 σεσι
443 1337 507 1399 τῶν
529 1327 721 1423 ἀρτηριῶν
743 1329 778 1400 αλ
800 1328 918 1419 τὸμὲν
940 1329 1025 1415 εἶδος
1045 1328 1144 1402 ταότδ
1166 1341 1328 1423 τηροῦσαι,
1352 1334 1431 1422 περὶ
1447 1333 1484 1400 δὲ
1499 1326 1593 1412 τοὺς

350 1435 481 1524 χρόνους
502 1435 620 1526 μικρὰν
643 1435 837 1522 ποιούμεναι
859 1432 1019 1526 διαφορὰν
1048 1437 1246 1525 ταραχώδεις
1266 1437 1335 1523 μέν,
1368 1431 1405 1504 οό
1426 1430 1489 1524 μὴν
1509 1461 1575 1501 κιν-

353 1537 517 1621 δυνῶδεις,
553 1537 588 1606 αἱ
611 1540 648 1606 δὲ
675 1533 748 1628 ἤτοι
770 1537 843 1607 λίαν
865 1539 1154 1629 παραλλάττουσαι
1175 1546 1244 1621 τοῖς
1264 1539 1392 1630 χρόνοις
1413 1533 1433 1627 ἢ
1455 1538 1510 1605 καί
1532 1535 1574 1604 τὰ

351 1641 424 1731 γένη
457 1642 718 1728 μεταβάλλουσαι
752 1641 889 1732 φοβεροί
918 1643 956 1710 τὲ
986 1640 1050 1711 εἶσι
1084 1643 1138 1710 καὶ
1168 1638 1328 1734 ὀλέθριοι.
1382 1646 1443 1725 Qui
1475 1664 1515 1709 ne
1542 1643 1574 1706 iu

351 1750 421 1833 ipsa
452 1749 579 1831 quidem
611 1751 750 1833 rhythmi
783 1750 961 1815 definitione
992 1750 1121 1833 pulsum
1153 1750 1293 1833 neglegit
1323 1752 1365 1832 (p.
1398 1750 1437 1813 31
1470 1749 1504 1812 Μ
1532 1773 1575 1801 =

353 1853 462 1928 21,14
483 1853 528 1929 J),
562 1853 617 1917 sed
640 1853 714 1935 quid
743 1853 780 1917 de
807 1853 959 1936 perieulo,
996 1854 1078 1936 quod
1108 1854 1216 1935 quovis
1247 1853 1433 1918 arteriarum
1461 1849 1574 1914 affeetu

355 1954 474 2038 eorpori
507 1955 685 2030 immineat,
719 1956 858 2020 sentiant
884 1949 1002 2040 ἰατρῶν
1023 1956 1150 2032 παῖδες,
1184 1956 1321 2021 ostendit
1342 1975 1372 2039 p.
1395 1955 1455 2018 106
1478 1955 1512 2017 Μ
1533 1979 1575 2007 =

295 2099 309 2114 .
354 2057 405 2134 64,
430 2059 470 2120 33
492 2058 527 2122 J:
550 2048 592 2120 τὰ
614 2105 621 2119 .
647 2107 653 2120 .
679 2107 686 2120 .
709 2048 769 2143 γὰρ
792 2059 910 2143 πρῶτα
933 2108 940 2123 .
966 2109 972 2122 .
998 2109 1004 2123 .
1029 2109 1036 2124 .
1059 2063 1118 2123 τοῦ
1141 2054 1294 2140 σώματος
1322 2055 1418 2144 μέρη,
1454 2041 1499 2122 ὧν
1520 2051 1575 2118 καί

354 2151 490 2246 σμικρὸν
523 2154 745 2224 πεπονθότων
772 2158 962 2226 κινδυνεύειν
994 2159 1075 2248 φασί
1103 2159 1142 2227 τὸ
1176 2160 1272 2247 ζῷον,
1306 2157 1461 2247 μηνιγγας
1494 2149 1575 2222 εἶναι

354 2258 481 2347 λέγουσι
512 2261 565 2326 καὶ
595 2255 756 2348 ἀρτηρίας.
799 2264 869 2328 Iam
892 2283 964 2328 oum
994 2267 1071 2330 alias
1095 2285 1218 2348 quoque
1241 2263 1354 2328 medioi
1378 2264 1416 2328 ab
1439 2261 1574 2325 Aristide

354 2368 640 2430 oommemorontur
662 2360 708 2446 (οἱ
732 2363 826 2453 σοφοί
849 2368 912 2430 τῶν
927 2359 1183 2455 Ἀσκληπιαδῶν
1206 2389 1235 2451 p.
1254 2369 1313 2432 102
1329 2367 1364 2429 M
1378 2393 1421 2420 =
1436 2365 1487 2442 62,
1505 2363 1576 2428 16J

354 2471 386 2534 at
409 2463 529 2553 ἰατρῶν
551 2467 670 2546 παῖδες
693 2470 752 2532 137
765 2470 799 2532 Μ
811 2497 853 2524 =
865 2471 916 2546 82,
929 2472 948 2532 8
960 2472 1005 2552 J),
1017 2491 1219 2554 nequaquam
1242 2471 1358 2547 dubito,
1376 2469 1452 2551 quin
1467 2468 1577 2552 rhyth-

355 2591 480 2636 morum
526 2571 772 2637 vioissitudinem
815 2592 888 2637 eum
927 2575 1112 2638 arteriarum
1159 2575 1252 2658 pulsu
1291 2573 1485 2656 temperanti
1524 2571 1577 2634 oh·

356 2677 481 2740 versata
497 2674 539 2738 sit
555 2675 695 2740 doetrina
712 2678 866 2758 quaedam
882 2677 1073 2741 medicorum
1088 2679 1126 2756 ah
1142 2677 1350 2761 Herophilo
1361 2676 1386 2756 1)
1403 2673 1577 2738 Aristoxeni

357 2777 421 2842 iere
445 2779 566 2860 aequali
589 2780 769 2844 constituta.
813 2778 883 2857 Qua
903 2780 940 2843 de
961 2800 993 2844 re
1015 2771 1134 2845 Plinius
1153 2779 1336 2846 refertNat.
1356 2776 1576 2842 hisarnam:

359 2880 562 2958 „arteriarum
579 2883 689 2965 pulsus
712 2883 743 2944 in
767 2882 929 2946 oaoumine
945 2884 1081 2947 maxime
1097 2885 1311 2948 membrorum
1327 2882 1464 2958 evidens,
1486 2879 1577 2943 index

356 2985 420 3049 iere
436 2985 624 3062 morborum,
646 2985 678 3048 in
694 2984 836 3049 modulos
852 2987 953 3050 oertos
975 2984 1159 3067 legesque
1181 2973 1361 3050 metri'eas
1379 3005 1433 3068 per
1449 2986 1576 3059 aetates,

358 3088 477 3152 stabilis
494 3090 550 3152 aut
565 3088 679 3152 altatus
694 3090 750 3150 aut
765 3088 882 3165 tardus,
899 3088 1065 3172 discriptus
1082 3091 1121 3154 ab
1136 3089 1304 3173 Herophilo
1318 3088 1492 3152 medicinae
1507 3088 1577 3150 rate

356 3191 500 3256 miranda
523 3193 603 3268 arte,
632 3191 760 3254 nimiam
784 3194 910 3274 propter
933 3192 1140 3275 suptilitatem
1164 3193 1317 3257 desertus.
1356 3191 1577 3256 Observatione

358 3301 465 3358 tamen
502 3293 602 3358 orebri
637 3295 691 3357 aut
725 3294 865 3376 languidi
898 3295 979 3359 iotus
1011 3296 1224 3378 gubernacula
1253 3296 1335 3360 vitae
1365 3296 1578 3376 temperant“;

356 3396 461 3461 XXIX
484 3396 519 3459 6:
553 3443 585 3473 ‚,.
608 3445 614 3459 .
640 3444 647 3458 .
669 3396 860 3479 Herophilus
891 3398 923 3460 in
954 3399 1121 3463 musicos
1156 3399 1271 3482 pedes
1300 3415 1452 3463 venarum
1485 3396 1579 3479 pulsu

359 3500 505 3583 discripto
527 3519 583 3582 per
605 3501 746 3564 aetatum
775 3501 921 3581 gradus.“
967 3501 1071 3565 Etiam
1095 3503 1288 3566 aoouratiora
1320 3501 1418 3566 tradit
1439 3500 1578 3566 Galenus

358 3621 483 3686 synops.
506 3603 657 3667 libromm
680 3603 717 3667 de
740 3602 832 3685 pulsu
855 3621 922 3686 oap.
948 3604 986 3666 12
1009 3603 1054 3668 IX
1078 3603 1140 3667 463
1163 3623 1209 3686 sq.
1232 3604 1278 3668 K:
1315 3601 1498 3690 γέγραπται
1520 3598 1580 3684 μὲν

358 3692 411 3770 οὖν
443 3705 498 3768 καὶ
520 3697 688 3792 Ἡροφίλην
725 3699 767 3768 τὰ
787 3696 870 3768 κατὰ
892 3695 968 3782 τοὺς
988 3700 1121 3792 χρόνους
1153 3702 1235 3789 μετὰ
1257 3709 1315 3793 τῆς
1337 3706 1514 3791 διαστολῆς
1545 3725 1580 3770 τε

357 3805 412 3871 καί
436 3807 604 3894 συστολῆς,
629 3805 720 3872 ἕνεκα
745 3811 807 3872 τῶν
829 3801 961 3894 ἡλικιῶν
984 3803 1030 3887 είς
1053 3799 1200 3895 ῥυθμοὺς
1225 3801 1376 3895 ἀνάγοντι
1398 3800 1455 3873 τὸν
1476 3805 1578 3892 λόγον.

357 3906 470 3998 ῶσπερ
491 3903 551 3998 γὰρ
580 3906 718 3988 ἐκείνους
750 3906 780 3976 οὶ
806 3909 994 3994 μουσικοί
1027 3908 1111 3976 κατοί
1131 3935 1224 3990 τινας
1245 3905 1428 3998 ὡρισμένας
1459 3906 1580 3998 χρόνων

357 4010 465 4094 τάξεις
488 4017 664 4079 συνιστῶοι
688 4011 949 4099 παραβάλλοντες
971 4009 1124 4102 ἀλλήλαις
1146 4005 1240 4102 ἀρσιν
1260 4012 1315 4078 καί
1339 4011 1450 4094 δόσιν,
1481 4007 1581 4089 οίτιος

357 4115 413 4181 καί
431 4111 612 4204 Ἡρόφιλος
626 4109 779 4203 ἀνάλογον
800 4116 860 4201 μὲν
881 4110 973 4204 ἀρσει
995 4111 1053 4204 τὴν
1076 4110 1249 4204 διαστολὴν
1270 4111 1484 4201 ὑποθέμενος,
1507 4109 1581 4181 ἀνοί-

358 4219 453 4305 λογον
481 4218 518 4284 δὲ
545 4219 643 4285 θέσει
670 4217 729 4308 τὴν
755 4214 914 4305 συστολὴν
941 4225 1000 4308 τῆς
1032 4216 1198 4309 ἀρτηρίας,
1226 4213 1402 4308 ἀρξόμενος
1425 4213 1496 4286 ἀπὸ
1526 4223 1581 4284 τοῦ

358 4326 516 4410 νεογενοῦς
538 4319 675 4389 παιδίου
695 4318 754 4410 τὴν
776 4320 908 4412 τήρησιν
930 4322 1109 4412 ἐποιήσατο
1131 4324 1198 4390 κτλ.

358 4443 568 4452 ——-—.—-

431 4481 451 4540 ¹)
470 4478 670 4533 Commemorat
687 4477 757 4532 hano
775 4478 927 4533 doctrinam
947 4477 1056 4534 Curtius
1070 4477 1199 4546 Sprengel
1219 4477 1390 4532 ‘Gesahiehte
1403 4477 1451 4532 der
1463 4476 1581 4531 Modicia

361 4564 396 4617 im
416 4563 580 4619 Alterthnm'
600 4563 640 4631 (1⁴
658 4562 767 4631 Lipsiae
779 4565 856 4632 1846)
874 4581 900 4632 p.
911 4565 970 4631 Ι616,
989 4565 1034 4633 qui
1052 4564 1166 4630 (ibidem
1183 4579 1209 4632 p.
1219 4565 1272 4618 378
1280 4567 1309 4617 et
1320 4565 1384 4630 629)
1402 4563 1482 4618 docet
1496 4577 1582 4630 neque

361 4649 559 4720 Hippocratem
578 4664 665 4717 neque
676 4650 873 4704 Erasistratum
892 4649 985 4718 pulsus
1003 4650 1170 4704 arteriarum
1190 4655 1316 4705 naturam
1334 4650 1402 4706 satis
1419 4649 1582 4718 perperisse.
