3598 5226
954 385 1079 481 12a

446 577 520 661 340,
549 579 591 642 33
629 579 770 645 »Serilio
797 578 930 644 Verrius
963 577 1124 664 appellari
1156 585 1251 664 putat
1281 577 1416 662 nauigia
1444 578 1591 646 Histrico

358 703 397 748 ac
412 682 596 768 Liburnica,
621 705 704 768 quae
729 685 793 749 lino
819 705 858 750 ao
882 693 993 770 sparto
1014 684 1262 769 condensantur,
1287 705 1308 749 a
1332 686 1531 751 conserendo
1556 693 1591 750 et

356 789 556 855 contexendo
590 791 698 873 dicta3
736 791 813 874 qnia
846 791 934 856 dieat
966 791 1129 858 Pacuuius
1162 793 1195 856 in
1227 791 1376 876 Niptris:
1410 793 1488 876 ,Nec
1520 793 1590 858 ulla

357 897 493 964 subscus
517 897 645 964 cohibet
669 919 849 985 conpagem
873 898 968 983 aluei,
992 897 1051 964 sed
1076 906 1148 964 suta
1172 899 1237 963 lino
1263 907 1295 964 et
1319 900 1460 984 sparteis
1484 900 1588 966 661111-

356 1004 426 1070 hus‘
454 1042 490 1051 =-
518 1025 600 1071 cum
623 1018 913 1094 περιφραστικῶς
937 1013 974 1070 61
997 1005 1093 1071 11616
1116 1007 1308 1072 uocabulo
1331 1027 1422 1073 usus
1446 1008 1497 1073 sit
1519 1027 1588 1092 pro

356 1109 558 1196 funiculis,
583 1113 648 1196 qui
672 1119 804 1197 sparto
829 1115 1144 1192 conseruntur.«¹)

446 1222 525 1302 364,
563 1223 601 1286 16
642 1222 894 1306 ›Tentipelliam
928 1220 1076 1285 Artorius
1108 1227 1202 1304 putat
1234 1240 1308 1286 esse
1341 1220 1587 1285 calciamentum

356 1325 524 1410 ferratum,
557 1346 619 1408 quo
648 1326 752 1411 pelles
780 1325 1009 1411 extenduntur,
1041 1325 1182 1409 indeque
1205 1327 1374 1392 Afranium
1401 1326 1525 1394 dixisse
1554 1327 1587 1392 in

356 1434 487 1498 Promo:
512 1433 583 1517 ,Pro
607 1434 755 1499 manibus
781 1431 877 1498 credo
901 1433 1021 1498 hahere
1045 1453 1106 1516 ego
1131 1434 1205 1499 illos
1228 1433 1461 1519 tentipellium‘.
1507 1435 1588 1499 Titi-

356 1540 444 1606 nium
459 1547 566 1605 autem
582 1540 732 1618 <uit>
747 1541 879 1606 Verrius
894 1541 1079 1606 existimare
1099 1539 1133 1604 id
1147 1541 1416 1606 medicamentum
1430 1562 1512 1625 esse,
1525 1561 1588 1624 quo

356 1668 458 1732 rugae
483 1647 705 1731 extendantur,
735 1667 806 1713 cum
830 1647 932 1712 dicat:
962 1648 1202 1732 ,Tentipellium
1230 1646 1401 1732 inducitur,
1430 1669 1531 1732 rugae
1554 1647 1589 1712 in

358 1775 413 1820 ore
437 1753 660 1844 6116616616ί
687 1791 722 1801 -
772 1753 1144 1838 cumiliacensem<
1169 1753 1342 1820 dixerit.»

448 1864 522 1945 249,
546 1864 588 1927 24
616 1864 757 1928 »Pedum
776 1869 825 1926 est
842 1861 971 1944 quidem
987 1861 1137 1926 baculum
1155 1861 1330 1947 incuruum,
1355 1883 1417 1945 quo
1437 1870 1588 1948 pastores

358 1976 489 2034 utuntur
512 1967 556 2032 ad
580 1966 889 2052 conprehendendos
913 1987 992 2034 oues
1016 1975 1073 2033 aut
1097 1989 1227 2053 capras,
1255 1990 1276 2034 a
1304 1969 1451 2054 pedibus.
1498 1969 1590 2035 euius

358 2075 502 2141 meminit
516 2075 615 2140 etiam
630 2074 793 2158 Vergilius
812 2075 845 2139 in
861 2075 1030 2159 Bucolicis,
1046 2095 1118 2139 cum
1133 2075 1193 2140 ait:
1219 2077 1270 2160 ,At
1290 2084 1323 2140 tn
1343 2096 1433 2141 sume
1452 2075 1590 2161 pedum}

359 2181 419 2249 sed
446 2183 479 2248 in
509 2202 547 2247 eo
576 2202 686 2267 uersu,
714 2182 769 2265 qui
792 2189 843 2247 est
873 2183 905 2246 in
934 2182 1105 2266 Iphigenia
1128 2183 1227 2247 Enni:
1256 2182 1423 2267 ,Procede,
1453 2182 1590 2266 gradum

360 2288 505 2376 prolerre
533 2288 653 2373 pedum
680 2288 797 2373 nitere,
832 2289 982 2355 cessas?‘
1028 2288 1062 2353 id
1092 2290 1198 2374 ipsum
1230 2290 1379 2354 haculum
1413 2289 1589 2373 significari

360 2417 432 2462 cum
460 2397 506 2460 eit
536 2396 678 2480 Verrius,
711 2395 842 2460 mirari
871 2395 970 2461 satis
1003 2416 1077 2460 non
1104 2417 1273 2482 possum,
1306 2418 1386 2462 cum
1418 2397 1469 2462 sit
1497 2396 1588 2461 ordo

358 2504 453 2569 talis
483 2511 523 2568 st
551 2523 618 2587 per
646 2523 728 2568 eum
757 2501 1010 2586 significatio
1039 2511 1191 2588 aperta:
1226 2503 1385 2588 gradum
1413 2503 1589 2589 proferre

359 2610 496 2696 pedum
520 2611 681 2676 cessas?
704 2610 860 2677 nitere«

449 2721 523 2803 ⁶294,
550 2720 589 2784 19
620 2721 781 2784 »Scurrae
810 2718 1002 2783 uocabulum
1025 2717 1158 2784 Verrius
1187 2717 1437 2803 ineptissime
1466 2727 1522 2784 aut
1549 2739 1590 2784 ex

360 2826 486 2892 Graeco
509 2832 647 2890 tractum
671 2825 730 2909 ait,
763 2823 850 2908 qnod
878 2831 928 2890 est
951 2825 1162 2909 6666911661)
1197 2833 1254 2890 661
1282 2845 1302 2889 a
1327 2825 1505 2910 sequendo,
1538 2826 1590 2891 cui

359 2932 466 3016 magis
489 2931 679 3015 adsentitur,
712 2931 798 3014 quod
831 2940 864 2996 et
896 2932 1052 2998 tenuioris
1076 2931 1224 2997 fortunae
1251 2931 1396 2998 homines
1431 2940 1464 2999 et
1492 2933 1589 2999 ceteri

360 3039 495 3124 alioqui,
530 3038 584 3122 qui
607 3037 739 3104 honoris
772 3038 879 3121 gratia
907 3047 1178 3124 prosequerentur
1207 3039 1391 3124 qnempiam
1415 3061 1478 3104 non
1502 3047 1590 3104 ante·

361 3148 476 3213 cedere
518 3145 577 3213 sed
615 3145 707 3228 sequi
749 3145 814 3211 sint
856 3145 963 3228 soliti,
1001 3146 1078 3230 quia
1114 3146 1270 3212 uidelicet
1306 3146 1394 3212 dicat
1429 3146 1590 3212 Lucilius:

361 3253 539 3338 ,Cornelius
556 3303 674 3319 ......
693 3252 856 3336 sequimur
870 3253 961 3317 multi
976 3261 1074 3336 atque
1089 3253 1292 3336 frequentes!
1330 3255 1418 3319 Cum
1434 3262 1591 3320 secutos

361 3360 491 3426 uideri
514 3359 614 3424 uelit
638 3359 682 3424 ob
701 3380 827 3425 eorum
844 3360 987 3445 iurgia,
1002 3381 1076 3424 non
1099 3362 1145 3425 oh
1162 3359 1364 3426 adsuetum
1381 3360 1587 3426 officium.»

362 3488 575 3496 —.—--.—--..-

360 3562 450 3627 magis
467 3560 594 3612 uideatur
613 3559 778 3625 siguificare,
806 3557 910 3610 welche
938 3575 967 3610 61
994 3555 1111 3626 llllchtig
1138 3557 1195 3610 und
1222 3557 1293 3612 ohne
1322 3557 1367 3612 die
1385 3557 1591 3628 Verbindungs·

360 3647 501 3718 pertilueln
526 3646 615 3700 seiner
633 3646 754 3714 Vorlage
778 3663 811 3698 zu
830 3645 934 3700 andern
957 3645 987 3699 in
1011 3645 1055 3700 die
1079 3663 1128 3700 aus
1152 3645 1241 3700 dieser
1264 3650 1476 3701 entuommenen
1495 3647 1592 3700 Worte

360 3737 520 3807 eingeflielrt
538 3737 597 3790 hel.

455 3844 474 3912 ι1
494 3844 562 3898 Duas
580 3842 693 3896 Verrius
712 3841 742 3895 in
761 3841 823 3896 dem
842 3842 909 3896 Vers
928 3841 975 3895 des
993 3841 1129 3896 Pacuvius
1154 3841 1245 3908 (keiue
1264 3843 1514 3913 Verlrlammernng
1532 3844 1593 3898 halt

361 3933 410 3988 dae
429 3933 536 4003 Gelilge
554 3932 603 3986 der
621 3931 801 3987 Schiffswand
820 3949 990 3996 zusammen,
1020 3933 1138 3986 eundern
1158 3934 1230 3988 Nate
1255 3951 1308 3987 von
1334 3933 1440 3988 Linncn
1464 3935 1520 3988 und
1545 3951 1591 4002 ge-

361 4024 524 4078 flochtenem
543 4021 633 4090 Hans)
652 4025 733 4076 66161
751 4025 879 4076 eerllihue
898 4021 1025 4076 wirlrlich
1046 4026 1169 4090 nauigiis
1191 4025 1324 4076 Hiutricr's
1347 4022 1514 4077 verstanden
1533 4023 1591 4082 hat.

362 4113 440 4167 16116
457 4112 503 4166 161
522 4111 566 4164 rur
584 4110 752 4180 unmoglich.
791 4111 1031 4166 Wahrseheinlieh
1056 4111 1106 4165 hat
1125 4111 1222 4165 Festus
1247 4112 1309 4166 6166
1328 4111 1465 4166 sachliehe
1485 4111 1592 4166 Bemer·

362 4202 454 4270 hung,
485 4201 589 4254 welche
608 4200 720 4254 Verrius
749 4217 784 4254 an
804 4199 896 4254 diesen
915 4200 983 4253 Vera
1003 4200 1135 4269 hnhplte,
1163 4204 1249 4266 elwa,
1278 4201 1340 4254 dass
1364 4201 1409 4254 die
1427 4200 1526 4256 Schiffe
1545 4200 1594 4254 der

363 4292 470 4346 Histrer
496 4290 526 4343 in
549 4289 689 4344 derselhan
714 4289 806 4343 Weiss
829 4289 963 4359 gelertigt
991 4290 1078 4353 scien,
1107 4289 1160 4343 wie
1188 4307 1216 4344 es
1245 4289 1306 4344 hier
1334 4290 1382 4344 der
1407 4290 1520 4345 Dichter
1547 4291 1592 4344 be-

362 4382 491 4438 schreiht.
510 4379 635 4434 11116166
654 4379 813 4448 Erklarung
831 4379 878 4434 des
897 4379 1006 4434 Worles
1025 4382 1120 4433 smalto
1139 4379 1280 4448 gehnlten.

455 4487 476 4558 ²)
504 4490 555 4545 Die
582 4489 761 4545 Handsehrift
784 4485 1026 4551 ΣΚΥΡΟΑΖΑΙΝ,
1055 4507 1163 4544 uorans
1190 4507 1255 4544 man
1283 4490 1336 4544 1611
1363 4489 1470 4558 einiger
1494 4489 1592 4544 Wuhr·

363 4579 574 4635 scheinlichlueit
593 4580 638 4634 die
656 4581 726 4634 oben
745 4579 910 4649 nngefhhrte
929 4579 1096 4634 Nebenform
1115 4579 1162 4633 des
1182 4580 1290 4634 Wortes
1309 4577 1466 4648 σκυθράζειν,
1490 4580 1594 4634 welche

364 4669 514 4739 allerdings
532 4673 609 4724 sonui
626 4669 706 4724 nicht
723 4670 841 4738 beaeugl
859 4668 904 4734 161,
924 4668 1074 4723 1616161166
1093 4669 1178 4723 kann.
