3546 5236
943 383 1003 444 124

867 471 1080 478 --—--—--..

359 583 393 642 et
423 575 573 641 Gertnius
601 576 635 640 in
666 575 807 640 editione
835 575 988 640 librorum
1016 575 1057 640 de
1086 575 1257 640 clementia
1285 585 1318 640 et
1345 574 1386 641 de
1414 575 1588 656 beneficiis,

359 690 395 748 ut
425 702 490 747 non
517 681 651 747 multum
679 682 721 746 ab
749 682 812 765 via,
846 702 942 765 quam
973 683 1140 765 ingressus
1173 681 1229 747 ille
1258 689 1336 762 erat,
1370 681 1588 750 deflecterent.

359 791 392 854 in
415 790 600 875 nuperrima
616 796 724 854 tamen
740 787 942 872 dialogorum
957 787 1249 854 Mediolanensium
1263 789 1406 854 editione
1422 788 1588 872 aliquanto

358 897 465 980 magis
476 895 625 963 Gertzius
640 917 676 963 se
690 897 734 961 ad
749 896 822 962 libri
831 897 860 961 Α
870 897 1047 982 scripturas
1062 895 1242 982 applicavit
1251 903 1291 974 (v.
1302 894 1404 981 praef.
1413 917 1444 981 p.
1454 893 1589 980 XXIII).

359 1011 473 1070 contra
496 1003 639 1069 Koebins
664 1001 754 1088 (edit.
779 1003 983 1087 dialogorum
1005 1005 1108 1088 prael.
1130 1026 1160 1090 p.
1181 1004 1305 1068 XXVll
1326 1008 1385 1087 sq.)
1417 1004 1450 1068 in
1478 1003 1590 1068 formis

358 1097 550 1176 assimilatis
574 1117 681 1176 certas
705 1110 767 1175 sibi
789 1110 944 1195 imposuit
966 1111 1066 1194 leges,
1090 1131 1174 1193 quae
1197 1131 1261 1175 non
1282 1111 1381 1176 multo
1397 1110 1530 1196 propius
1545 1107 1590 1174 ad

361 1216 505 1282 codicem
537 1217 784 1282 Ambrosianum
816 1216 975 1282 accedant
1006 1238 1102 1300 quarn
1131 1217 1274 1283 Fiekerti
1306 1218 1398 1284 ratio.
1450 1217 1590 1299 denique

360 1323 579 1390 Buechelerus
618 1323 651 1388 in
688 1323 830 1389 editione
867 1324 992 1407 aliquot
1028 1323 1240 1409 epistularum
1277 1325 1309 1389 in
1347 1324 1445 1389 rebus
1482 1323 1589 1388 ortbo·

360 1430 526 1515 graphicis
563 1451 696 1516 prorsus
734 1450 770 1496 se
807 1431 1040 1513 Bambergensi
1078 1437 1110 1498 et
1147 1431 1414 1514 Argentoratensi
1451 1429 1588 1494 addixit.

359 1538 392 1621 jn
416 1537 596 1621 tragoediis
619 1537 775 1622 Peiperus
800 1544 833 1602 et
854 1537 1024 1602 Richterur
1053 1537 1167 1603 eodem
1197 1537 1265 1602 lere
1292 1545 1391 1621 atque
1418 1537 1590 1602 Fickertus

360 1645 568 1728 Haasiusque
591 1643 687 1708 modo
711 1664 778 1708 rem
800 1643 1076 1721 administrarunt,
1101 1644 1217 1725 Le0³⁸)
1234 1645 1266 1709 in
1280 1645 1389 1710 verbis
1403 1643 1592 1728 compositis

359 1751 538 1833 Etruscum,
561 1749 615 1832 qui
630 1749 801 1834 pauciores
816 1769 912 1832 qnam
936 1758 1114 1816 ceterorum
1129 1751 1276 1817 Senecae
1289 1751 1443 1816 librorum
1458 1749 1590 1816 codices

336 1906 338 1910 ,
361 1856 482 1922 formas
506 1875 569 1920 non
592 1856 792 1920 assimilatas
815 1855 923 1936 babet,
952 1857 1120 1941 expressit,
1149 1878 1213 1922 non
1236 1859 1314 1924 item
1337 1859 1369 1921 in
1394 1857 1591 1923 accusativis

358 1963 496 2050 pluralis
523 1963 556 2027 in
580 1965 620 2027 -is
648 1962 830 2028 terminatis
858 1972 891 2028 et
918 1963 951 2027 in
981 1963 1056 2028 aliis
1084 1964 1287 2046 quibusdam.
1333 1985 1418 2047 qnae
1446 1965 1589 2028 cunita

360 2072 438 2154 sint,
466 2071 510 2135 ad
537 2077 742 2134 monumenta
770 2069 915 2136 Senecae
943 2071 1141 2155 temporibus
1173 2071 1337 2157 lapidibus
1364 2070 1420 2137 vel
1447 2071 1514 2135 aeri
1543 2071 1591 2135 in·

360 2178 487 2261 sculpta
514 2176 764 2259 confugiendum
793 2197 866 2242 esse
894 2185 994 2263 patet.
1042 2179 1163 2262 optime
1190 2189 1308 2262 autem,
1335 2198 1399 2261 qno
1427 2177 1523 2242 modo
1548 2178 1590 2243 iis

360 2285 393 2349 in
416 2285 475 2349 tali
495 2285 685 2368 quaestione
701 2283 855 2350 utendum
874 2285 924 2368 sit,
948 2285 1008 2353 Th.
1026 2285 1291 2371 Mommsenus³⁴)
1316 2285 1427 2352 docuit
1442 2286 1589 2370 exemplo

358 2393 449 2458 vocis
472 2394 637 2475 collegium,
663 2412 748 2475 quae
768 2393 951 2458 sexcenties
970 2393 1003 2457 in
1024 2393 1106 2458 actis
1126 2395 1258 2459 fratrum
1273 2394 1439 2458 Arvalium
1461 2393 1589 2476 legitur.

359 2501 430 2566 eius
459 2499 558 2564 verba
587 2507 661 2564 sunt
691 2498 787 2564 haec:
820 2503 883 2564 icoc
909 2501 1092 2582 intellegitur
1120 2504 1277 2584 antiquom
1297 2506 1437 2583 ¹sorriana
1464 2502 1591 2582 conlepii

357 2612 548 2672 immutatum
581 2627 646 2670 esse
676 2607 732 2670 sub
753 2610 851 2689 finem
880 2609 1004 2690 irnperii
1035 2607 1167 2688 Aepotsii
1202 2611 1247 2671 cel
1272 2610 1429 2691 principa
1465 2608 1588 2686 Tiberii,

361 2716 524 2780 Claudiam
546 2721 657 2794 aulem,
682 2721 716 2778 ut
738 2721 806 2778 erat
827 2716 936 2778 uetusti
957 2717 1109 2780 aemonis
1131 2723 1260 2796 amator,
1284 2717 1326 2779 ad
1347 2717 1431 2779 illam
1450 2717 1587 2779 rediisse.

361 2820 419 2888 sed
443 2821 542 2887 latius
566 2821 664 2887 etiam
679 2819 764 2885 hunc
785 2840 878 2885 usum
901 2820 1049 2904 patuisse
1073 2841 1113 2886 ex
1137 2821 1310 2886 eorundem
1335 2829 1478 2886 actorum
1502 2820 1587 2905 frag·

359 2935 466 2994 mento
491 2927 691 3012 perspicitur,
715 2925 801 3009 quod
825 2926 911 2991 idem
926 2927 1123 3010 memoravit,
1146 2927 1275 2994 Nerone
1298 2928 1477 3012 imperante
1498 2949 1527 2993 a.
1544 2931 1587 2994 59

294 3078 296 3084 .
358 3060 390 3124 p.
411 3036 466 3101 Cb.
491 3033 684 3118 exarato⁸⁵).
717 3033 750 3098 in
774 3034 836 3099 hoe
858 3034 943 3098 enim
967 3034 1114 3099 omnibus
1135 3035 1237 3099 tribus
1257 3035 1337 3100 locis
1357 3037 1588 3118 conlapi‘extat.

358 3164 455 3231 porro
470 3142 503 3206 in
521 3139 649 3206 Claudii
666 3140 811 3206 oratione
826 3141 1058 3224 Lugudunensi
1074 3141 1247 3206 invenitur:
1271 3145 1465 3226 appellitaoil,
1489 3145 1588 3226 eppei-

358 3255 449 3332 brus,
478 3252 620 3334 optinuit,
649 3269 890 3328 commemorem,
919 3251 1093 3332 imperium,
1123 3252 1370 3331 communicatos,
1393 3249 1587 3330 iristirobiiem,

359 3359 419 3424 sed
435 3358 616 3441 adprobare,
641 3359 674 3419 ic
687 3357 728 3420 od
742 3363 827 3420 ateio
852 3355 912 3435 (sic
936 3352 1065 3420 divisim
1090 3356 1255 3440 scriptum)
1281 3363 1313 3422 et
1336 3357 1369 3420 in
1392 3355 1522 3420 decreto
1546 3355 1588 3420 de

359 3465 506 3530 Aneonis
529 3466 637 3544 allecti,
663 3461 721 3528 sed
746 3461 795 3526 bis
818 3463 1013 3527 adtributum.
1049 3463 1159 3545 itaque
1173 3470 1265 3547 patet
1279 3463 1424 3528 Senecae
1439 3463 1587 3547 tempori-

358 3574 418 3637 bus
442 3572 526 3636 bunc
550 3590 642 3635 usum
665 3569 712 3633 ita
735 3567 918 3652 fluctuasse,
943 3577 978 3633 ut
1001 3569 1099 3634 etiarn
1123 3577 1189 3634 tum
1214 3570 1313 3634 multo
1337 3571 1370 3634 in
1394 3589 1455 3635 usu
1479 3576 1588 3634 essent

359 3679 481 3743 formae
505 3699 569 3742 non
592 3675 804 3758 assimilatae,
828 3673 886 3741 sed
909 3677 1138 3760 praevalerent
1167 3677 1376 3742 assimilatae.
1423 3677 1487 3740 iarn
1517 3696 1586 3740 cum

358 3785 496 3852 caudens
523 3785 680 3850 rationem
709 3781 839 3848 codices
867 3781 1080 3866 dialogorum,
1112 3783 1264 3849 librorum
1294 3782 1334 3848 de
1362 3783 1528 3849 beneficiis
1556 3789 1588 3846 et

358 3893 400 3958 de
433 3891 614 3968 elementia,
649 3890 859 3975 epistularum
892 3890 1135 3972 antiquissimos
1168 3891 1259 3973 sequi
1287 3887 1456 3956 videamus
1485 3909 1587 3972 neque

358 4000 578 4065 necessarium
602 3997 646 4064 sit
669 3996 801 4063 eredere
825 3996 868 4060 ad
891 4017 1024 4081 prorsus
1049 4017 1195 4063 severam
1218 4017 1362 4062 normam
1378 3997 1536 4062 Senecam
1553 4015 1586 4062 se

450 4211 486 4280 ¹⁸)
504 4213 590 4283 praef.
609 4213 662 4266 vol.
683 4211 708 4266 ll
728 4231 753 4281 p.
769 4213 870 4279 Vllsq.

449 4301 485 4370 ⁸⁴)
506 4305 639 4358 Obseroot.
659 4303 801 4372 epigropb.
816 4301 868 4354 Vll
888 4301 917 4354 in
936 4301 1043 4369 sptem.
1059 4304 1144 4368 epigr.
1161 4299 1173 4352 I
1192 4317 1218 4368 p.
1233 4299 1311 4366 tasq.
1350 4299 1427 4352 doleo
1446 4299 1518 4366 quod
1538 4299 1585 4352 Ios.

357 4393 483 4448 Dorsebii
498 4392 695 4447 commentatio
705 4393 893 4445 Assimilation
907 4394 935 4442 in
950 4393 1001 4443 den
1012 4391 1173 4457 Compositis
1186 4391 1228 4442 tn·
1241 4389 1361 4442 Plautus
1374 4392 1430 4442 aad
1449 4391 1586 4443 Terentius

358 4483 435 4537 edita
458 4482 565 4551 Pragae
591 4481 657 4534 1887
682 4480 712 4534 in
734 4480 806 4534 libro
828 4480 937 4548 Proper
958 4479 1152 4546 philolopiaobe
1175 4478 1288 4532 Studien
1312 4479 1377 4532 fase.
1396 4477 1409 4531 I
1428 4495 1459 4531 eo
1478 4477 1585 4532 demum

357 4575 482 4642 tempore
500 4571 530 4624 in
549 4588 648 4624 manus
665 4585 741 4625 meaa
759 4569 845 4632 venit,
865 4585 920 4637 quo
940 4569 1008 4622 baec
1026 4569 1081 4621 iam
1102 4568 1180 4636 prela
1198 4567 1369 4621 exercebant.

452 4659 488 4726 ¹⁵)
508 4660 582 4729 apud
601 4660 759 4714 Henaenum
779 4662 849 4713 Aeto
867 4659 988 4724 trabum
1009 4660 1163 4722 Arvalium,
1182 4657 1269 4710 Ber-ol.
1294 4658 1368 4718 1874,
1388 4673 1415 4724 p.
1435 4655 1516 4709 LVII.
