3560 5242
798 409 838 472 39

211 627 340 694 meliam
362 629 466 712 potius
489 629 622 694 invitata
644 633 708 707 est,
740 635 776 696 ut
798 651 871 696 oum
893 650 930 696 ea
951 631 1107 696 coleretur
1132 631 1263 716 Priapus
1290 636 1323 696 et
1344 632 1428 697 Clu-

211 730 320 795 acina
351 735 390 796 et
420 732 541 797 Pavor
572 734 608 796 et
639 731 768 798 Pallor
798 738 835 798 et
863 733 1030 814 Febris1)
1058 739 1096 798 et
1121 738 1249 800 cetera
1275 754 1337 799 non
1364 753 1428 799 nu-

211 834 313 898 mina
342 835 559 910 colendorum,
597 835 651 898 sed
689 837 820 901 crimina
854 837 1055 901 colentiumi'
1105 836 1171 902 Nec
1203 837 1349 902 credibile
1380 839 1429 901 est

213 933 386 1001 Varronem
416 939 449 1002 in
477 937 672 1002 ‘vernaculis'
704 938 918 1004 Romanorum
946 939 1012 1004 deis
1040 940 1261 1004 enumerandis
1291 942 1427 1004 Accam

211 1035 430 1104 Larentiam
469 1043 505 1104 et
537 1040 683 1104 Floram
714 1041 870 1118 omisisse,
907 1061 980 1106 cum
1013 1043 1198 1125 praesertim
1231 1042 1427 1125 Augustinus

211 1139 371 1222 sumpserit
393 1145 435 1207 ‘et
456 1145 559 1208 cetera
583 1190 589 1206 .
612 1190 620 1206 .
644 1191 651 1206 .
675 1144 826 1208 numina'.

300 1242 441 1310 Omnes
463 1245 571 1327 igitur,
599 1265 677 1328 quos
700 1247 956 1311 commemorarit
976 1245 1147 1322 Minucius,
1176 1246 1225 1310 dei
1249 1265 1267 1310 a
1289 1245 1427 1310 Varrone

215 1345 367 1412 nominati
400 1351 498 1412 erant
551 1347 621 1413 Iam
653 1368 724 1413 vero
757 1367 847 1431 reges
880 1348 989 1414 eodem
1023 1348 1130 1412 ordinm
1165 1353 1429 1414 enumeraveront

213 1445 372 1514 Minucius
396 1454 428 1516 et
443 1451 580 1530 Varro.²)
616 1450 713 1516 Porro
736 1470 773 1515 ex
794 1452 895 1534 primo
911 1451 1073 1516 enuntiato
1088 1450 1148 1514 loci
1162 1450 1247 1514 illius
1261 1452 1428 1533 Augustini

213 1547 298 1615 haud
325 1553 463 1618 alienum
491 1557 539 1618 est
568 1554 708 1618 conicere
735 1553 910 1618 Varronem
938 1573 1000 1618 non
1024 1571 1115 1617 secus
1138 1557 1232 1635 atque
1255 1553 1429 1618 Minucium

212 1653 373 1736 scripsisse
407 1657 580 1722 Romulum
613 1657 720 1740 ipsum
751 1655 845 1730 deum
876 1655 986 1733 luisse,
1020 1675 1082 1720 non
1112 1656 1213 1720 solum
1241 1655 1315 1720 deos
1345 1656 1430 1720 dedi-

211 1756 341 1821 cavisse.
385 1759 529 1842 Denique
565 1759 738 1823 secundum
770 1777 820 1835 ca,
854 1777 935 1840 quae
964 1761 1037 1823 aute
1069 1777 1088 1822 a
1116 1759 1206 1823 nobis
1234 1757 1318 1822 dicta
1346 1763 1429 1836 sunt

211 1856 307 1922 etiam
342 1861 420 1926 haee
450 1859 579 1927 Minucii
612 1861 707 1926 verba
738 1861 962 1925 ‘Romanorum
989 1861 1073 1925 enim
1099 1860 1326 1925 vernaculos
1354 1861 1428 1926 deos

211 1960 366 2026 novimus‘
390 1964 430 2028 ad
452 1964 625 2029 Varronem
648 1963 827 2047 respiciunt

297 2064 385 2130 Haec
415 2069 602 2149 argumenta
632 2070 699 2130 tam
725 2065 941 2147 gravissunt,
969 2069 1006 2129 ut
1028 2083 1065 2129 ex
1087 2084 1138 2142 eo,
1170 2065 1252 2148 quod
1276 2064 1429 2130 Minucius

213 2164 281 2230 deis
303 2167 364 2232 illis
388 2169 534 2234 similiter
548 2171 632 2234 male
648 2168 726 2232 dixit
742 2187 778 2232 ao
795 2167 923 2246 Seneca,
945 2186 1038 2232 nemo
1055 2167 1145 2232 facile
1161 2187 1234 2232 cum
1250 2167 1431 2233 Schwenlrlc

213 2268 341 2349 colligat
363 2271 449 2336 hunc
471 2271 517 2336 illi
540 2274 700 2336 auctorem
723 2270 829 2335 luisse.
867 2269 926 2335 Cui
950 2270 975 2334 si
996 2267 1086 2335 locus
1101 2273 1291 2334 Annaeanus
1306 2273 1431 2352 praesto

213 2370 338 2449 luisset,
361 2377 446 2438 certe
470 2376 503 2437 in
526 2374 593 2439 deis
616 2393 635 2438 a
657 2373 778 2438 Seneca
799 2373 969 2438 nominatis
992 2374 1208 2455 acquievisset.

289 2473 382 2540 'Cave
404 2480 513 2541 tamen
536 2477 645 2542 credas
667 2474 804 2541 Minucio
827 2479 987 2540 auctorem
1009 2475 1106 2540 fuisse
1128 2477 1233 2559 ipsum
1250 2475 1430 2540 Varronem.

212 2574 314 2654 Quem
337 2578 363 2641 si
387 2582 515 2644 secutus
539 2583 640 2661 esset,
661 2580 763 2644 multo
785 2579 877 2662 plura
896 2579 1029 2660 vestigia
1052 2577 1246 2644 Varroniana
1268 2579 1352 2662 apud
1374 2577 1432 2643 Mi-

212 2678 341 2744 nucium
374 2680 692 2764 deprehenderentur.
740 2681 801 2760 Qui
831 2680 985 2762 quomodo
1014 2700 1066 2746 eos
1095 2680 1241 2764 profanos
1264 2681 1431 2764 scriptores

213 2783 407 2865 expilaverit,
438 2804 571 2866 quornm
598 2785 669 2849 libri
695 2784 858 2848 materiem
880 2783 1067 2866 praeberent
1087 2783 1301 2848 Romanorum
1325 2803 1432 2867 super-

213 2885 349 2951 stitionis
378 2887 627 2971 impugnandae,
654 2887 731 2952 satis
760 2887 851 2951 docet
879 2883 1035 2950 Ciceronis
1063 2886 1249 2969 exemplum.
1292 2884 1331 2950 In
1355 2886 1432 2950 Var-

212 2987 296 3052 ronis
327 2992 434 3054 autem
459 3009 566 3055 rerum
588 2990 764 3055 divinarum
785 2989 872 3054 libris
894 3025 935 3034 -
959 2989 1017 3052 hos
1040 2975 1124 3052 enim
1147 2989 1342 3070 Augustinus
1365 2989 1431 3054 loco

212 3091 266 3156 illo
289 3092 414 3156 videtur
436 3092 670 3158 adhibuisse-
696 3093 797 3156 multo
819 3091 910 3174 pluro
932 3090 1094 3154 cumulata
1116 3091 1281 3156 exstabant
1304 3091 1342 3156 ad
1365 3110 1431 3156 rem

212 3195 405 3277 propositam
433 3195 558 3272 idonea,
587 3215 683 3277 quam
704 3197 736 3258 in
760 3194 917 3259 Ciceronis
941 3193 1029 3257 libris
1052 3192 1226 3257 denatura
1250 3194 1378 3259 deorum
1400 3201 1431 3260 et

214 3297 253 3362 de
276 3296 475 3362 divinatione.
520 3299 607 3363 Adde
631 3299 713 3380 quod
735 3297 833 3361 Varro
856 3297 921 3361 deis
944 3296 1007 3360 illis
1029 3315 1093 3360 non
1115 3296 1286 3360 insultavit.
1331 3297 1431 3362 ‘Hanc

215 3400 396 3464 libertatem
424 3399 522 3466 Varro
550 3421 612 3466 non
640 3401 763 3474 habuit;
797 3401 923 3464 tantum
950 3397 1043 3462 modo
1071 3399 1225 3482 poeticam
1253 3400 1430 3480 theologiam

215 3503 440 3586 reprehendere
471 3522 566 3568 ausus
594 3507 656 3580 est,
686 3503 839 3567 civilem
868 3521 937 3566 non
967 3519 1081 3565 ausus
1113 3504 1220 3580 est‚³)
1254 3521 1349 3584 quam
1372 3503 1431 3567 iste

215 3609 272 3684 (sc.
296 3605 429 3686 Seneca)
453 3607 595 3671 concidit'
620 3609 712 3688 (Aug.
735 3605 769 3672 G.
792 3605 830 3668 D.
855 3603 899 3667 VI
923 3605 986 3686 10).

299 3709 382 3789 llrgo
413 3708 570 3774 Minucius
604 3711 785 3793 scriptorem
816 3707 973 3790 quendam
1006 3711 1132 3771 secutus
1156 3711 1219 3782 est,
1248 3708 1300 3789 qui
1327 3708 1431 3772 locum

212 3811 303 3875 illum
334 3809 564 3876 Varronianum
598 3832 661 3877 non
693 3813 798 3876 minus
826 3811 952 3874 iurem
982 3827 1073 3874 suam
1105 3813 1302 3874 converterat
1334 3829 1431 3892 quam

216 3918 424 3978 Annaeanum
458 3918 490 3978 et
523 3915 589 3980 deis
623 3935 659 3980 ex
689 3914 827 3979 Varrone
858 3913 1049 3996 depromptis
1077 3912 1223 3976 similiter
1250 3931 1287 3978 ac
1314 3912 1433 3978 Seneca

214 4018 298 4082 male
328 4017 462 4082 dixerat:
492 4017 522 4081 id
553 4020 602 4082 est
628 4018 811 4100 scriptorem
837 4015 928 4079 illum
955 4016 1216 4092 ecclesiasticum,
1247 4034 1341 4097 quem
1369 4035 1431 4081 non

214 4121 316 4184 solum
347 4118 494 4184 Varronis
525 4139 634 4184 verum
663 4119 759 4184 etiem
787 4119 925 4183 Senecae
953 4118 1145 4182 imitatorem
1176 4117 1272 4182 luisse
1295 4137 1390 4202 supra
1414 4138 1432 4182 a

284 4311 304 4376 ¹)
325 4309 419 4363 Febris
447 4307 530 4376 igitur
547 4312 576 4361 et
594 4306 666 4375 apud
685 4305 832 4361 Minucium
851 4310 880 4359 et
898 4305 969 4374 apud
988 4303 1167 4372 Augustinum
1186 4310 1250 4371 port
1267 4303 1432 4371 Cloacinam,

214 4393 364 4461 Pavorem,
383 4395 517 4450 Pallorem
537 4392 698 4447 nominatur.

283 4482 308 4548 ¹)
329 4481 434 4536 Seneca
457 4481 573 4549 primurn
590 4477 676 4543 Tatii,
703 4475 799 4531 deinde
818 4477 939 4542 Romuli,
963 4483 1020 4530 tum
1039 4473 1149 4530 Hostilii
1171 4473 1334 4528 mentionem
1353 4474 1432 4546 lecit3

216 4565 305 4621 Varro
324 4572 354 4620 et
371 4566 506 4621 Minucius
524 4565 638 4634 primum
658 4562 780 4626 Romuli,
799 4561 897 4618 deinde
914 4562 1002 4628 Tatii,
1021 4567 1077 4616 tum
1096 4559 1214 4615 llostilii.

285 4655 313 4719 ⁸)
332 4651 374 4706 Ad
393 4652 464 4707 hanc
482 4651 553 4706 enim
571 4648 710 4719 pertinent
728 4648 767 4702 illi
786 4647 821 4704 dl.
