3568 5238
967 408 986 472 2

875 503 1085 514 ———

366 632 437 698 titia
458 634 554 717 paulo
586 635 657 716 post
677 633 783 717 ipsum
805 635 934 717 periisse
962 636 1100 713 videtur,
1137 634 1226 699 velut
1252 653 1332 716 quae
1363 634 1400 698 de
1428 634 1590 716 cognatm-

365 737 458 801 nibus
490 735 681 800 familiarum
715 737 931 802 Romanarum
965 739 1134 820 tradidit).
1199 735 1314 818 Itaque
1350 738 1432 819 quod
1464 736 1593 800 Asconii

367 839 674 917 commentariorum,
705 839 736 904 in
767 841 881 922 quibus
910 841 1132 926 componendIs
1160 860 1232 905 eum
1260 858 1383 904 merum
1405 839 1592 904 historicum

365 943 466 1025 egisse
484 939 659 1024 Madvigius
682 943 863 1008 certissimis
884 945 1077 1026 argumentis
1100 944 1335 1020 domonstravit,
1367 943 1498 1008 minima
1520 943 1592 1005 tan·

364 1048 433 1108 tum
456 1064 528 1127 pars
551 1045 591 1108 ad
613 1064 670 1109 nos
706 1047 806 1124 venit,
841 1066 935 1128 qnam
964 1047 1099 1113 maxime
1128 1047 1297 1112 dolendum
1325 1049 1386 1121 est;
1418 1045 1470 1128 qui
1494 1045 1591 1108 siin·

365 1148 503 1212 columes
526 1152 734 1231 superessent,
768 1155 800 1214 et
822 1150 992 1232 pleniorem
1016 1154 1048 1215 et
1073 1151 1225 1215 veriorem
1247 1149 1358 1214 aetatis
1371 1148 1591 1214 Ciceronianae

362 1251 550 1315 memoriam
578 1252 819 1335 suppeditarent
842 1271 937 1334 quam
965 1254 1015 1318 vel
1043 1255 1080 1318 de
1105 1253 1246 1319 Sallustii
1269 1251 1409 1334 hiviique
1432 1251 1529 1329 libris,
1562 1251 1588 1314 si

365 1357 502 1419 aetatem
525 1354 681 1432 tulissent,
705 1356 894 1437 sperandum
917 1359 1000 1421 esset
1019 1359 1039 1438 ).
1104 1355 1207 1435 Quam
1231 1356 1269 1420 oh
1292 1374 1360 1420 rem
1381 1354 1497 1419 nostris
1514 1373 1591 1435 quc-

366 1475 425 1538 que
453 1457 647 1540 temporibus
683 1458 861 1540 quicunque
894 1461 1063 1524 Ascanium
1100 1460 1295 1535 truttmunt,
1329 1459 1486 1540 insignem
1518 1457 1587 1521 eius

364 1559 571 1636 industriam,
619 1561 848 1638 curiositatem,
897 1563 1079 1646 religionem
1119 1563 1240 1628 eximiis
1283 1561 1399 1625 tollunt
1442 1559 1589 1624 laudibus

367 1665 462 1744 atque
487 1681 558 1726 eum
584 1681 620 1726 er
653 1662 814 1727 rhetorum
840 1665 889 1729 vel
912 1665 1190 1747 grammaticorum
1222 1683 1354 1728 numero
1385 1661 1588 1728 eximendum

366 1765 676 1847 accuratissimisquc
711 1767 822 1830 studiis
845 1768 1111 1850 praeclarissimos
1137 1767 1207 1832 illos
1235 1766 1432 1849 antiquitatis
1460 1765 1589 1829 investi-

370 1869 494 1950 gatores
516 1867 698 1943 Varronem,
723 1869 913 1949 Messallam,
935 1871 1109 1936 Polhonem
1132 1888 1266 1952 aequare
1289 1870 1528 1947 consentiunt).

449 1986 516 2051 Nec
544 1991 651 2052 tamen
685 1989 853 2071 quisquam
882 1991 984 2055 adhuc
1011 1991 1158 2055 continua
1186 1990 1327 2073 exposuit
1360 1989 1588 2070 disquisitione,

364 2109 441 2172 quos
464 2091 666 2172 potissimum
689 2094 833 2156 auctores
857 2095 1010 2158 Asconius
1038 2093 1250 2177 usurpaverit,
1285 2110 1365 2174 quae
1392 2111 1429 2155 ex
1452 2090 1588 2172 singulis

365 2193 518 2270 hauserit,
553 2212 615 2275 qua
637 2195 756 2258 ratione
779 2196 817 2258 iis
841 2215 917 2260 usus
940 2197 990 2261 sit.
1035 2195 1138 2274 Quam
1166 2195 1382 2278 quaestionem
1406 2194 1589 2258 solvendam

362 2314 418 2376 ego
449 2297 572 2379 suscepi
610 2315 671 2360 non
710 2316 772 2360 unc
809 2299 936 2362 nomine
973 2300 1151 2382 spinosam,
1190 2317 1263 2363 cum
1297 2301 1329 2362 et
1367 2317 1475 2362 eorum
1510 2315 1589 2377 quos

364 2399 533 2462 scholiasta
560 2399 669 2464 laudat
703 2403 866 2465 auctorum
899 2403 1038 2485 plerique
1070 2402 1219 2485 perierint
1251 2403 1283 2465 ct
1309 2402 1378 2484 ipsa
1411 2419 1475 2482 qua
1506 2417 1591 2463 com-

364 2502 522 2565 mentator
544 2502 644 2566 utitur
671 2505 838 2568 enarrandi
865 2505 944 2569 ratio
975 2505 1150 2588 singulares
1174 2503 1338 2586 quaerenti
1369 2504 1484 2568 obiciat
1507 2500 1590 2566 diffi-

364 2603 509 2668 cultates.
552 2605 678 2669 Etenim
692 2625 764 2670 oum
777 2627 840 2671 non
854 2607 1038 2672 continuum
1059 2609 1258 2691 componeret
1272 2607 1423 2684 libellum,
1448 2605 1502 2670 sed
1525 2605 1589 2668 sin-

364 2707 456 2787 gulas
473 2706 631 2772 Ciceronis
649 2710 823 2774 sententias
839 2711 1110 2795 interpretaretur,
1135 2729 1215 2794 quae
1238 2710 1269 2773 in
1294 2709 1432 2774 lontibus
1456 2709 1587 2790 legerat,

364 2810 459 2874 variis
481 2810 584 2875 modis
608 2811 772 2895 discerpsit
800 2833 837 2878 ac
866 2833 958 2898 saepe
987 2815 1033 2878 ita
1058 2814 1091 2877 in
1115 2814 1238 2878 brevius
1261 2813 1458 2892 contraxit⁴)‚
1481 2813 1517 2875 ut
1539 2812 1585 2874 in·

364 2912 444 2976 dicia
472 2914 511 2976 ad
534 2914 750 2996 indagandum
783 2915 902 2983 fontem
934 2917 1047 2982 idonea
1077 2919 1133 2981 aut
1162 2916 1249 2980 nulla
1279 2919 1334 2979 aut
1360 2933 1472 2998 parum
1498 2915 1583 2979 certa

364 3014 561 3097 taliaqueret.
606 3018 703 3094 Adde,
727 3019 808 3101 quod
831 3038 893 3083 non
916 3039 1017 3103 pauca
1040 3040 1077 3085 er
1100 3021 1223 3086 scholae
1247 3019 1472 3100 rhetorumque
1494 3017 1583 3080 disci-

365 3119 448 3200 plina
471 3121 692 3203 communique
716 3121 797 3186 vitae
820 3143 881 3187 usu
905 3127 937 3188 et
959 3124 1131 3189 eruditione
1161 3123 1307 3188 omnibus
1330 3124 1405 3186 nota
1428 3139 1583 3186 commen·

364 3223 442 3285 tario
475 3241 531 3288 suo
563 3225 737 3288 immiscuit
763 3225 875 3308 (veluti
909 3246 991 3308 quae
1026 3247 1055 3310 p.
1083 3228 1132 3304 15,
1156 3227 1282 3290 21-23
1306 3225 1343 3290 de
1366 3223 1516 3307 Fregellis
1544 3221 1582 3286 ab

366 3324 487 3408 Opimio
515 3329 646 3402 eversis,
670 3347 749 3411 quae
772 3347 801 3410 p.
819 3329 869 3405 08,
893 3331 1018 3393 23-27
1042 3331 1080 3396 de
1101 3331 1251 3413 Verginia
1273 3332 1305 3394 et
1329 3329 1427 3412 Appio
1455 3325 1583 3393 Claudio

364 3429 586 3513 decemviro⁵),
621 3450 701 3513 quae
723 3453 753 3515 p.
780 3433 828 3509 10,
852 3433 993 3510 27-11,
1020 3435 1035 3496 1
1066 3434 1103 3498 de
1135 3433 1169 3496 h.
1192 3433 1323 3498 Aemilio
1351 3431 1450 3495 Paulo
1480 3429 1582 3503 refert,

364 3534 428 3614 ‘qui
452 3533 512 3596 fuit
535 3536 625 3616 pater
647 3535 799 3598 naturalis
816 3521 954 3600 Africani
977 3537 1165 3618 posterioris,
1189 3536 1226 3601 de
1242 3534 1488 3614 Macedoniaque
1511 3531 1584 3594 nlti-

364 3725 574 3734 ———-—-

434 3845 455 3898 ¹l
473 3840 589 3912 Madvig
606 3839 623 3893 l.
642 3858 665 3895 c.
684 3858 711 3911 p.
730 3843 808 3896 6311.
827 3843 852 3896 3.

433 3931 455 3994 11)
472 3925 588 3996 Madvig
606 3926 623 3980 l.
642 3943 665 3982 o.
683 3943 709 3998 p.
728 3928 770 3983 81.

433 4036 454 4098 ³)
473 4029 594 4099 Madvig.
616 4028 634 4083 1.
655 4047 677 4084 c.
703 4047 729 4100 p.
752 4033 784 4086 61
803 4047 856 4101 sq.;
881 4029 1143 4102 KiessIIug-Schoell
1165 4031 1249 4102 praes.
1272 4029 1307 4084 ad
1328 4029 1430 4083 Ascon.
1457 4045 1483 4098 p.
1498 4026 1582 4082 VIII.

363 4116 424 4172 XII
431 4135 439 4184 ;
460 4115 619 4186 Kicssling,
643 4116 883 4172 coniectaneorum
906 4116 1084 4188 specilegium
1107 4116 1122 4170 I
1146 4113 1384 4187 (Gryphisvvaldae
1401 4115 1479 4180 1883)
1503 4131 1530 4184 p.
1550 4115 1583 4176 5;

365 4201 529 4257 Franciscus
549 4201 698 4256 Buecheler
714 4203 788 4258 Mus.
807 4202 895 4258 Rhen.
911 4201 1045 4258 XXXIV
1063 4221 1089 4274 p.
1107 4203 1167 4258 352.

432 4309 452 4371 *1
471 4307 535 4361 Aac.
559 4323 585 4376 p.
604 4307 646 4374 13,
663 4307 744 4374 2—4;
767 4307 809 4373 22,
828 4307 869 4361 28.
889 4308 936 4372 293
960 4307 1002 4374 47,
1021 4307 1136 4374 12-15;
1165 4307 1206 4374 15,
1223 4307 1259 4360 8-
1276 4307 1321 4372 14;
1339 4305 1383 4371 59,
1401 4305 1517 4369 14-17;
1542 4303 1584 4370 70,

364 4395 462 4460 7-10;
481 4393 523 4459 59,
541 4392 654 4460 24-60,
671 4393 698 4448 8.
1371 4443 1372 4446 ,

432 4501 454 4564 ⁶)
473 4495 639 4550 Notissimss
657 4495 708 4550 has
726 4497 895 4551 narrationes
913 4495 997 4550 furiose
1019 4495 1054 4550 de
1069 4495 1201 4566 Fregellis
1220 4499 1296 4566 patet
1313 4510 1346 4548 ex
1365 4492 1504 4548 Cornificii
1516 4492 1584 4548 rhet

364 4584 400 4637 ad
410 4583 478 4637 Her.
495 4583 540 4636 IV
555 4586 579 4649 9,
598 4584 642 4648 13;
664 4583 705 4648 15,
721 4583 754 4636 22
760 4599 767 4647 ;
786 4583 828 4648 27,
840 4584 887 4648 37;
904 4580 1042 4637 Ciceronis
1054 4580 1089 4635 da
1103 4581 1156 4651 leg.
1171 4580 1269 4652 agell
1283 4581 1326 4646 33,
1343 4579 1391 4644 90;
1403 4577 1439 4633 de
1451 4579 1585 4650 Verginia

364 4685 398 4723 ex
408 4669 548 4724 Ciceronis
566 4668 601 4723 de
617 4685 673 4739 rep.
693 4668 724 4722 ΙΙ
741 4671 785 4736 37,
802 4669 851 4735 63;
870 4667 969 4723 defin.
988 4667 1019 4721 II
1037 4669 1080 4736 20,
1098 4668 1132 4722 06
1138 4685 1145 4734 ;
1164 4669 1284 4723 Senecae
1301 4671 1387 4721 contr.
1406 4666 1429 4722 I.
1447 4667 1473 4734 5,
1488 4667 1514 4721 3.
