3634 5240
754 437 793 500 31

158 658 356 722 harmoniam
385 659 548 723 discimus:
572 661 715 741 Aeschyl.
741 659 846 744 Suppl.
870 659 911 722 69
933 649 1100 723 ’Ῑαονίοισι
1122 652 1267 741 νόμοισι,
1298 657 1382 723 Ioni-

158 781 229 825 cam
250 762 396 826 videlicet
418 764 473 825 aut
494 761 763 845 Hypcphrygiam.
807 765 850 826 At
877 763 959 826 hanc
987 762 1088 844 ipsam
1118 762 1163 825 ita
1190 764 1334 843 segregat
1363 779 1382 824 a

157 865 267 944 tragici
290 865 510 945 (recentiorum
533 867 706 948 poetarum,
729 867 765 928 ut
784 866 918 944 videtur)
942 865 1027 928 chori
1050 865 1179 929 canticis
1196 865 1380 928 Aristoteles

155 966 260 1031 Probi.
275 967 351 1030 XIX
365 969 418 1042 48,
440 969 477 1030 ut
498 969 556 1048 (sic
579 969 664 1032 enirn
684 968 771 1033 hunc
794 968 899 1032 locum
921 967 1086 1049 explicavit
1101 967 1279 1050 Westphal)
1302 968 1380 1031 duas

157 1069 216 1145 eis,
244 1069 390 1134 Doricam
414 1073 446 1132 et
472 1070 689 1153 Mixolydiam,
722 1072 887 1151 relinquat.
942 1071 1051 1150 Neque
1078 1073 1184 1134 tamen
1213 1070 1380 1135 verisimile

156 1175 207 1235 est
229 1172 351 1236 duobus
367 1175 492 1236 tautum
515 1174 615 1238 modis
638 1175 761 1238 cantica
783 1165 867 1238 chori
883 1173 994 1254 tragici
1009 1174 1181 1255 composita
1203 1193 1282 1249 esse,
1305 1191 1381 1256 gau-

156 1274 245 1338 dium
260 1276 316 1339 illa
331 1278 363 1339 et
379 1275 527 1352 dolorem,
549 1296 656 1358 preces
673 1296 709 1341 ac
724 1277 913 1352 devotiones,
936 1295 985 1338 res
1002 1276 1136 1357 denique
1153 1276 1378 1342 diversissimas

155 1378 369 1459 exprimentia,
391 1378 565 1443 Pindaricis
589 1381 695 1443 autem
719 1379 858 1462 epiniciis
881 1382 945 1442 tres
966 1397 1034 1448 esse
1056 1397 1229 1445 concessos.

246 1479 443 1565 Quapropter
458 1483 631 1546 cavendum
654 1486 713 1559 est,
735 1501 775 1546 ne
792 1501 932 1546 severam
947 1481 1087 1545 Platonis
1110 1482 1212 1562 legem
1228 1482 1266 1546 de
1282 1483 1378 1546 trium

154 1585 295 1648 musicae
320 1587 548 1650 elementorum
571 1581 717 1672 συνεχείᾳ
743 1585 837 1649 nimis
859 1603 1058 1666 urgueamus.
1103 1583 1206 1650 Immo
1227 1587 1378 1649 memine-

154 1687 254 1752 rimus
278 1707 351 1752 eum
372 1707 530 1772 perpauca
549 1689 690 1753 carmina
712 1690 860 1772 probasse
870 1694 910 1768 ¹),
944 1707 995 1765 ca,
1024 1705 1104 1769 quac
1126 1687 1220 1769 vulgo
1241 1689 1376 1752 manime

154 1792 329 1873 placerent,
351 1792 517 1874 respuisse.
561 1793 671 1873 Neque
697 1792 771 1854 licet
797 1790 937 1855 Platonis
961 1790 1062 1854 verbis
1090 1791 1198 1874 paucis
1227 1790 1314 1854 abuti
1337 1792 1376 1854 ad

154 1895 363 1959 recensendos
396 1898 505 1978 poetas
529 1914 547 1959 a
575 1894 775 1977 simplicitate
808 1892 852 1956 illi
881 1894 1069 1958 suavissima
1095 1894 1187 1975 longe
1215 1892 1376 1956 distantes.

153 1997 301 2078 Tragicos
317 1999 400 2062 enim
422 2001 530 2081 poetas
552 1999 691 2062 removet
713 2016 749 2060 ox
765 2015 802 2060 ea
816 2016 849 2060 rc
864 1996 1000 2080 publica,
1023 2014 1119 2078 ροισι
1133 1997 1224 2060 nobis
1238 1995 1375 2060 maxime

153 2101 360 2182 expetendam
383 2102 527 2184 proponit
549 2101 646 2186 (Reip.
668 2100 698 2164 X
720 2118 787 2183 cap.
811 2100 925 2182 6-8),
948 2119 1061 2181 eosque
1085 2101 1140 2163 aut
1161 2098 1269 2163 irridet
1291 2099 1374 2178 (ibid.

153 2204 217 2266 413
233 2202 273 2282 Β)
296 2206 352 2267 aut
374 2224 447 2268 cum
469 2205 650 2285 contemptu
674 2203 808 2284 quodam
832 2203 870 2268 de
891 2202 1049 2284 tragoedia
1070 2202 1167 2266 verba
1188 2201 1272 2280 lacit,
1296 2221 1375 2284 quae

151 2309 210 2370 τοῦ
233 2297 326 2386 δ’χλοο
347 2308 483 2372 maxime
505 2306 659 2390 voluptati
680 2305 829 2371 inserviat
859 2305 967 2390 (Gorg.
991 2306 1052 2369 502
1075 2306 1117 2380 Β;
1150 2304 1225 2368 Min.
1249 2306 1311 2368 318
1333 2306 1375 2381 la

153 2412 215 2474 321
238 2413 288 2493 Α).

643 2667 779 2768 caput
804 2667 882 2750 Ill.

264 2877 291 2956 §.
315 2875 345 2938 6.
390 2875 445 2939 De
468 2875 731 2958 rhythmorum
753 2875 955 2939 venustate
983 2876 1019 2938 et
1042 2891 1155 2956 quam
1176 2872 1266 2938 inde

498 2979 757 3062 percipiamus
780 2977 1025 3060 voluptatem.

236 3116 347 3181 Adfert
369 3118 476 3181 autem
491 3135 554 3180 non
576 3116 681 3180 minus
696 3116 863 3198 rhythmus
887 3133 982 3197 quam
1000 3114 1166 3180 hamonis
1180 3115 1373 3197 voluptatem

152 3218 310 3302 quandam
342 3220 460 3284 verbis:
494 3219 586 3283 ambo
620 3220 695 3282 sunt
727 3212 841 3304 ὥσπερ
876 3207 963 3300 iicon
990 3214 1049 3282 δνσὶ
1076 3220 1122 3303 τῷ
1156 3211 1242 3302 λίκνῳ
1275 3218 1372 3299 (Plut.

152 3322 279 3401 Quaest.
303 3340 390 3386 conv.
414 3321 476 3384 VH
491 3323 521 3399 8,
544 3322 565 3383 4
586 3341 618 3404 p.
642 3321 704 3384 713
726 3321 774 3404 C).
820 3321 941 3386 Gaudio
969 3321 1065 3403 igitur
1087 3323 1189 3386 metra
1217 3339 1284 3398 cos,
1319 3321 1372 3403 qui

152 3426 299 3503 audiunt,
330 3424 496 3502 adficiunt,
525 3424 605 3506 quod
628 3425 786 3488 testantur
808 3443 833 3488 e.
858 3445 887 3507 g.
909 3423 1065 3489 Isocrates
1087 3443 1131 3489 or.
1155 3423 1204 3501 15,
1226 3423 1282 3486 47:
1316 3421 1372 3487 καί

150 3518 212 3613 γὰρ
233 3530 274 3615 τῇ
296 3524 380 3607 λέξει
406 3523 646 3614 ιιοιηιικωτέρᾳ
673 3525 730 3591 καὶ
753 3523 969 3616 ποικιλωτέρᾳ
996 3518 1056 3604 τὰς
1078 3523 1214 3614 πράξεις
1241 3525 1372 3613 δηλοῦσι

152 3632 367 3710 (sacratores
390 3629 546 3711 quidam),
581 3627 732 3706 καὶτοῖς
768 3625 995 3716 ἐνθυμήμασιν
1032 3622 1284 3716 δγκωδοστὲροις
1316 3627 1371 3693 καὶ

150 3728 348 3818 καινοτέροις
372 3735 517 3819 χρῆσθαι
546 3731 709 3817 ζητοῦσιν,
742 3725 791 3796 ἔτι
819 3730 856 3797 δὲ
877 3737 950 3811 ταῖς
972 3724 1086 3811 datam
1113 3727 1218 3810 ἰδέαις
1244 3728 1372 3818 ἐπιφα-

150 3832 314 3921 νεστέραις
335 3833 391 3900 καὶ
414 3829 564 3900 πλείοσιν
587 3829 662 3900 ὅλον
682 3826 852 3922 τὸνλόγον
874 3836 1064 3903 διοικοῦσιν.
1092 3820 1138 3902 ὦν
1152 3829 1296 3913 ἅπαντας
1311 3832 1372 3916 μὲν

150 3931 319 4017 ἀκούοντες
348 3933 555 4026 χαίρουσιν
585 3931 679 4004 οὐδὲν
700 3923 797 4024 {parcat
827 3929 934 4024 ἢτῶν
958 3936 991 4004 ἐν
1021 3941 1092 4018 τοῖς
1117 3935 1280 4027 μέτροις
1307 3960 1370 4003 πα-

151 4039 349 4130 ιιοιρμὲνωνς
387 4043 495 4108 Cicero
526 4041 613 4108 Orat.
638 4043 715 4106 163:
754 4043 862 4122 „Duae
885 4046 961 4108 sunt
986 4044 1082 4126 igitur
1103 4061 1154 4108 ros
1182 4061 1261 4124 quae
1283 4060 1369 4125 per-

150 4147 346 4211 mulceant
368 4164 469 4224 aures,
492 4164 586 4211 sonus
610 4148 642 4212 et
663 4151 852 4222 numerus“;
875 4168 894 4203 ν
918 4148 995 4210 203:
1031 4147 1076 4226 „si
1099 4146 1301 4231 (quaeritur),
1329 4145 1369 4210 ad

151 4268 248 4332 quam
268 4267 337 4316 rem
359 4250 545 4315 adhibeatur
563 4251 727 4332 (uumerus
747 4249 922 4332 orationis):
946 4249 986 4314 ad
1008 4249 1369 4314 delectationem...

219 4423 239 4488 ¹)
258 4421 335 4490 Rcip.
354 4421 380 4476 X
398 4422 448 4475 6OE
458 4421 497 4474 A:
514 4419 568 4490 χρὴ
587 4459 593 4472 .
612 4459 618 4473 .
637 4461 644 4478 .
663 4416 768 4472 εἰδέναι
786 4457 792 4471 .
812 4457 817 4472 .
837 4459 852 4484 .,
870 4415 916 4473 ὅτι
933 4415 1003 4472 ὅσον
1018 4418 1107 4486 μόνον
1123 4416 1220 4486 &percae
1232 4418 1309 4474 δεοῖε
1321 4423 1368 4471 καὶ

149 4506 270 4579 ἐγκώμια
287 4512 345 4564 τοῖς
362 4505 482 4577 ἆγαδοῖι
500 4506 637 4574 ποιήσεως
654 4496 848 4580 παραδεκτέον
868 4506 904 4562 sis
924 4504 1014 4560 πόλιν.
1033 4505 1160 4561 Ps-Plut
1182 4504 1215 4560 dc
1235 4521 1302 4561 mus.
1322 4506 1368 4562 ll:

148 4591 255 4668 ἐξήρκει
272 4589 385 4663 δἀὗτρί
403 4595 451 4664 (sc.
469 4591 609 4662 Πλάτωνι)
632 4592 667 4646 τὰ
686 4594 723 4648 εἰς
740 4593 792 4646 τὸν
804 4591 872 4666 ἸΑρη
890 4596 937 4644 καί
952 4589 1079 4660 Ἀθηνᾶν
1096 4595 1143 4645 καί
1164 4590 1200 4644 τὰ
1219 4587 1368 4644 σπονδεῖα·

148 4681 302 4751 ἐπιρρῶσαι
317 4682 369 4756 γὰρ
387 4684 475 4736 ταῦτα
494 4681 575 4736 ἱκανοὶ
594 4678 693 4754 ἁνδρὸι
712 4679 854 4753 σώφρονος
874 4677 971 4754 ψυχήν.
