3560 5242
819 555 860 617 83

733 644 943 652 ——ss

312 774 498 853 Quaesitum
523 777 585 852 est,
609 777 716 839 utrum
740 795 790 853 eo,
815 795 875 858 quo
899 775 1047 840 Octavius
1070 777 1281 854 scribebatur,
1305 779 1445 860 tempore

225 897 285 961 pax
301 880 385 942 esset
399 880 530 962 paganis
547 898 620 943 cum
636 878 832 956 Christianis,
856 898 896 942 an
913 879 945 942 hi
961 879 1173 944 vexationibus
1189 879 1445 964 premerentur.¹)

227 981 284 1044 Cui
314 982 488 1063 quaestioni
513 1001 594 1064 nego
617 981 708 1046 aliter
729 980 908 1064 responderi
931 1001 1022 1065 posse
1046 989 1140 1063 atque
1162 981 1222 1046 hoc
1244 983 1353 1047 modo:
1377 982 1445 1045 Etsi

226 1102 288 1147 non
317 1082 433 1148 desunt
461 1085 529 1162 loci,
564 1085 617 1167 qui
647 1083 835 1148 documento
864 1103 932 1148 esse
956 1084 1121 1149 videantur
1144 1083 1344 1162 Christianis,
1373 1105 1446 1150 cum

225 1185 417 1270 colloquium
433 1188 560 1254 Caecilii
576 1187 704 1251 Minucii
717 1187 838 1252 Octavii
857 1187 1035 1266 haberetur,
1061 1185 1200 1272 pericula
1215 1189 1447 1254 extimescenda

226 1289 322 1354 fuisse
346 1293 387 1371 (v.
410 1291 563 1374 imprimis
586 1293 616 1366 8,
633 1291 668 1364 ὃς
693 1291 742 1364 12,
759 1291 793 1363 4;
817 1291 886 1370 st),
910 1294 1017 1356 tamen
1041 1291 1128 1356 nullo
1142 1291 1210 1356 loco
1226 1292 1447 1374 comprobatur

227 1411 262 1456 eo
285 1393 352 1476 ipso
374 1397 513 1477 tempore
530 1394 724 1460 Christianos
746 1396 872 1458 renatos
895 1413 974 1471 esse,
997 1395 1093 1458 immo
1117 1393 1240 1459 exordio
1261 1393 1359 1458 libelli
1382 1394 1447 1458 seri

226 1495 328 1559 simile
354 1496 405 1574 fit,
434 1499 545 1562 sinon
568 1499 699 1580 ubique,
728 1499 761 1561 at
783 1499 867 1562 certe
891 1497 1011 1562 Romae
1033 1500 1066 1561 et
1088 1497 1195 1562 Ostiae
1218 1499 1250 1561 et
1272 1497 1329 1573 ihi,
1363 1496 1446 1560 unde

227 1597 376 1664 Octavius
406 1620 499 1665 uxore
532 1601 701 1683 liberisque
734 1600 851 1664 relictis
878 1599 994 1681 negotii
1023 1602 1055 1664 et
1083 1599 1173 1664 amici
1202 1599 1323 1664 visendi
1351 1618 1447 1663 causa

226 1701 359 1768 Romam
392 1704 477 1767 venit
509 1704 593 1786 (Oct
618 1705 646 1781 2,
671 1705 716 1781 l),
748 1721 825 1786 poce
852 1721 905 1767 eos
934 1722 1006 1767 usos
1035 1705 1146 1784 esse.²)
1196 1699 1336 1781 Quorum
1366 1721 1446 1785 quae

214 1805 382 1890 scribente
406 1807 543 1871 Minucio
571 1806 709 1871 condicio
733 1805 840 1883 luerit,
869 1806 1037 1870 nescimus.
1087 1805 1156 1869 Hac
1178 1805 1274 1886 igitur
1295 1805 1346 1869 ria
1368 1805 1446 1869 nihil

226 1905 385 1990 proficitur
407 1908 446 1972 ad
469 1909 738 1991 investigandum,
762 1909 887 1990 quando
911 1909 1060 1974 Octavius
1083 1909 1271 1991 compositus
1294 1909 1343 1973 sit

228 2085 390 2092 ——--.-.—.

228 2197 280 2264 (lo,
299 2197 346 2266 2):
364 2197 469 2266 ‘ltaque
488 2199 558 2267 quod
577 2200 716 2268 pertineat
733 2199 767 2254 ad
786 2214 920 2253 summam
939 2199 1113 2267 quaestionis,
1131 2199 1212 2253 etde
1230 2197 1447 2268 providentia

227 2283 317 2338 fateor
341 2289 369 2338 et
391 2285 424 2339 de
444 2286 511 2341 Deo
537 2285 603 2341 cedo
631 2291 659 2340 et
677 2285 710 2340 de
728 2291 844 2340 sectae
861 2285 916 2338 iam
935 2289 1046 2340 nostrae
1064 2285 1273 2339 sinceritate
1291 2284 1446 2339 consentio’.

230 2368 395 2424 Dombartus
419 2370 503 2438 igitur
530 2376 611 2440 putot
629 2371 776 2425 Minucium
797 2369 1010 2425 Christianorum
1035 2371 1220 2426 doctrinarum
1244 2371 1312 2424 satis
1330 2371 1446 2438 peritum

228 2453 319 2509 luisse.
352 2455 429 2510 lden
446 2456 627 2512 Baehrensius
645 2457 661 2510 l.
681 2473 703 2510 c.
722 2456 859 2525 protessus
878 2461 927 2520 est,
946 2456 993 2510 sed
1012 2456 1161 2510 Minucium
1180 2461 1326 2524 propterea
1345 2455 1446 2510 Christi

227 2543 257 2593 et
285 2541 477 2609 christologice
508 2543 611 2596 nullam
639 2543 734 2598 iecisse
762 2540 924 2596 mentionem
958 2547 1063 2607 censet,
1098 2542 1169 2610 quod
1196 2541 1291 2610 optimi
1318 2541 1446 2609 cuiusque

226 2625 441 2694 iurisperitorum
466 2627 648 2683 Romanorum
672 2628 772 2682 mentis
796 2627 854 2681 acie
876 2633 905 2681 et
930 2627 1022 2681 iudicii
1047 2628 1196 2683 sobrietate
1215 2643 1279 2681 usus
1298 2627 1447 2682 Straussia·

227 2728 321 2768 norum
347 2713 433 2766 instar
457 2719 612 2768 nostrorum
636 2719 664 2768 et
683 2716 857 2770 Renanorum
876 2713 977 2767 Christi
1000 2719 1139 2782 tamquam
1158 2713 1202 2768 dei
1221 2712 1382 2768 adoratione
1401 2712 1447 2767 ho·

228 2797 344 2851 minibus
368 2797 485 2853 indoctis
509 2804 538 2852 et
560 2799 675 2854 credulis
699 2799 796 2854 relicta
814 2798 891 2853 uanis
910 2798 1124 2854 Christianorum
1142 2799 1279 2867 figmentis
1297 2798 1447 2866 ritibusque

228 2883 326 2950 spretis
345 2899 409 2936 vera
428 2889 511 2952 atque
528 2899 597 2938 aens
614 2885 772 2954 disciplinae
785 2883 857 2938 illius
872 2884 974 2950 placito
987 2885 1189 2952 adsumpsisset.
1220 2883 1360 2938 Kuehnius
1373 2882 1446 2938 deni-

229 2983 293 3034 que,
312 2968 388 3022 cuius
407 2969 525 3023 libellum
545 2985 627 3038 supra
645 2973 886 3026 commemoratum
901 2969 1034 3037 theologis
1048 2969 1129 3023 audio
1145 2969 1317 3024 vehementer
1329 2969 1446 3038 placere,

228 3069 323 3122 parum
342 3055 521 3121 probabiliter
540 3059 622 3124 putat
640 3055 797 3118 Minucium,
816 3070 877 3108 cum
893 3055 1036 3109 Octavium
1048 3055 1188 3122 scriberet,
1209 3060 1348 3110 recentem
1361 3054 1446 3109 sacris

229 3137 390 3194 Christianis
409 3141 541 3196 imbutum
560 3155 662 3206 eorum,
681 3155 750 3208 quae
769 3140 880 3209 propria
898 3146 962 3194 aunt
979 3140 1193 3194 Christianorum
1212 3140 1380 3210 disciplinae,
1398 3141 1446 3194 im-

229 3225 346 3291 peritum
370 3226 461 3282 luisse.
497 3225 641 3283 Dombarti
665 3242 727 3282 vero
751 3242 786 3279 cn
805 3225 964 3280 Baehrensii
987 3225 1078 3295 opinio
1096 3226 1152 3280 ueri
1170 3226 1283 3283 similior
1300 3227 1352 3293 sit,
1375 3243 1446 3281 nunc

229 3326 281 3364 non
300 3312 385 3367 audeo
405 3311 534 3366 iudicium
552 3313 682 3380 prolerre.

299 3417 322 3480 ¹)
347 3415 457 3471 Teuffel.
477 3413 510 3468 R.
536 3416 567 3472 L.
590 3415 620 3468 G.
645 3417 734 3482 §368,
752 3417 782 3481 23
810 3413 897 3468 Keim.
920 3415 937 3468 l.
956 3431 978 3469 c.
1001 3432 1026 3485 p.
1044 3417 1108 3484 2913
1136 3415 1231 3470 Ebert.
1254 3415 1270 3470 l.
1289 3431 1312 3470 c.
1336 3431 1362 3484 p.
1380 3416 1446 3484 341;

230 3499 350 3555 Schultz.
369 3502 385 3554 l.
404 3519 426 3556 c.
447 3518 471 3571 p.
490 3503 558 3568 4963
577 3501 716 3557 Schwenk.
734 3501 751 3554 l.
770 3516 791 3554 c.
812 3517 836 3568 p.
855 3502 913 3554 291.

299 3605 323 3669 ¹)
346 3603 420 3658 Idem
445 3603 603 3659 Schwenlrio
629 3605 712 3658 visum
735 3608 784 3658 est.
828 3603 880 3657 Sed
907 3603 974 3658 haec
992 3603 1111 3659 addidit:
1136 3605 1198 3658 ‘hlit
1215 3604 1275 3659 dem
1296 3605 1446 3661 Umstande

229 3687 347 3756 bellich,
366 3689 428 3744 dass
446 3689 494 3745 der
514 3689 602 3745 Heide
620 3689 753 3746 Caecilius
771 3688 819 3743 des
832 3689 956 3744 Christen
970 3691 1104 3745 Minucius
1122 3690 1221 3757 „lateri
1239 3689 1311 3745 domi
1329 3689 1446 3758 lorisque

229 3773 370 3828 inhaeret“
389 3777 425 3843 (3,
445 3777 484 3846 1),
510 3777 585 3831 steht
605 3776 648 3829 die
670 3775 849 3842 Erbitterung
872 3775 900 3829 in
923 3775 1037 3829 offenem
1062 3775 1270 3844 Widerspruch‚
1299 3775 1399 3830 welche
1416 3791 1447 3830 er

229 3860 350 3915 naehher
368 3877 454 3930 gegen
473 3861 522 3916 dae
541 3861 742 3918 Christenthum
761 3861 833 3928 aeigt
851 3861 887 3928 (9,
907 3863 930 3919 ll
951 3860 1006 3914 und
1025 3861 1124 3916 welche
1142 3862 1210 3916 such
1229 3861 1277 3916 aul
1293 3861 1385 3917 Seitcn
1398 3861 1447 3916 der

230 3945 354 4000 Christen
383 3947 434 4001 den
459 3947 619 4016 Verlolgern
642 3946 799 4017 gegenhber
827 3946 980 4001 norhanden
1003 3947 1040 4002 ist
1063 3949 1118 4014 (37,
1139 3949 1215 4012 hl).
1259 3947 1334 4001 Ahar
1359 3946 1447 4002 dieser

230 4031 427 4102 Widerspruch
447 4033 552 4087 erlrlitrt
569 4032 625 4087 sich
644 4033 707 4086 sehr
724 4031 844 4087 einisch:
864 4031 911 4084 wir
929 4032 1011 4086 aehen
1029 4032 1057 4086 in
1071 4032 1125 4086 ihm
1138 4032 1227 4087 nichts
1239 4033 1279 4086 als
1292 4031 1336 4086 die
1349 4048 1446 4087 unaus-

230 4117 387 4186 geglichene
414 4117 551 4172 Differenz
578 4119 626 4172 der
653 4118 749 4173 beiden
777 4117 957 4186 Zeitpunlrte‚
992 4118 1103 4185 welche,
1139 4118 1188 4172 aie
1215 4119 1262 4172 air
1291 4117 1389 4185 sahen,
1419 4118 1446 4172 in

230 4217 352 4256 anserem
372 4203 489 4273 Dialoge
514 4221 561 4258 aur
580 4204 698 4271 Geltung
719 4202 852 4258 hommes.
896 4206 937 4257 An
956 4204 1038 4259 Stelle
1061 4204 1109 4257 der
1132 4202 1290 4258 lriedlichen
1308 4202 1447 4257 Zostbnde

226 4289 307 4358 jener
324 4289 399 4353 Zeit,
427 4289 455 4344 in
479 4289 592 4344 welcher
620 4289 663 4344 die
681 4291 766 4344 Scene
792 4289 886 4360 spielt,
915 4305 971 4343 war
988 4289 1168 4357 Erbitteruog
1193 4289 1325 4343 zaischen
1351 4289 1446 4343 beiden

230 4374 358 4428 Porteien
383 4380 522 4444 getreten,
550 4376 590 4430 als
615 4375 663 4429 der
687 4375 815 4430 Octavius
839 4374 981 4443 ahgel'asst
1004 4375 1111 4430 aurde'.
1154 4375 1231 4444 Quod
1256 4374 1326 4428 unde
1344 4375 1447 4428 habeat

231 4459 418 4530 Schaenlrius,
442 4462 564 4529 equidem
589 4461 685 4515 nescio.
723 4461 817 4529 Neque
835 4460 919 4516 ullam
939 4461 1149 4530 discrepantiam
1168 4461 1264 4516 inveni.
1301 4460 1446 4515 Caecilium

230 4545 301 4598 enim
320 4553 349 4600 et
367 4547 509 4602 Octauium
528 4562 619 4614 causa,
638 4561 707 4614 quae
725 4546 764 4602 eis
782 4545 950 4601 ostendenda
968 4553 1017 4614 est,
1037 4547 1105 4602 adeo
1118 4550 1267 4617 occupatos
1280 4551 1356 4600 tenet
1367 4545 1447 4602 adeo·

230 4647 281 4698 que
301 4637 403 4698 moret,
421 4637 453 4688 ut
471 4632 561 4689 studio
578 4632 730 4687 sententias
747 4632 879 4702 probandi
899 4639 928 4687 et
945 4633 1121 4702 pervincendi
1139 4631 1268 4688 concitati
1286 4631 1362 4686 salva
1379 4631 1446 4686 arni·

230 4717 296 4771 citis
320 4719 403 4773 uerba
425 4735 479 4774 non
503 4719 584 4773 anxie
607 4718 758 4789 ponderant
783 4721 865 4786 (ham
889 4718 1084 4787 indignationis
1111 4719 1169 4774 eius
1192 4723 1325 4774 tumorem
1343 4717 1446 4772 effiuae

229 4803 363 4859 orationis
381 4805 499 4874 impetus
517 4805 695 4860 relaxaverat'
715 4805 756 4872 14,
773 4807 807 4872 1).

1200 4894 1236 4946 61
