3480 5230
960 367 980 438 l

865 457 1075 472 b--d

359 589 463 662 murita
484 589 652 674 vocabula,
676 615 760 680 quae
784 595 892 662 adhue
914 597 1071 662 valentin
1087 595 1147 661 illa
1163 593 1324 677 doctrina,
1349 603 1405 660 sut
1420 593 1593 661 invenisse

360 709 418 766 out
432 703 498 766 iam
520 701 667 764 extantia
682 706 772 764 carta
787 700 1026 784 significatione
1039 700 1186 765 induisse
1202 704 1341 766 constat
1376 699 1498 764 Verum
1516 720 1593 765 eos-

359 804 542 868 demetiam
557 803 590 867 in
606 803 769 867 rhetorica
783 802 888 868 multa
901 803 949 868 ita
964 803 1141 881 novavisse‚
1153 808 1191 867 ut
1205 806 1322 886 postea
1336 801 1592 880 invalescerent,

357 907 392 971 id
411 905 697 971 demonstrandum
720 905 801 970 mihi
824 907 989 990 proposui.
1024 905 1151 971 Stoicos
1174 904 1216 969 ab
1239 912 1312 969 arte
1334 905 1505 972 rhetorica
1522 927 1591 970 non

358 1007 568 1074 abhorruisse
591 1009 691 1073 etiam
714 1014 858 1073 veterum
889 1007 1086 1074 testimoniis
1109 1007 1332 1086 confirmatur,
1354 1029 1492 1091 quorum
1521 1009 1591 1073 duo

358 1118 485 1177 tantum
510 1111 658 1190 afferam,
684 1111 831 1194 Dionysii
847 1111 901 1194 (de
925 1133 1027 1196 comp.
1052 1133 1078 1180 c.
1094 1116 1141 1196 ll:
1165 1104 1257 1198 ἔγωγ’
1281 1099 1349 1190 οἷν,
1372 1107 1430 1176 ὅτε
1451 1110 1592 1197 διέγνων

358 1213 596 1282 συντάττεσθαι
618 1211 735 1302 ταύτην
755 1211 813 1301 τὴν
838 1209 1019 1296 ὑπόθεσιν,
1043 1208 1189 1302 ἐζήτουν,
1217 1208 1306 1280 εἴτι
1332 1219 1401 1295 τοῖς
1424 1211 1592 1300 πρότερον

358 1315 481 1407 εἴρηται
494 1318 569 1404 περὶ
582 1312 688 1404 αὐτῆς,
700 1316 753 1382 καὶ
765 1314 911 1400 μάλιστα
922 1321 992 1396 τοῖς
1006 1310 1078 1384 ἀπὸ
1088 1321 1145 1404 τῆς
1155 1323 1259 1396 Στοᾶς
1269 1315 1474 1406 φιλοσόφοις,
1486 1313 1592 1396 εἰδώς

357 1416 431 1500 τοὺς
453 1415 572 1506 ἄνδρας
594 1413 629 1486 οὗ
650 1417 767 1506 μικρὰν
788 1417 943 1507 φροντίδα
964 1423 1023 1485 τοῦ
1039 1421 1182 1486 λεκτικοῦ
1201 1418 1309 1487 τόπου
1329 1419 1589 1508 πεποιημένους.

359 1526 409 1590 dei
446 1517 506 1612 γὰρ
542 1516 651 1602 οἷσοῖς
683 1519 813 1612 τάληθῆ
850 1528 1019 1608 μαρτυρεῖν
1056 1524 1108 1606 (of.
1143 1522 1223 1590 ibid.
1262 1544 1288 1591 o.
1322 1527 1356 1608 2)
1389 1530 1424 1588 et
1455 1523 1589 1602 Quinti-

359 1629 440 1692 liani
464 1627 526 1704 (ΙΙΙ
549 1635 573 1706 1,
595 1633 662 1708 15):
687 1627 949 1711 „Theophrastus
966 1648 1096 1710 quoque
1109 1663 1149 1676 —
1162 1626 1203 1690 de
1218 1626 1382 1692 rhetorice
1405 1626 1587 1712 diligenter

359 1731 493 1813 scripsit
516 1735 616 1812 atque
641 1729 716 1794 hinc
732 1729 782 1794 vel
799 1729 980 1794 studiosius
996 1729 1184 1814 philosophi
1201 1751 1299 1813 quam
1315 1729 1464 1796 rhetores
1486 1750 1587 1814 prae-

358 1836 519 1916 cipueque
557 1831 777 1898 Stoicorum
814 1852 852 1898 ac
885 1833 1188 1916 Peripateticorum
1222 1832 1416 1918 p1·incipes.“
1472 1836 1585 1916 Atque

358 1935 511 2019 equidem
535 1934 721 2000 Stoicorum
745 1935 777 1999 in
801 1935 998 2000 rhetoricam
1022 1936 1143 2001 merita
1171 1936 1218 2000 sie
1240 1956 1431 2020 persequar,
1454 1942 1493 2001 ut
1515 1935 1585 2019 pri-

358 2061 447 2103 mum
471 2037 619 2121 colligam
638 2059 905 2123 cornponamque‚
922 2061 1006 2122 quae
1023 2039 1064 2105 de
1080 2039 1283 2123 singulorum
1299 2039 1485 2105 Stoicorum
1501 2059 1584 2123 qno·

358 2141 494 2206 rendam
524 2141 643 2205 studiis
673 2141 844 2207 rhetoricis
873 2141 968 2207 licuit
996 2143 1175 2227 expiscari,
1203 2143 1322 2208 deinde
1344 2164 1384 2208 es
1405 2141 1583 2228 proferam,

358 2267 442 2327 qnae
465 2245 499 2308 in
522 2244 707 2308 universum
737 2245 778 2310 de
801 2244 986 2310 Stoicorum
1014 2245 1165 2310 doctrina
1193 2245 1340 2311 oratoria
1370 2250 1427 2310 aut
1454 2245 1584 2310 tradita

357 2353 434 2411 sunt
456 2354 514 2412 aut
536 2367 608 2411 meo
633 2347 755 2412 iudicio
779 2347 899 2413 Stoicis
922 2349 1112 2414 auctoribus
1135 2355 1213 2414 sunt
1234 2347 1419 2414 tribuenda.
1463 2349 1582 2431 Neque

358 2452 473 2533 ignoro
501 2473 553 2516 me
584 2450 727 2516 nondum
756 2452 880 2533 omnia,
903 2473 987 2536 quae
1011 2451 1053 2516 ad
1076 2451 1162 2518 hanc
1185 2453 1357 2517 materiam
1381 2452 1580 2534 pertineant

357 2555 557 2619 exhausisse.
597 2554 702 2618 Multa
723 2555 755 2618 in
780 2554 1007 2620 Fortunatiani
1036 2555 1243 2639 potissimum
1267 2560 1300 2620 et
1324 2554 1460 2638 Sulpicii
1482 2555 1579 2621 libris

357 2663 478 2735 extend,
503 2678 586 2740 quae
610 2657 705 2722 l'acile
722 2657 907 2724 Stoicorum
930 2659 1067 2744 propria
1091 2658 1191 2724 dicas.
1237 2658 1302 2724 Sed
1324 2658 1407 2722 haee
1429 2678 1502 2722 cnm
1528 2679 1578 2722 ar·

357 2759 518 2840 punientis
547 2765 605 2825 aut
633 2761 782 2827 evincere
809 2766 868 2826 aut
896 2761 938 2826 ad
966 2759 1213 2845 probabilitatis
1241 2762 1384 2845 speciem
1411 2760 1577 2827 adducere

357 2863 436 2928 mihi
460 2863 603 2928 nondum
628 2865 810 2948 contigerit,
834 2864 987 2930 omittere
1010 2865 1119 2932 malui.
