3546 5236
787 419 849 483 113
902 509 923 514 -

203 605 270 664 tres
299 595 426 662 litteras
454 595 567 676 erasit)
594 595 745 662 habeant
791 592 850 660 sed
879 601 913 659 ut
936 593 1015 660 nihil
1039 592 1152 660 demus
1184 593 1259 659 libri
1290 594 1431 660 Parisini

204 703 306 769 aetati
343 703 514 788 superiori,
551 722 666 768 nomen
703 700 837 784 aliquod
874 701 908 766 in
945 700 1062 768 ceteris
1100 700 1261 768 excidisse
1298 702 1431 769 verbnm

204 810 291 895 quod
320 811 464 894 sequitur
491 812 598 875 dilexit
626 808 776 875 ostendit
826 807 887 873 hoc
916 813 1024 874 antem
1052 828 1167 873 nomen
1195 807 1317 875 nullum
1341 809 1431 875 alind

204 918 306 983 fuisse
329 917 392 983 nisi
417 916 549 982 Serrecce
573 917 637 980 iam
660 916 735 1001 ipsa
758 914 990 980 sententiarum
1013 912 1140 980 indoles
1165 922 1197 980 et
1220 917 1324 981 oratio
1348 917 1431 984 satis

202 1026 350 1110 probant
400 1022 519 1088 deinde
554 1023 588 1088 in
623 1022 705 1107 ipsis
738 1011 883 1088 Senecae
920 1021 1027 1087 verbis
1065 1042 1105 1087 ex
1142 1041 1301 1088 consensu
1335 1024 1430 1088 trium

204 1131 356 1196 librorum
384 1129 556 1214 legendum
586 1137 650 1195 est:
682 1150 825 1212 mquam
853 1130 939 1212 quid
966 1136 999 1192 et
1025 1130 1161 1194 divinum
1188 1133 1269 1214 capit
1296 1135 1433 1214 offerrem

203 1241 340 1320 ommam,
370 1257 441 1302 cum
473 1235 688 1320 Beaugendre
721 1242 798 1300 ante
829 1244 857 1300 et
883 1234 1032 1301 voculam
1060 1244 1119 1302 est
1145 1235 1230 1301 male
1258 1236 1431 1302 addideris

203 1344 301 1430 paulo
335 1343 468 1409 insenius
499 1343 586 1409 idem
619 1342 756 1410 eandem
784 1341 902 1406 iniuria
929 1342 980 1408 bis
1011 1341 1120 1408 omisit
1142 1344 1174 1409 in
1197 1344 1312 1427 verbis,
1345 1363 1430 1427 quae

204 1452 334 1518 codices
374 1451 421 1517 sic
450 1451 623 1537 praebent:
661 1452 757 1516 bouus
783 1452 930 1534 princeps
962 1487 987 1498 -
1002 1487 1027 1498 -
1044 1487 1066 1496 -
1103 1452 1218 1516 madius
1253 1454 1432 1534 sanquinem

204 1561 380 1624 contenuit:
407 1560 524 1622 inimici
555 1566 621 1639 est,
650 1559 703 1622 sed
730 1559 795 1622 eim
822 1560 874 1640 orsi
905 1561 1021 1622 amice
1044 1559 1120 1640 fieri
1146 1566 1264 1641 potest:
1296 1561 1433 1624 uocantis

204 1673 270 1746 eet,
298 1667 353 1730 sed
374 1667 513 1730 mutue.
560 1664 713 1748 agnoscis
737 1663 882 1730 Senecae
906 1683 1026 1730 morem
1049 1664 1090 1730 iis
1113 1684 1198 1748 quae
1221 1664 1431 1732 adversarius

204 1772 338 1856 opponit
361 1772 574 1854 obloquentis.

784 2169 848 2244 VI.

674 2319 960 2421 incorruptior.

292 2481 427 2548 Formas
455 2485 510 2548 boe
538 2490 570 2548 et
596 2485 657 2565 ille,
692 2503 775 2568 quae
802 2482 891 2549 haud
919 2502 992 2549 raro
1020 2483 1054 2548 in
1077 2483 1218 2548 omnium
1242 2484 1431 2569 scriptorum

202 2587 452 2655 Annaeanornm
476 2589 642 2655 codicibus
665 2609 723 2676 pro
747 2593 804 2655 boe
827 2599 860 2655 et
883 2591 954 2654 illoc
976 2596 1145 2676 ponuntur,
1170 2589 1230 2656 sed
1243 2611 1263 2656 a
1277 2589 1430 2657 Fickerto

202 2705 355 2782 receptae
378 2716 441 2760 non
465 2703 540 2762 sunt
563 2701 604 2778 (r.
629 2696 705 2762 edit.
730 2695 792 2762 vol.
806 2695 854 2760 ΠΙ
877 2717 909 2781 p.
924 2697 1016 2763 394a
1039 2703 1072 2762 et
1094 2697 1196 2782 alibi),
1220 2696 1369 2765 Gertzius
1389 2695 1431 2764 de

202 2802 306 2870 benef.
323 2803 352 2868 V
367 2808 397 2888 6,
412 2805 441 2886 5,
464 2804 519 2870 ubi
538 2805 614 2870 inN
634 2804 773 2888 aliisque
796 2810 917 2888 extant,
940 2805 1008 2869 iure
1032 2803 1171 2872 retinuit
1201 2803 1432 2871 recordabatur

204 2911 287 2976 enim
313 2931 369 2976 cas
393 2919 458 2974 nat.
483 2918 607 2993 quaest.
631 2911 703 2996 Vl,
724 2915 740 2976 1
765 2911 799 2975 in
822 2911 953 2996 optimis
977 2910 1142 2976 codicibus
1166 2911 1308 2996 reperiri.
1345 2910 1431 2976 idem

202 3025 319 3102 postea
342 3019 374 3081 in
403 3016 606 3100 dialogorum
633 3016 924 3084 Mediolanensium
951 3016 1095 3084 editione
1126 3017 1230 3083 tribus
1261 3017 1342 3084 locis
1375 3017 1431 3104 (de

204 3123 253 3190 ira
277 3123 324 3187 llI
347 3127 399 3208 21,
423 3127 453 3209 3,
482 3122 525 3188 ad
548 3123 645 3189 Marc.
672 3127 722 3209 11,
745 3127 775 3208 2,
804 3122 844 3189 de
868 3129 993 3206 tranqu.
1017 3145 1067 3190 an.
1091 3127 1121 3208 9,
1145 3127 1179 3206 6)
1209 3127 1264 3189 boc
1290 3145 1348 3210 pro
1375 3128 1434 3190 loce

204 3251 245 3296 ex
268 3231 336 3314 A1),
369 3231 459 3296 euius
487 3231 674 3295 auctoritati
702 3229 846 3295 Kochius
879 3230 1053 3296 obsecutus
1079 3249 1143 3295 non
1173 3239 1251 3315 erat,
1282 3231 1431 3297 restituit.

205 3336 263 3404 sed
287 3344 399 3402 extant
423 3337 520 3402 etiarn
544 3337 611 3401 alia
634 3336 747 3402 harum
771 3335 987 3420 similiumque
1010 3335 1184 3402 formarum
1207 3337 1371 3422 exempla:

296 3443 337 3510 de
361 3443 410 3508 ira
433 3443 547 3528 11128,
564 3447 596 3509 1:
620 3446 690 3508 binc
712 3453 740 3508 le
762 3445 826 3508 illo
845 3441 907 3529 (sio
921 3443 977 3508 ΑΡ
993 3449 1025 3509 et
1039 3443 1201 3526 Gertzius)
1209 3449 1309 3529 saror
1322 3449 1431 3528 rapiet.

293 3549 336 3615 ad
359 3551 457 3616 Maro.
481 3552 533 3634 21,
550 3553 584 3614 ἵε
608 3573 677 3615 cum
699 3551 766 3615 illo
790 3550 896 3632 (sicA
920 3557 953 3615 ct
976 3549 1135 3634 Gertzius,
1158 3552 1212 3616 illc
1234 3550 1273 3632 P)
1298 3553 1432 3635 insontia

203 3661 306 3724 atatim
331 3667 359 3723 et
381 3661 512 3738 iuventa,
537 3660 637 3723 omnm
660 3666 745 3722 celos
762 3657 890 3742 seroib.

293 3763 337 3828 ad
360 3763 473 3846 Polyb.
497 3765 526 3848 9,
547 3769 583 3830 9:
612 3765 752 3830 omuibus
774 3765 839 3829 illo
862 3761 925 3850 (sic
948 3763 975 3828 B
1000 3771 1032 3828 et
1055 3763 1217 3844 Gertzius)
1241 3765 1328 3830 uobis
1351 3785 1430 3830 ccm-

204 3893 296 3937 mane
319 3879 363 3936 eol
386 3875 452 3936 iter.

293 3977 336 4043 ad
359 3977 452 4045 Helv.
481 3981 529 4062 lb,
548 3984 581 4044 l:
605 3979 673 4043 illo
697 3975 760 4065 (sio
783 3977 876 4043 codd.
902 3985 935 4043 et
958 3976 1121 4064 Gertzius)
1145 3981 1244 4044 cumb
1266 3980 1431 4044 comclntio

203 4088 278 4151 mibi
299 4087 444 4150 vertendo
467 4093 520 4150 cot.

294 4244 315 4312 ¹)
334 4245 430 4300 eadem
448 4245 536 4300 forma
553 4243 643 4299 tribus
661 4243 717 4298 illis
735 4244 803 4299 locis
820 4244 850 4298 in
869 4243 891 4298 P
908 4243 1052 4314 reperitur.

294 4332 317 4401 ¹)
334 4337 444 4401 feratur
462 4333 588 4390 Gertnius
606 4333 687 4389 scribi
706 4333 795 4399 iussit,
819 4332 893 4402 quod
910 4333 1064 4404 probarem,
1087 4331 1142 4386 nisi
1160 4349 1194 4387 ex
1211 4332 1246 4387 iis
1264 4351 1336 4402 quae
1354 4351 1430 4404 prae·

203 4423 304 4479 cedunt
322 4423 349 4490 (ἓ
368 4424 409 4490 6):
437 4441 471 4478 ea·
488 4425 537 4478 illo
555 4441 606 4492 quo
624 4425 749 4493 primum
770 4424 854 4477 luem
875 4425 952 4490 vidit,
975 4426 1029 4477 iter
1046 4424 1142 4477 mortis
1160 4424 1301 4491 inornatos
1318 4431 1366 4492 ost,
1387 4424 1430 4478 in·

202 4513 381 4584 tellegeretnr
399 4511 518 4567 Senecae
537 4512 639 4577 animo,
663 4529 725 4566 curn
748 4511 817 4566 haec
839 4510 978 4576 scriberet,
1001 4509 1154 4580 imaginem
1176 4510 1264 4577 illem,
1292 4529 1349 4580 qua
1369 4513 1431 4568 rita

202 4619 266 4658 cnm
284 4601 384 4656 itinere
402 4603 585 4671 comparatur,
608 4601 783 4656 obversatam
801 4615 866 4657 csso.
903 4603 1025 4655 ceterum
1043 4599 1134 4655 nescio
1152 4615 1189 4654 an
1207 4599 1347 4655 nonnullis
1365 4601 1432 4657 locis

202 4691 303 4760 quibus
321 4707 395 4745 nuno
411 4691 459 4746 tile
477 4692 555 4746 extat
573 4689 677 4746 Seneca
694 4689 753 4759 ipse
771 4691 832 4746 sta
849 4692 882 4744 ut
900 4687 1032 4744 Gleudim
1050 4687 1086 4757 (v.
1104 4707 1132 4759 p
1154 4689 1215 4758 115)
1233 4689 1381 4760 scripserit
