3546 5236
304 635 403 679 comes
426 617 529 680 deesse
552 624 579 678 et
601 637 652 679 rea
675 618 743 699 epae
766 615 905 701 etiamr)
933 619 1000 680 mue
1026 618 1111 698 dirce,
1140 620 1205 681 sirie
1228 619 1334 680 consite
1352 639 1425 701 pro-

305 722 391 784 cedit.
436 741 499 786 non
521 723 773 806 praenuntias
802 729 919 787 leolum
946 725 988 786 ed
1013 725 1096 802 cilio,
1130 725 1184 787 sed
1210 744 1359 806 praeceps
1387 731 1425 803 et,

305 829 386 911 qaae
406 829 571 913 pleresque
596 830 831 894 inemendabiles
852 832 946 913 serit,
980 832 1116 894 orricium
1148 831 1281 894 oliorum
1312 832 1426 894 ortium

300 943 426 1019 peceato
449 937 617 1018 artificibus
634 937 750 1020 mederi
776 945 848 1000 suat
875 939 1090 1020 offendurrlqne
1117 937 1318 1015 damnantem,
1349 939 1427 1000 eilue

300 1049 428 1126 peccato
450 1043 607 1108 delectaret.

198 1167 391 1231 quamquam
415 1149 515 1215 variis
537 1149 644 1216 modis
667 1150 727 1214 viri
751 1149 868 1214 cruditi
891 1169 1001 1214 rocem
1019 1155 1200 1234 corruptam
1222 1153 1428 1234 praesumitur

198 1254 371 1320 emendare
393 1255 502 1321 conati
525 1263 608 1340 sunt,
637 1256 721 1322 inter
744 1275 854 1322 omnes
879 1257 1029 1321 convenit
1052 1257 1084 1320 in
1108 1257 1215 1341 priore
1239 1257 1308 1322 cius
1331 1263 1426 1341 parte

198 1361 392 1428 adiectivom
424 1385 575 1447 pronum,
614 1364 699 1446 quod
736 1365 931 1430 recentiores
969 1364 1041 1428 libri
1078 1363 1221 1429 nonnulli
1260 1365 1426 1448 praebent,

198 1469 398 1536 delitescere.
438 1469 471 1534 id
495 1468 580 1553 quod
596 1491 635 1536 ea
651 1490 686 1535 rc
701 1470 913 1554 eonfimratur,
938 1470 1022 1553 quod
1038 1469 1219 1536 Windhaus
1238 1491 1268 1555 p.
1285 1473 1328 1535 20
1352 1471 1384 1535 in
1398 1471 1426 1533 B

198 1575 324 1641 litteras
352 1598 389 1641 ee
421 1575 453 1640 in
485 1596 602 1642 rasura
630 1584 783 1642 exaratas
813 1597 886 1642 esse
914 1576 1000 1644 dicit.
1053 1577 1093 1641 de
1127 1579 1306 1661 posteriore
1338 1576 1426 1641 illius

199 1683 287 1749 vocis
311 1689 404 1768 parte
427 1681 525 1748 valde
549 1681 723 1766 dubitatur,
747 1703 852 1767 neque
876 1704 916 1750 ex
941 1685 1132 1749 coniecturis
1153 1684 1259 1749 adhuc
1274 1684 1426 1769 prolatis:

198 1790 314 1856 Haasii
333 1812 470 1874 mercum
493 1791 642 1872 caelibum,
667 1790 771 1876 Lipsii
793 1813 857 1856 eoa
874 1813 1009 1875 pronurrr
1034 1800 1078 1855 est
1101 1800 1218 1856 litatem
1242 1793 1291 1871 ad,
1316 1791 1426 1855 Wind-

198 1897 305 1964 hausii
318 1919 382 1962 ceo
398 1919 458 1982 per
475 1919 613 1982 monum
627 1907 745 1964 lentum
758 1901 800 1964 ud
812 1901 885 1963 eilia
902 1902 1031 1978 emitur,
1055 1901 1109 1963 scd
1127 1920 1186 1981 per
1202 1919 1351 1982 praeceps
1370 1907 1426 1962 aut

196 2027 259 2070 noa
281 2027 387 2089 prono
415 2013 459 2070 est
486 2013 605 2070 tautum
631 2008 673 2070 nd
699 2009 772 2070 eilia
801 2009 850 2070 eia
882 2005 949 2069 ulla
978 2006 1059 2070 satis
1091 2005 1270 2090 probabilis
1299 2005 1427 2071 ridetur

198 2131 280 2178 esse.
317 2111 458 2178 fortuma
473 2111 598 2178 Seneca
614 2113 789 2197 scripserat
807 2134 950 2197 pronus
974 2115 1124 2177 caterius
1148 2120 1180 2177 ct
1203 2121 1278 2176 ante
1300 2121 1327 2177 el
1346 2115 1428 2196 qaod

197 2218 249 2283 rel
272 2218 350 2284 alibi
374 2222 402 2283 it
424 2218 476 2284 vel
500 2227 555 2284 est
576 2227 738 2304 posuerat.

304 2363 358 2429 cp.
372 2363 459 2409 mor.
473 2343 551 2409 XVI
563 2348 594 2429 4,
608 2346 667 2411 25:
697 2347 774 2409 illud
795 2347 879 2409 mullo
903 2347 992 2409 rrrodo
1012 2346 1120 2428 probo,
1145 2345 1225 2428 prrorl
1246 2347 1290 2408 uit
1312 2345 1425 2409 Metro-

305 2452 407 2532 dorus,
433 2473 498 2516 esse
520 2453 655 2536 aliquam
679 2461 838 2534 capreolum
861 2454 1002 2516 tristitiae
1024 2453 1215 2534 eolrrplelem.
1261 2453 1339 2515 branc
1362 2473 1427 2516 esso

303 2561 488 2643 captandam
516 2562 549 2623 ia
576 2561 725 2626 eiusmodi
751 2567 896 2646 ternpore.
945 2561 1011 2642 ipsu.
1042 2560 1212 2623 Melrodori
1238 2559 1329 2622 uerba
1357 2559 1425 2622 sub-

303 2668 421 2749 scripsi.
455 2664 753 2732 MHTROAOROY
776 2665 1055 2731 hulodoicus
1079 2663 1163 2730 Poe
1186 2665 1277 2730 ΤΗΝ
1300 2665 1425 2728 ΑΑΔΕ-

303 2770 430 2838 ΑΦΗΝ
456 2771 586 2838 ECTIN
614 2773 697 2836 FAP
727 2771 812 2837 ssoc
840 2771 1023 2837 HAONHN
1053 2770 1425 2838 KY‘PTHCOYTTEIN

304 2879 422 2942 ΚΑΤΑ
449 2877 628 2945 ΤΟΥΤΟΝ
660 2878 749 2944 ΤΟΝ
777 2877 964 2944 ΚΑΤΡΟΝ.
1020 2883 1057 2942 cle
1089 2880 1197 2962 peribus
1229 2901 1291 2943 reon
1323 2881 1426 2943 dubito

303 2987 376 3067 perid
402 2989 445 3049 sis
472 3007 629 3050 sensurae.
676 2987 749 3069 qaid
781 2990 861 3050 enim
894 2995 937 3049 est
969 2989 1090 3068 turpius
1121 3007 1212 3068 pirum
1241 2995 1365 3068 captore
1394 2989 1427 3049 ia

303 3095 368 3174 ipse
392 3093 474 3156 luctu
496 3095 695 3176 voluptutem.2
724 3112 750 3158 e.
765 3112 795 3175 q.
810 3112 836 3158 s.

197 3197 292 3262 affert
315 3196 440 3264 Seneca
469 3205 580 3264 contra
609 3219 729 3265 morem
757 3217 858 3276 suum,
888 3199 941 3281 qui
966 3198 994 3263 is
1019 3207 1069 3263 est
1098 3204 1133 3262 ut
1163 3197 1290 3262 Graeca
1318 3199 1426 3263 omnia

196 3311 314 3388 vertat,
344 3305 417 3389 ipsa
444 3306 544 3370 verba
571 3305 700 3371 Graeca
729 3303 913 3370 Metrodori.
960 3311 1034 3370 sunt
1062 3311 1169 3369 autem
1199 3323 1252 3388 ea,
1282 3304 1315 3367 id
1339 3305 1426 3387 quod

199 3393 328 3496 semper
350 3413 418 3478 lere
441 3412 473 3476 in
490 3410 657 3478 codicibus
671 3411 798 3478 Latinis
813 3411 941 3494 accidit,
965 3411 1107 3496 pessime
1122 3408 1234 3475 hahita
1249 3431 1269 3474 a
1285 3411 1426 3477 librariis

197 3519 329 3602 linguae
353 3519 500 3586 Graecae
523 3519 657 3603 ignaris.
702 3519 745 3584 ad
774 3539 860 3603 quae
888 3517 1104 3583 restauranda
1128 3537 1199 3582 cnm
1222 3517 1282 3581 viri
1308 3518 1425 3583 eruditi

197 3633 272 3690 ante
302 3624 647 3711 Schweighaeuserum
674 3625 907 3692 recentioribus
940 3623 1107 3690 codicibus
1139 3624 1191 3690 usi
1223 3633 1340 3706 essent,
1372 3625 1426 3688 rix

197 3733 373 3818 quidquam
396 3733 476 3800 certi
501 3733 660 3818 expiscati
690 3738 764 3800 sunt
792 3731 856 3798 nisi
884 3732 917 3796 in
940 3731 1031 3796 initio
1055 3729 1229 3797 Metrodori
1254 3752 1369 3797 nomon
1394 3739 1426 3797 et

196 3840 230 3904 in
257 3839 321 3906 fine
348 3846 430 3906 κατὰ
458 3851 561 3906 τοῦτον
589 3845 641 3906 τὸν
667 3839 833 3926 καιρόνθῦ).
879 3840 973 3925 plura
997 3837 1341 3921 Selrweighaeuscrus,
1371 3839 1425 3921 qui

196 3947 318 4031 primus
343 3947 488 4014 codicem
510 3950 539 4012 Α
561 3947 719 4031 adhibuit,
747 3945 897 4031 dispexit,
926 3967 996 4012 cum
1022 3947 1068 4010 sic
1097 3945 1265 4011 scriberet:
1299 3944 1427 4032 Marpe-

197 4058 291 4140 δώρου
313 4055 477 4121 ἐπιστολῶν
502 4053 529 4119 α’
551 4060 628 4140 πρὸς
654 4059 708 4141 τὴν
735 4054 878 4142 ἀδελφήν,
930 4053 1011 4118 ἔστιν
1035 4059 1092 4137 γάρ
1115 4076 1158 4124 τις
1180 4055 1260 4137 λὺπῃ
1285 4058 1426 4140 συγγενὴς

196 4159 299 4248 ἡδονὴ,
322 4163 361 4248 ἢν
384 4173 553 4250 κυνηγετεῖν
575 4165 657 4227 κατὰ
679 4171 782 4227 τοῦτον
803 4165 853 4227 τὸν
876 4167 988 4245 καιρόν.
1027 4161 1110 4225 hunc
1133 4158 1201 4224 scre
1225 4158 1328 4226 secuti
1351 4169 1427 4226 sunt

197 4269 367 4335 Fickertns
396 4277 428 4335 et
456 4269 612 4355 Haasius,
640 4268 725 4334 male
753 4268 883 4352 reliquit
909 4267 1021 4350 Ianus,
1051 4267 1118 4351 qui,
1142 4274 1177 4331 ut
1200 4267 1268 4331 alia
1289 4273 1425 4350 taceam,

195 4375 387 4442 vocabulum
424 4377 585 4462 poeticum
622 4375 722 4461 detrec
758 4375 941 4441 Metrodoro
979 4372 1150 4441 obtrudere
1193 4381 1328 4440 conatus
1366 4382 1425 4442 cst

287 4606 322 4676 ⁸⁶)
340 4626 366 4662 v.
385 4608 541 4662 Windhaus
560 4609 578 4662 l.
598 4626 617 4662 s.

288 4695 533 4767 ³³)haecprin1us
553 4699 573 4752 l.
593 4697 613 4751 I.
633 4697 757 4768 Scaliger
775 4697 911 4752 invenisse
929 4695 1047 4751 videtur.
1080 4695 1113 4749 cl,
1133 4693 1244 4750 Gruteri
1263 4694 1387 4750 adnotat.
