3560 5242
702 395 912 491 -lh-

195 621 260 695 ναῖς
287 615 323 682 δὲ
351 609 409 703 τὴν
439 613 572 703 ἑργασί-
616 616 721 681 veslr‘a
753 618 892 683 viotrioiu
929 637 991 682 non
1012 619 1014 634 '
1035 617 1102 680 sine
1126 615 1228 699 effigie
1251 618 1319 682 rudi
1342 619 1412 701 pulo

192 744 234 783 αν
248 711 283 784 οὗ
299 723 479 799 ποιοῦνται,
497 713 571 786 οὐδὲ
615 723 742 784 tantum
758 720 907 804 simplicis
923 739 992 786 oru-
1036 721 1068 782 et
1090 719 1213 784 informi
1237 721 1322 801 ligno
1344 740 1412 803 pro·

194 821 431 908 βαναοσοοργοὶ
449 817 572 906 ὁμοίιος
616 823 660 887 ois
691 822 804 888 faeiem
828 842 936 887 verum
959 826 993 886 et
1036 824 1144 885 slent?
1199 821 1277 886 Pars
1311 823 1412 886 erucis

195 919 225 988 εἰ
260 916 306 1010 μὴ
344 920 402 990 διὰ
438 929 501 990 τῶν
533 918 572 993 τὸ
616 925 707 990 adfixi
745 925 881 990 hominis
924 925 993 988 imi·
1036 926 1084 988 est
1099 943 1190 988 omne
1206 925 1310 1000 robur,
1328 922 1412 1006 quod

190 1029 303 1112 σχῆμα
325 1032 418 1093 σοΐπο
436 1026 572 1109 ἕχόπιον
616 1032 733 1093 tantur.
1012 1030 1140 1134 ,erecta
1155 1028 1288 1092 statione
1305 1024 1413 1108 defigi-

195 1125 377 1216 ἒργαλείων.
660 1130 991 1214 (ulSignumsune
1035 1133 1097 1193 tur.
1148 1129 1228 1206 NOS,
1263 1130 1290 1194 si
1322 1128 1411 1204 forle,

239 1233 301 1305 (B)
326 1223 572 1319 'l'oclioiviloii-
616 1233 992 1298 eruoisnaturelitor
1035 1231 1195 1312 integrum
1240 1235 1272 1296 el
1308 1234 1412 1295 totum

192 1356 289 1399 πειον
321 1337 430 1420 σχῆμα
466 1332 568 1402 οὐδενὶ
615 1336 776 1400 visimus
821 1336 858 1398 in
894 1336 990 1411 navi,
1035 1333 1130 1399 doum
1167 1335 1309 1398 colimus.
1358 1333 1413 1397 Di-

190 1429 282 1522 ἄλλῳ
330 1441 396 1502 τῶν
445 1433 571 1525 ἀλόγων
615 1457 697 1502 oum
726 1438 823 1502 velis
847 1442 991 1502 tumen·
1035 1435 1137 1500 ximus
1166 1437 1318 1519 originem
1341 1436 1412 1500 deo-

200 1536 294 1626 ζοῖων
310 1538 465 1626 διαφέρει,
489 1533 508 1623 ἢ
524 1545 569 1628 τῷ
615 1542 718 1605 tibus
734 1540 901 1616 vehitur,
917 1559 990 1604 oum
1034 1556 1106 1602 mm
1117 1544 1291 1604 vestrorum
1302 1539 1412 1621 aplas-

191 1635 298 1726 ὀρθόν
327 1665 364 1706 σε
397 1635 479 1708 εἶναι
516 1645 570 1709 καὶ
615 1644 759 1728 expensis
782 1642 930 1726 palmulis
946 1644 991 1707 la·
1035 1640 1075 1704 tis
1098 1641 1136 1705 do
1159 1661 1249 1706 oruoe
1272 1641 1388 1705 induoi.

192 1737 325 1809 ἔκτασιν
349 1749 463 1829 χειρῶν
489 1741 571 1828 ἔχειν
615 1748 708 1811 bitur.
725 1749 757 1809 et
772 1763 845 1809 eum
861 1745 991 1827 en'gitur
1078 1741 1129 1824 (β)
1159 1743 1221 1808 Sed
1248 1747 1280 1808 el
1306 1743 1411 1807 Viole-

191 1843 246 1911 καὶ
270 1843 304 1910 ἐν
326 1849 371 1932 τῷ
394 1846 570 1936 προσώπῳ
613 1849 735 1929 iugum,
748 1848 850 1912 oruois
863 1849 990 1929 signum
1034 1846 1096 1910 rios
1120 1846 1267 1922 adoratis,
1290 1865 1363 1910 oum
1378 1847 1410 1909 in

189 1939 264 2013 ἀπὸ
308 1952 365 2013 zoi·
400 1948 571 2033 μετωπίοο
614 1955 679 2028 ost,
717 1955 750 2014 et
785 1967 859 2014 oum
898 1951 990 2015 homo
1035 1950 1201 2031 tropaeis
1233 1967 1341 2013 oruoes
1364 1947 1411 2011 in-

192 2049 365 2133 τεταμέοοο
391 2045 447 2120 τὸν
479 2051 569 2140 λερό-
635 2053 783 2137 portentis
820 2052 967 2118 munibus
1035 2052 1151 2116 leslina
1178 2053 1241 2115 sint
1269 2057 1411 2135 tropaeo-

192 2175 289 2235 μενον
313 2155 487 2242 μοξιοοῆρα
508 2156 569 2245 φέ-
612 2156 717 2221 Deum
762 2173 842 2239 pure
883 2160 989 2222 mente
1033 2173 1114 2218 rum.
1150 2155 1271 2237 Religio
1295 2154 1410 2218 Romu-

192 2279 271 2340 ραν,
318 2249 362 2320 δι’
407 2244 442 2322 οἷ’
479 2255 499 2346 ἥ
534 2283 570 2324 τε
613 2261 789 2323 veneretur.
826 2257 878 2322 Ilo
900 2259 989 2340 signo
1034 2275 1146 2322 norum
1177 2261 1243 2322 lota
1269 2260 1409 2320 castren-

187 2351 343 2444 γἇναποοή
396 2356 467 2426 ἐστι
522 2367 569 2450 τῷ
613 2361 714 2426 oruois
741 2361 797 2424 aut
826 2362 905 2426 ratio
935 2381 990 2427 na·
1034 2360 1077 2423 sis
1101 2361 1211 2442 signa
1233 2362 1409 2434 veneratur,

193 2457 281 2547 ζῴῳ,
306 2461 360 2527 καὶ
385 2456 476 2529 οὐδὲν
490 2456 569 2532 ἄλλο
613 2463 725 2528 lunulis
758 2463 904 2528 innititur
935 2470 991 2530 out
1034 2461 1142 2543 signu
1177 2461 1274 2538 iurat,
1318 2462 1409 2542 signa

189 2558 355 2629 δείκνυσιν
370 2558 392 2650 ἢ
407 2556 446 2632 τὸ
461 2572 569 2653 σχῆμα
614 2569 718 2632 vestra
746 2566 853 2648 religio
876 2568 990 2636 formu-
1033 2565 1177 2629 omnibus
1200 2565 1267 2629 deis
1282 2583 1409 2647 praepo-

191 2667 248 2729 τοῦ
264 2672 409 2749 σταυροῦ.
428 2669 496 2734 Καὶ
512 2669 569 2736 διὰ
615 2672 677 2734 tur.
1033 2667 1088 2730 nil
1160 2667 1297 2732 Omnes
1347 2666 1408 2729 illi

191 2771 249 2832 τοῦ
305 2767 478 2856 προφήτου
531 2772 568 2838 δὲ

187 2865 312 2956 ἐλέχθη
327 2866 438 2952 αἴτιος·
464 2877 569 2940 Husi-

189 2995 239 3053 μα
275 2965 341 3057 πρὸ
385 2975 569 3062 προσώπου

192 3067 283 3160 ἡμῶν
295 3069 440 3163 Χριστὸς
450 3077 567 3166 κύριος.

237 3179 293 3254 (C)
312 3177 391 3244 Καὶ
415 3173 462 3244 τὰ
478 3173 567 3266 παρ>

191 3272 278 3360 ὑμῖν
316 3279 358 3346 δὲ
391 3278 569 3366 σύμβολα

190 3375 257 3465 τὴν
279 3387 345 3446 τοῦ
369 3381 570 3470 σχήματος

212 3480 352 3548 τούτου
384 3484 548 3570 δύναμιν

188 3583 344 3670 ollone)
388 3585 483 3673 λέγω
527 3567 591 3656 uel

191 3683 238 3750 τὰ
260 3691 338 3753 τῶν
354 3681 569 3776 οὗηξίλλιαν

189 3785 253 3853 καὶ
270 3789 568 3878 τῶντροπαίιον,
594 3841 597 3848 «

187 3882 234 3955 δι’
259 3877 304 3956 ὧν
326 3894 411 3958 αἵτε
427 3892 568 3982 πρόοδοι

191 3987 280 4075 ὑμῶν
289 4002 457 4078 πανταχοῦ
469 3995 570 4083 γίνον-

190 4126 400 4137 --..-

1033 2769 1239 2851 imaginum
1255 2787 1410 2851 sugges·

1034 2875 1096 2937 tus
1119 2871 1327 2956 insignes2)
1343 2891 1409 2936 mo-

1034 2976 1110 3039 nilia
1151 2994 1281 3040 oruoum
1319 2979 1408 3049 sunl;

1034 3079 1160 3161 siphara
1203 3078 1257 3141 illu
1294 3079 1409 3142 vexil-

1032 3181 1160 3245 lorum
1183 3183 1215 3244 et
1236 3182 1409 3244 cantabro-

1035 3305 1107 3345 rum
1144 3284 1242 3348 stolae
1280 3303 1409 3348 oruoum

1033 3389 1117 3452 sunt.
1151 3385 1259 3452 Laudo
1280 3386 1411 3468 diligen-

1033 3489 1121 3553 tiam.
1174 3489 1325 3554 Noluistis
1362 3489 1409 3553 in-

1033 3591 1135 3655 oullus
1161 3594 1194 3655 et
1215 3592 1316 3656 nudas
1340 3612 1409 3656 oru-

1033 3713 1084 3759 oes
1109 3713 1300 3759 oonseorure.

259 4201 279 4266 ¹)
304 4195 394 4264 δηλοῖ·
419 4201 527 4236 *U*
550 4199 655 4272 λλωμεν
677 4209 723 4256 καὶ
747 4205 805 4257 τῶν
828 4210 972 4276 τροπαίων
994 4205 1124 4260 traditum
1151 4213 1193 4261 est
1217 4206 1243 4258 in
1262 4205 1406 4261 codicibus¹

190 4283 297 4339 Multae
320 4301 387 4339 sone
413 4286 446 4340 sd
470 4288 594 4342 lacunam
618 4289 695 4343 illam
719 4293 857 4358 ‘quattuor
880 4291 936 4344 sere
960 4295 1009 4344 sut
1033 4291 1158 4359 qulnque'
1177 4292 1342 4360 syllabarum
1362 4306 1408 4345 ex·

189 4369 317 4437 piendum
337 4372 508 4426 coniecturae
526 4372 617 4428 iactae
636 4380 714 4441 sunt,
739 4389 806 4444 quus
825 4375 992 4430 enumeravit
1012 4375 1079 4431 Otto
1098 4377 1125 4443 (Ι.
1145 4394 1166 4431 c.
1187 4395 1212 4446 p.
1235 4378 1306 4441 152).
1332 4377 1408 4430 cuius

188 4455 345 4509 coniectura
364 4457 581 4524 probabilissima
598 4475 681 4528 supro
698 4460 740 4514 usi
758 4475 858 4515 sumus.

259 4544 280 4606 ⁹)
301 4542 330 4596 F.
351 4541 485 4597 Oehlerus
504 4543 646 4612 adoptavit
663 4545 806 4601 lectionem
826 4545 926 4601 codicis
945 4545 1088 4600 Fuldensis
1106 4548 1142 4602 ‘in
1154 4548 1256 4616 siguis'.
1288 4547 1341 4602 Sed
1355 4565 1407 4603 non

187 4632 244 4692 est,
263 4642 310 4680 cur
328 4643 345 4680 e
363 4629 477 4683 lectione
495 4630 593 4684 codicis
611 4631 782 4699 Agoburdini
800 4631 936 4700 ‘insignes'
954 4632 1118 4687 recedemus.
