3514 5244
960 387 1002 451 ⁷0

361 582 501 648 sacculis
526 580 726 667 duodecimo,
751 581 874 648 decimo
894 581 989 647 tertio
1005 589 1152 665 exeunte,
1175 581 1431 664 decimoquarto
1447 587 1585 664 exarata,

362 710 495 774 quorum
509 690 749 756 vetustIssimus
764 697 814 755 est
828 689 997 772 quaternio
1014 690 1137 756 saeculi
1153 689 1335 755 duodecimi
1350 688 1430 753 Iolla
1449 691 1585 754 116-183
1710 747 1712 772 ,

362 797 557 882 complexus.
604 799 755 880 leguntur
785 797 819 862 in
846 797 887 863 iis
915 805 1044 882 praeter
1074 800 1244 861 I’rocerbio
1271 800 1417 862 rurrronie
1447 795 1587 861 Senecae

362 905 522 990 epistulae
545 905 605 968 Vll
629 908 659 988 6,
683 905 710 968 V
732 909 767 970 11
797 903 885 988 (inde
909 927 929 968 a
953 905 1061 971 verbis
1084 910 1104 985 ξ
1125 907 1159 970 3;
1189 907 1287 970 Neruo
1312 901 1382 992 [sic]
1413 906 1586 969 desererer
1710 1001 1711 1004 Ἴ

362 1012 715 1098 eqqrtaaq‚1112,111
740 1017 768 1098 I,
792 1015 838 1077 lX
863 1017 892 1096 3,
916 1013 983 1096 15,
1007 1013 1087 1076 XIII
1111 1019 1141 1079 3.

451 1120 655 1186 Parisinus
671 1123 771 1187 8543
786 1120 986 1205 (Thuaneus,
996 1125 1071 1205 post
1082 1120 1298 1194 Colbertinus)
1314 1119 1437 1185 formae
1447 1125 1587 1202 quartae,

362 1228 492 1294 saeculo
517 1226 707 1292 duodecimo
732 1227 816 1294 binis
841 1228 997 1294 columnis
1021 1234 1189 1312 exaratus,
1214 1228 1356 1292 continet
1380 1226 1589 1311 epistularum

363 1335 508 1401 Senecae
531 1333 681 1400 volumen
703 1335 793 1419 prius
817 1335 987 1417 integrum.

451 1441 654 1508 Parisinus
670 1445 797 1507 ssr3a
814 1440 1045 1528 (colbertinus)
1061 1442 1184 1509 formae
1198 1449 1342 1526 quartae,
1366 1441 1489 1508 saeculi
1502 1441 1589 1525 XIII,

363 1549 505 1615 continet
519 1549 676 1634 epistulas
692 1549 734 1613 VI
749 1552 769 1616 6
785 1570 887 1632 usque
902 1548 945 1613 ad
959 1549 1038 1613 XIII
1053 1554 1082 1634 3,
1106 1570 1203 1632 quarn
1217 1550 1361 1633 sequitur
1376 1549 1516 1634 cpiStula
1531 1547 1547 1613 I
1561 1551 1589 1614 6.

451 1657 654 1722 Parisinus
698 1660 798 1724 8545
840 1659 1051 1740 (Puteaueus)
1094 1658 1217 1722 formae
1259 1663 1407 1742 quartae,
1444 1656 1590 1722 binarum

363 1765 595 1850 columnarum,
629 1765 750 1830 saeculi
780 1765 860 1829 XIII
892 1766 1038 1832 exeuntis
1070 1767 1122 1832 vel
1150 1766 1226 1831 XIV
1259 1765 1412 1850 ineuntis,
1449 1765 1591 1830 continet

361 1873 533 1939 voluminis
556 1873 673 1958 prioris
698 1873 857 1958 epistulas
881 1893 1002 1940 omnes.

450 1981 654 2046 ParIsinus
670 1983 771 2047 8616
787 1979 986 2062 (Thuaneus,
997 1987 1072 2066 post
1083 1981 1298 2062 Colbertinus)
1309 1981 1432 2046 formae
1447 1988 1591 2064 quartae,

363 2087 485 2154 saeculi
500 2088 588 2172 XIII,
612 2088 754 2154 continet
778 2089 991 2174 epistularum
1014 2089 1114 2154 libros
1137 2089 1262 2173 priores
1287 2087 1443 2154 tredecim
1462 2093 1591 2172 septua-

362 2195 454 2280 ginta
477 2201 602 2260 tantum
626 2195 784 2280 epistulas
809 2198 1004 2281 complexos.

452 2303 656 2369 Parisinus
682 2307 810 2370 15085
840 2303 928 2382 (olim
957 2305 988 2369 S.
1012 2303 1152 2370 Victoris
1183 2306 1263 2386 723)
1296 2303 1418 2368 lormac
1446 2309 1592 2386 quartae,

364 2410 487 2478 saeculi
519 2410 710 2496 duodecimi,
749 2411 891 2477 continet
924 2411 1135 2496 epletularum
1166 2410 1316 2477 volumen
1352 2411 1442 2496 prius
1479 2409 1592 2475 ordine

364 2539 473 2586 earum
487 2519 690 2603 perturbato:
715 2519 850 2605 primam
872 2519 1071 2604 praecedunt
1086 2519 1248 2605 epistulae
1265 2519 1308 2582 VI
1323 2523 1352 2602 6,
1367 2519 1428 2584 VII
1442 2521 1472 2603 3,
1486 2517 1548 2582 VII
1562 2521 1592 2584 4.

452 2626 656 2692 Parisinus
682 2629 807 2693 13948
841 2631 909 2704 (Eu
938 2629 1024 2692 libris
1053 2628 1085 2693 S.
1113 2629 1261 2692 (dennuni
1282 2651 1302 2692 u
1319 2631 1436 2711 pratis}
1470 2625 1593 2692 formae

363 2740 508 2819 quartae,
535 2733 657 2799 saeculi
680 2734 752 2818 XII,
776 2734 918 2799 continet
941 2734 1100 2820 epistulas
1123 2734 1140 2798 I
1165 2737 1181 2800 1
1207 2754 1309 2817 usque
1332 2732 1376 2799 ad
1398 2733 1443 2797 VI
1467 2737 1497 2800 9.

452 2840 818 2926 Moutcpessulauus
856 2842 1013 2908 scholae
1046 2841 1263 2908 medicinae
1300 2842 1329 2906 H
1362 2843 1432 2908 132
1469 2841 1593 2907 formae

364 2949 533 3031 maximae,
557 2947 703 3014 binarum
728 2948 954 3033 columnarum,
979 2950 1102 3016 saeculi
1125 2951 1197 3034 XII,
1221 2950 1363 3016 continet
1381 2949 1594 3042 epistularum

364 3055 513 3122 volumen
544 3055 634 3141 prius
666 3077 769 3140 usque
802 3057 845 3121 ad
877 3057 957 3122 XIII
980 3061 1010 3122 2.
1038 3057 1257 3123 intercedente
1287 3055 1593 3124 benevolentissime

363 3184 422 3249 pro
451 3184 502 3230 me
528 3163 695 3248 Leopoldo
727 3164 850 3230 Delisle
878 3164 962 3230 hunc
990 3164 1134 3230 codicem
1161 3163 1298 3230 Parisiis
1327 3164 1487 3249 inspicere
1515 3163 1593 3228 mihi

363 3271 462 3336 licuit.

455 3397 494 3442 cn
526 3377 627 3443 habes
660 3377 801 3462 amplam
829 3377 975 3444 codicum
1004 3385 1060 3443 aut
1094 3376 1235 3444 noudum
1267 3384 1323 3443 aut
1359 3398 1424 3444 non
1456 3397 1496 3443 ea
1528 3397 1594 3460 qua

364 3507 425 3572 par
448 3491 497 3552 est
521 3484 691 3569 diligentia
722 3487 977 3552 examinatorum
1005 3488 1145 3572 copiam,
1173 3507 1257 3569 quac
1285 3486 1359 3552 aliis
1387 3484 1593 3552 bibliothecis

365 3593 570 3680 perlustratis
599 3593 696 3660 facile
724 3596 837 3678 augeri
864 3595 992 3679 poterit
1039 3615 1233 3678 quamquam
1261 3601 1369 3660 autem
1392 3594 1592 3676 aliquantum

366 3723 424 3767 eas
447 3722 468 3766 a
491 3701 701 3768 vetustiorum
724 3702 927 3788 praestantia
951 3703 1068 3770 abesse
1092 3709 1213 3768 eertum
1237 3709 1301 3786 est,
1328 3707 1437 3768 tamen
1461 3720 1593 3785 sperare

365 3808 442 3875 licet
466 3809 612 3875 excussis
636 3808 676 3875 iis
700 3809 889 3875 tantundem
913 3809 1034 3876 fructus
1049 3809 1094 3875 ad
1108 3809 1319 3896 epistularum
1335 3807 1593 3875 emendationem

366 3915 618 3982 redundaturum
642 3937 724 4002 esse,
753 3924 907 4001 quantum
930 3939 970 3983 cx
994 3917 1159 3984 codicibus
1183 3916 1328 3984 eiusdem
1352 3915 1471 3982 aetatIs
1495 3935 1593 3999 supra

366 4024 515 4089 tractatis
537 4025 747 4110 percepimus,
771 4025 935 4108 librosque
959 4024 1089 4091 saeculo
1105 4025 1185 4090 XIII
1201 4023 1396 4092 recentiores
1415 4021 1591 4107 aliquando

367 4131 527 4198 abiectum
550 4132 648 4215 iriiss).

458 4299 494 4372 ⁶⁸)
513 4303 615 4358 Haasio
628 4303 692 4373 (vol.
703 4305 742 4359 Ill
756 4305 840 4374 praef.
856 4324 882 4374 p.
897 4305 946 4374 IX)
962 4305 1113 4360 Vaticanus
1124 4305 1243 4360 Urbinas
1258 4305 1309 4359 219
1324 4304 1426 4358 saeculi
1436 4303 1495 4370 XV,
1511 4321 1591 4373 quem

367 4392 510 4448 Fickerlus
533 4397 601 4448 nota
619 4411 632 4444 o
652 4394 806 4464 significare
829 4395 906 4460 solet,
931 4397 990 4450 tam
1014 4396 1100 4449 bonus
1123 4395 1197 4448 visus
1221 4398 1270 4460 cst,
1294 4397 1326 4448 ut
1350 4411 1412 4448 curn
1436 4413 1498 4448 cum
1523 4393 1591 4448 Pr.b

367 4487 548 4553 componeret.
