3514 5244
931 382 973 446 ‘20
1032 473 1056 478 ..

846 471 878 478 -n-
891 473 897 476 .

337 595 522 640 communes
551 583 635 642 sunt.
683 593 764 658 quas
792 595 856 640 lion
888 575 922 639 in
948 574 978 641 N
1007 575 1110 660 prImo
1140 583 1228 641 ortas
1257 595 1330 642 esse
1362 575 1440 641 inde
1468 584 1577 660 patet,

337 682 424 766 quod
457 682 536 747 nihil
564 703 642 750 casu
671 682 705 747 in
734 702 772 748 eo
796 681 906 767 periit,
935 702 1039 765 neque
1064 682 1129 747 ullo
1158 682 1230 748 loco
1255 684 1426 765 quicquam
1451 683 1577 749 deesse

338 789 514 854 indicatum
539 789 648 870 est.¹⁶)

430 932 494 996 iarn
517 952 594 998 vero
617 952 814 1016 magnopere
839 931 1011 997 dolendum
1036 939 1094 1016 est,
1118 932 1205 1016 quod
1227 932 1380 998 librorum
1408 931 1450 998 de
1472 933 1578 998 bene-

339 1039 422 1106 ficiis
446 1039 553 1104 nullus
577 1038 680 1104 codex
702 1038 841 1103 innotuit
865 1039 996 1104 saeculo
1020 1039 1096 1103 XIV
1119 1039 1286 1124 vetustior,
1315 1039 1370 1122 qui
1394 1059 1433 1104 ex
1458 1040 1578 1104 arebe-

340 1155 419 1233 typo
443 1147 484 1211 ab
509 1166 556 1232 eo,
581 1167 621 1211 ex
647 1166 710 1230 quo
724 1147 754 1212 N
768 1145 869 1224 fluxit,
894 1145 1027 1210 multum
1047 1145 1176 1212 diverso
1196 1145 1362 1212 derivatus
1383 1146 1432 1214 sit.
1457 1157 1580 1211 eontra

340 1255 493 1320 librorum
508 1254 549 1319 de
565 1253 736 1320 clementia
751 1253 909 1319 codices
922 1253 1093 1319 Parisini
1110 1257 1245 1320 844241
1261 1257 1358 1336 8615,
1375 1274 1456 1337 quos
1472 1275 1580 1338 snpra

341 1361 517 1426 memoravi
538 1361 668 1425 saeculo
685 1359 765 1424 XIII
783 1361 909 1425 exarati
934 1368 1007 1426 sunt
1022 1381 1127 1444 neque
1151 1360 1226 1424 dum
1241 1368 1290 1426 tot
1302 1360 1583 1445 interpolationes

341 1467 432 1553 passi
461 1476 538 1550 quot
565 1467 638 1532 libri
668 1467 873 1534 recentiores.
930 1467 1191 1534 Mediolanenses
1226 1474 1332 1533 autem
1365 1467 1582 1532 Ambrosiani

340 1575 371 1640 D
398 1577 438 1641 13
461 1575 517 1642 ini.
543 1581 575 1639 et
602 1573 655 1639 132
680 1594 749 1659 sup.
776 1573 815 1652 (O
840 1581 872 1639 et
895 1573 925 1638 D
949 1573 1037 1659 apud
1060 1573 1261 1660 Fickertnnr)
1284 1595 1348 1640 non
1372 1575 1515 1656 saeculo,
1540 1582 1584 1638 nt

339 1683 395 1747 ille
419 1682 525 1766 refert,
548 1680 612 1745 XII
635 1687 691 1746 aut
714 1680 924 1766 XIII—XIV,
950 1680 1009 1746 sed,
1032 1681 1108 1745 XIV
1134 1682 1245 1767 scripti
1270 1693 1344 1747 snnt
1366 1689 1513 1765 uterque.

430 1826 565 1892 alterius
587 1845 665 1889 vero
689 1823 834 1890 codicum
860 1823 976 1890 elassis
1001 1824 1044 1888 ad
1064 1823 1094 1890 N
1118 1824 1303 1890 accedentis
1326 1845 1430 1908 neque
1463 1831 1583 1890 tamen

343 1955 382 1999 ex
407 1953 445 1998 eo
469 1933 541 2018 ipso
565 1931 737 2016 pendentls
761 1931 826 1996 iam
850 1931 1031 1996 Gronovius
1062 1938 1094 1995 et
1116 1930 1288 1998 Fickertus
1316 1933 1365 1998 usi
1391 1939 1465 1998 sunt
1488 1931 1584 1996 libro

342 2039 691 2122 Rottendorliano,
726 2059 810 2104 nunc
841 2037 1096 2122 Guelferbytano
1130 2038 1304 2105 (144214
1332 2039 1455 2120 (Eberti
1486 2043 1587 2120 iili),

343 2169 436 2232 quem
462 2147 592 2214 saeculo
611 2147 675 2212 XII
690 2146 860 2211 Fickertus
884 2145 1003 2211 tribuit.
1049 2145 1124 2210 huic
1143 2145 1297 2212 simillimi
1313 2154 1386 2212 sunt
1400 2146 1584 2212 Parisini

343 2258 430 2322 6382
459 2263 491 2319 41
524 2257 611 2319 6383
642 2253 765 2320 saeculi
797 2252 877 2318 XIII
910 2261 1053 2336 uterque,
1087 2273 1221 2336 quorum
1253 2253 1336 2318 alter
1367 2273 1388 2318 a
1420 2252 1585 2318 Fielrerto

343 2363 509 2446 inspectus
533 2369 657 2426 tantum
682 2367 740 2444 est,
764 2360 847 2424 alter
870 2359 903 2424 in
921 2360 990 2425 eius
1007 2359 1155 2424 notitiam
1168 2380 1233 2426 non
1248 2361 1344 2442 venit,
1368 2359 1585 2425 Sorbonici

344 2473 409 2536 354
434 2469 557 2534 saeculi
571 2467 652 2532 XIII
676 2475 708 2532 et
734 2471 818 2534 1586
844 2466 968 2532 saeculi
982 2467 1046 2534 XII
1068 2487 1153 2532 nunc
1177 2467 1295 2552 stipsi
1319 2467 1353 2532 in
1377 2465 1588 2532 bibliotheca

345 2575 502 2642 nationali
543 2573 721 2658 asservati,
767 2573 1056 2640 Laurentianus
1088 2573 1225 2638 LXXVI
1261 2575 1304 2642 36
1341 2573 1463 2640 saeculi
1501 2573 1589 2658 ΧΠ,

344 2684 427 2748 Mon
438 2683 592 2748 acensIs
608 2684 695 2747 2544
710 2681 799 2759 (olim
814 2680 1099 2766 Alderspacensis)
1124 2681 1246 2747 saeculi
1261 2681 1458 2764 XII-XIII,
1483 2681 1586 2747 cuins

345 2790 522 2876 scripturas
545 2789 582 2854 Α.
596 2788 790 2855 Weidnerus
814 2787 947 2874 protulit
970 2788 1003 2853 in
1024 2796 1263 2873 programmate
1287 2787 1449 2874 gymnasii
1462 2787 1586 2853 Fride-

345 2897 402 2962 riei
436 2895 588 2962 Guilelmi
619 2894 821 2962 Coloniensis
854 2895 930 2959 anni
962 2897 1047 2961 1864
1074 2916 1105 2980 p.
1129 2897 1172 2960 23
1197 2915 1244 2978 sq.
1292 2895 1346 2978 qui
1379 2914 1588 2978 quamquam

345 3024 419 3069 raro
444 3023 544 3068 novas
568 3002 725 3068 lectiones
750 3001 1018 3088 suppeditant‚¹⁷)
1043 3001 1175 3086 saepius
1191 3002 1342 3066 librorum
1360 3002 1584 3066 recentiorum

348 3119 404 3176 aut
427 3130 577 3175 manuum
593 3109 769 3176 Nazariani
794 3108 1030 3174 correctrioium
1050 3109 1227 3193 scripturas
1244 3109 1441 3192 confirmant,
1465 3108 1584 3191 utique

346 3216 390 3282 ad
415 3217 588 3284 editIonem
612 3217 708 3302 pleno
733 3223 895 3301 apparatu
919 3214 1109 3281 instructam
1133 3213 1309 3280 adhibendi
1334 3223 1434 3281 erunt.

408 3477 411 3483 '
440 3465 474 3530 ¹⁰)
494 3484 627 3536 magnam
646 3466 725 3520 illurn
741 3467 876 3530 lacunam,
897 3483 953 3533 qua
970 3465 1059 3520 maior
1077 3483 1140 3534 pars
1159 3465 1223 3518 libri
1242 3467 1353 3520 secundi
1372 3466 1405 3520 de
1428 3467 1586 3522 clementia

347 3559 376 3608 41
395 3556 495 3609 tertius
515 3559 590 3608 totus
613 3555 715 3608 hausta
734 3559 798 3608 sunt
822 3557 857 3618 (v.
877 3554 911 3608 de
929 3555 1006 3608 clem.
1027 3555 1047 3606 I.
1067 3555 1091 3617 3,
1113 3557 1127 3607 7
1152 3559 1181 3608 41
1199 3573 1270 3623 quac
1289 3555 1400 3624 exposui
1415 3555 1444 3608 in
1459 3557 1587 3611 Hermae

351 3643 404 3696 vol.
424 3644 502 3696 XVII
522 3662 549 3712 p.
564 3645 616 3697 369
635 3645 748 3710 441116),
768 3661 823 3698 non
842 3644 872 3696 in
885 3643 1042 3698 Nazariano
1060 3643 1149 3712 prinro
1168 3648 1257 3698 ortam
1276 3661 1333 3698 esse
1352 3645 1412 3714 ipsa
1434 3643 1492 3698 eins
1516 3647 1586 3700 sub-

349 3733 463 3801 scriptio
482 3733 611 3798 ostendit,
631 3737 764 3800 tanquam
789 3733 860 3786 nihil
885 3733 998 3797 deesset,
1023 3733 1127 3786 addita.
1169 3735 1257 3802 partis
1280 3734 1397 3810 amissae
1420 3733 1588 3803 fragmenta

350 3822 424 3890 apud
439 3821 630 3875 Hildebertum
645 3821 876 3876 Cenomanensem
891 3839 1029 3890 superesse
1048 3822 1155 3876 ostendi
1171 3825 1400 3891 Disquisilioaum
1415 3827 1447 3877 dc
1466 3825 1587 3879 Senecae

348 3913 402 3975 tilii
421 3914 533 3978 scriptis
552 3915 711 3964 criticorum
728 3911 913 3964 Vratislaviae
933 3929 1005 3964 anno
1026 3913 1093 3964 lssc
1113 3911 1274 3965 emissarum
1292 3913 1384 3981 capite
1398 3913 1433 3966 II.
1456 3917 1586 3968 ceterum

350 4001 450 4052 mirum
471 4004 519 4063 est,
540 3999 613 4067 quod
632 4000 714 4054 codex
739 4001 852 4068 quidam
876 4000 906 4054 ln
930 4001 1112 4055 bibliothecae
1136 4001 1333 4070 Pompusianae
1356 4003 1484 4071 catalogo
1512 4005 1585 4058 anni

353 4089 421 4142 1033
442 4093 607 4143 memoratus
622 4093 730 4158 praeter
749 4089 806 4144 alia
819 4090 937 4144 Senecae
957 4089 1060 4158 scripta
1075 4090 1144 4144 solos
1163 4090 1246 4144 libros
1261 4089 1408 4146 secundum
1425 4095 1453 4146 et
1463 4093 1586 4146 tertium

351 4178 384 4230 de
409 4178 557 4232 clementia
580 4179 747 4233 continuisse
771 4180 939 4248 perhibetur.
977 4198 1003 4232 v.
1027 4180 1059 4233 G.
1085 4179 1188 4233 Becker
1213 4182 1338 4249 Catulopi
1360 4183 1584 4236 bibliothecarum

268 4261 273 4268 ’
353 4271 462 4335 ‹ratiqui
480 4286 520 4320 nr.
541 4269 583 4332 70,
598 4269 644 4322 26:
664 4269 730 4321 liber
748 4271 865 4322 ciusdem
884 4271 920 4321 ad
940 4271 1070 4323 Neronem
1089 4271 1121 4323 ric
1138 4271 1275 4322 clementia
1294 4271 1338 4322 lib.
1358 4272 1395 4325 ΙΙ
1406 4279 1430 4323 ct
1449 4272 1508 4324 ΙΙΙ.

446 4373 480 4440 ¹³}
500 4376 576 4428 velut
595 4375 797 4430 Laurentianus
816 4375 926 4428 LXXVI
946 4377 980 4428 36
999 4375 1032 4430 de
1050 4376 1139 4430 benef.
1159 4375 1212 4429 VH
1236 4377 1278 4440 30,
1304 4379 1317 4429 1
1342 4393 1391 4445 pro
1409 4380 1587 4446 explicari

352 4465 465 4532 praebet
483 4468 675 4532 explicaaii
695 4465 753 4518 sine
772 4465 855 4518 dubio
874 4465 1083 4533 praeferendum
1102 4465 1218 4534 vulgato
1237 4467 1372 4534 explicari
1387 4471 1488 4535 poluit,
1509 4469 1589 4536 qnod

353 4553 492 4624 lluuptius
511 4571 620 4622 quoqne
639 4554 765 4622 quamvis
789 4555 858 4608 bene
882 4553 1049 4608 sententiam
1069 4558 1209 4608 assecutus
1227 4554 1269 4610 iia
1287 4555 1415 4620 retinuit,
1440 4560 1474 4611 41
1497 4561 1593 4627 capli-

352 4648 413 4697 caru'
429 4648 583 4713 pertinacia
598 4648 689 4712 poluit
708 4647 833 4698 vlolcniia
853 4644 990 4698 scriberet.
