3568 5238
817 423 858 484 85

220 641 401 705 auctoribus
424 660 486 706 non
509 647 636 724 peracte
659 647 758 717 esset3
793 641 907 709 deinde
928 645 1109 722 Manilium,
1141 645 1317 710 maiestatis
1339 665 1441 722 reum,

219 742 306 826 prius
329 743 480 810 iudicium
503 764 568 827 per
591 763 794 828 operarum
817 747 934 811 duces
957 747 1143 822 turbavisse,
1163 747 1261 813 altero
1278 749 1442 814 absentem

221 845 466 912 condemnatum
489 865 567 912 esse.
617 847 775 912 Nimirum
797 847 831 912 L.
854 848 1030 913 Domitium
1052 848 1085 914 C.
1110 848 1240 914 Manilio
1263 869 1326 915 non
1348 852 1444 915 maie·

221 947 313 1012 statis
341 967 408 1024 reo,
443 950 498 1014 sed
532 951 635 1032 legem
669 951 707 1014 de
735 951 950 1016 libertinorum
979 949 1136 1034 suffragiis
1165 952 1313 1034 ferenti¹l
1337 954 1445 1018 adrer-

220 1053 326 1115 satnm
341 1070 411 1116 esse
426 1055 458 1116 et
472 1053 607 1118 Baebius
630 1054 663 1116 et
682 1053 817 1118 Johnius
833 1054 1035 1130 contendunt,
1058 1073 1131 1118 oum
1153 1055 1357 1120 scholiastam
1383 1056 1444 1120 Bo·

221 1154 364 1218 biensem
385 1173 436 1220 res
458 1154 541 1220 inter
563 1175 596 1220 se
620 1155 798 1220 confudisse
819 1159 904 1221 recte
927 1159 1080 1221 statuant.

306 1257 373 1339 Ego
390 1277 461 1323 vero
477 1277 516 1322 ne
531 1257 638 1322 Johnii
652 1259 780 1341 quidem
795 1260 940 1343 opinioni,
964 1277 1158 1341 quamquam
1171 1260 1373 1340 sagacissime
1397 1264 1446 1325 est

221 1360 404 1442 excogitata,
427 1361 612 1443 adstipulari
627 1380 765 1444 possum.
804 1361 1003 1444 Quicumque
1025 1362 1110 1426 enim
1132 1361 1165 1424 in
1187 1362 1247 1426 hac
1263 1363 1444 1443 quaestione

220 1459 336 1526 versati
358 1465 442 1538 sunt,
465 1481 574 1528 omnes
590 1464 715 1528 Asconii
738 1466 833 1528 verba
856 1466 897 1546 (p.
922 1465 971 1542 53,
994 1466 1024 1525 2.
1048 1465 1080 1544 3)
1113 1462 1288 1540 Manilius,
1324 1465 1376 1546 qui
1399 1466 1445 1529 iu·

222 1563 338 1629 dicium
372 1583 427 1648 per
454 1585 622 1649 operarum
650 1566 744 1630 duces
773 1567 964 1631 turbaverat'
993 1585 1107 1649 parum
1134 1569 1220 1630 recte
1249 1567 1445 1650 interpretati

225 1683 293 1730 esse
322 1667 401 1730 mibi
424 1667 585 1742 videntum
618 1687 693 1732 uam
721 1669 800 1733 haec
827 1670 866 1733 ad
896 1670 983 1752 prius
1011 1668 1147 1734 Cornelii
1176 1668 1327 1733 iudicium
1359 1671 1444 1752 (Asc.

220 1787 251 1850 p.
275 1769 324 1844 52,
349 1770 490 1852 12-27)
513 1772 686 1836 revocanda
714 1789 781 1836 esse
816 1771 990 1854 arbitror2),
1026 1771 1181 1853 siquidem
1216 1775 1445 1836 commentator

221 1870 260 1935 de
283 1871 342 1936 boc
364 1873 431 1956 ipso
454 1873 568 1938 indicio
586 1874 725 1938 scribens
739 1873 840 1938 isdem
856 1873 959 1938 verbis
983 1875 1082 1938 utitur
1104 1894 1133 1957 p.
1160 1875 1209 1951 52,
1234 1875 1275 1936 le
1304 1873 1447 1938 ‘circum-

221 1974 306 2038 venti
329 1977 404 2038 sunt
427 1978 499 2040 ante
515 1976 654 2041 tribunal
676 1977 743 2040 eius
759 1978 957 2040 accusatores
985 1994 1005 2039 a
1026 1977 1129 2040 notis
1152 1993 1356 2060 operarum
1385 1976 1446 2040 du·

220 2076 387 2152 oibus'³),
412 2078 523 2142 deinde
550 2078 609 2143 nisi
629 2079 681 2143 hic
696 2079 846 2142 Manilius
868 2079 954 2161 prius
970 2078 1123 2143 iudicium
1142 2077 1367 2144 Cornelianum
1389 2078 1447 2141 im·

220 2178 406 2260 pedivisset,
446 2179 624 2246 Cominium
647 2182 701 2246 illo
727 2183 935 2246 condemnato
973 2201 1007 2246 se
1047 2183 1241 2247 remeavisse
1275 2179 1447 2244 scholiasta

221 2287 264 2363 (p.
285 2283 336 2356 53,
357 2283 388 2360 5)
411 2283 498 2346 nullo
520 2286 612 2366 pacto
635 2283 770 2348 scribere
785 2284 906 2367 potuit;
942 2284 1075 2366 denique
1099 2285 1125 2348 si
1148 2303 1198 2350 res
1222 2284 1314 2348 aliter
1336 2301 1369 2346 se
1391 2282 1448 2345 ha-

219 2383 316 2460 beret,
341 2384 423 2466 quod
446 2384 595 2450 Manilius
617 2387 650 2450 in
674 2387 772 2451 altero
794 2386 909 2452 iudicio
932 2387 1071 2452 Cornelii
1093 2391 1159 2450 tam
1182 2403 1274 2468 saepe
1297 2385 1440 2450 nomina-

220 2484 322 2574 batur,
344 2505 394 2550 res
418 2490 503 2552 esset
526 2489 728 2554 alienissima.

303 2588 434 2669 Quoties
457 2591 541 2655 enim
567 2590 675 2656 Cicero
697 2591 864 2657 Manilium
886 2593 919 2656 in
942 2591 1123 2656 defensione
1146 2595 1273 2674 tangat,
1299 2610 1336 2656 ex
1361 2589 1447 2672 frag·

224 2691 339 2754 mentis
363 2691 482 2756 affatim
505 2698 648 2777 apparet3
682 2694 869 2759 locantem
900 2697 1056 2758 oratorem
1080 2712 1255 2776 numquam
1289 2693 1447 2758 facturum

223 2790 321 2856 fuisse
343 2795 403 2857 nisi
426 2797 570 2860 coactum
597 2815 616 2860 a
643 2796 783 2862 Cominio
806 2800 995 2874 accusatore,
1019 2797 1073 2878 qui
1095 2796 1260 2860 Manilium
1282 2795 1448 2860 vehemen-

224 2893 344 2958 tissime
367 2913 532 2978 aggressus
549 2900 668 2962 socium
684 2899 818 2964 Cornelii
841 2900 1099 2982 descripsisseti),
1121 2901 1367 2963 consentaneum
1389 2900 1446 2961 est.

310 2995 475 3062 Manilium
503 3001 614 3082 igitur,
647 3001 760 3084 qnippe
786 3003 853 3083 qui,
881 3021 920 3066 ne
954 3019 1050 3066 causa
1079 3001 1266 3066 Corneliana
1292 3003 1446 3082 ageretur,

224 3100 363 3164 tumultu
385 3100 546 3180 effecisset,
568 3103 601 3166 in
627 3122 663 3168 eo
685 3103 806 3181 iudicio,
830 3123 890 3186 quo
914 3104 1027 3168 absens
1052 3103 1280 3168 condemnatus
1303 3106 1362 3179 est,
1384 3120 1447 3167 non

223 3203 478 3284 repetundarum,
517 3205 572 3270 sed
595 3207 769 3270 maiestatis
808 3225 898 3270 reum
938 3206 1035 3270 luisse
1071 3206 1134 3269 iam
1178 3224 1271 3269 nemo
1306 3205 1445 3286 negabit.

224 3303 312 3381 Quod
336 3309 442 3372 autem
467 3307 507 3372 ad
529 3308 741 3373 disturbatum
764 3308 914 3373 iudicium
933 3308 1187 3371 Manilianum
1209 3308 1332 3384 attinet,
1356 3309 1445 3372 cuius

224 3409 369 3471 meminit
382 3411 536 3476 Asconius
558 3432 589 3495 p.
607 3413 657 3488 58,
681 3413 709 3488 l,
730 3411 798 3488 hoc,
822 3411 969 3493 quoniam
990 3410 1140 3475 Manilius
1162 3428 1302 3486 causam,
1325 3411 1358 3472 in
1385 3429 1447 3492 qua

224 3510 398 3576 maiestatis
422 3531 494 3578 reus
518 3519 592 3591 erat,
614 3514 739 3579 omnino
761 3533 823 3578 non
846 3514 1133 3578 disturbaverat-
1157 3513 1212 3577 sed
1235 3514 1349 3577 absens
1373 3532 1448 3576 con-

224 3612 390 3678 demnatus
413 3619 482 3680 erat
512 3653 559 3692 -,
582 3619 621 3681 ad
649 3618 728 3680 nibil
759 3617 844 3680 aliud
873 3619 1014 3700 spectare
1042 3618 1146 3698 potest
1172 3615 1233 3679 nisi
1257 3615 1296 3679 ad
1320 3633 1448 3680 accusa-

224 3715 340 3781 tionem
368 3720 621 3801 repetundarum.
665 3720 733 3785 Hoc
762 3721 827 3784 iam
848 3719 988 3802 Langius
1016 3718 1050 3800 (l.
1073 3719 1114 3800 e.)
1137 3718 1302 3801 perspexit,
1333 3717 1447 3798 sedeo

224 3820 350 3884 nomine
373 3823 504 3899 erravit,
528 3824 611 3904 quod
634 3823 730 3888 etiam
753 3841 799 3896 ea,
824 3840 904 3904 quae
928 3821 1010 3904 apud
1034 3822 1206 3885 Asconium
1229 3841 1259 3904 p.
1283 3822 1339 3896 53,
1364 3823 1446 3882 1-5

223 3920 380 4002 leguntur,
404 3923 442 3987 ad
465 3925 597 3990 eandem
620 3945 749 3990 causam
764 3923 927 3988 referebat.
962 3925 1009 3988 Ao
1024 3925 1180 3988 sententia
1194 3941 1266 3987 mea
1289 3923 1356 3988 aliis
1372 3943 1448 4005 quo·

225 4041 285 4104 que
307 4026 479 4091 rationibus
495 4029 741 4092 commendatur.
787 4027 921 4102 Etenim,
945 4044 1018 4090 cum
1041 4027 1195 4090 Asconius
1211 4029 1334 4109 praeter
1351 4045 1447 4090 unam

224 4145 352 4192 causam
376 4131 550 4195 maiestatis
573 4134 673 4196 solam
697 4131 941 4214 repetundarum
965 4131 1199 4194 accusationem
1223 4135 1446 4196 commemoret

295 4333 368 4392 ι151.
387 4335 452 4388 Asc
465 4351 491 4406 p.
510 4335 553 4401 39,
570 4335 683 4398 26-40,
702 4335 727 4390 7.

293 4420 313 4480 ²)
333 4417 416 4474 Solus
435 4419 510 4476 Beck
537 4423 575 4491 (p.
593 4423 635 4477 24.
654 4421 698 4486 26)
723 4419 776 4474 hoe
802 4419 945 4491 persensit.

293 4507 314 4564 ³)
334 4503 430 4560 Cicero
452 4523 561 4578 quoque
582 4511 737 4578 ‘operarum
756 4505 849 4562 duoea’
867 4505 1106 4570 commemorarit;
1133 4504 1167 4559 of.
1186 4504 1242 4558 Cic.
1261 4519 1310 4571 pro
1328 4503 1410 4558 Oorn.
1431 4502 1445 4556 Ι

224 4586 256 4642 fr.
276 4589 311 4644 15
327 4607 354 4661 p.
372 4591 424 4645 244
441 4592 483 4646 ed.
502 4593 533 4648 Ο.
553 4593 585 4648 F.
605 4593 650 4647 W.
669 4591 788 4648 Mueller
806 4592 849 4646 lV
867 4594 894 4648 3.

293 4679 315 4740 ⁴)
333 4676 367 4730 ef.
386 4679 523 4750 imprimis
541 4679 700 4734 Ciceronem
720 4677 795 4750 apud
813 4680 877 4732 Aac.
897 4695 924 4748 p.
942 4679 984 4744 55,
1002 4679 1037 4733 25
1055 4695 1112 4748 sqq.
