3514 5244
949 413 992 477 68

357 603 410 668 bio
438 603 528 690 liber,
561 604 617 687 qui
644 624 717 670 raro
745 623 766 668 6
794 605 946 671 Fickerto
973 613 1169 672 memoratur
1196 625 1301 688 neque
1330 605 1412 672 satis
1435 612 1584 672 accurate

359 710 558 796 describitur,
581 732 700 797 passus
724 718 782 780 est.
821 733 896 778 nam
918 712 1056 798 perditis
1079 712 1192 798 primis
1216 711 1303 778 loliis
1328 713 1441 799 incipit
1460 712 1585 778 demum

358 819 399 884 ab
423 818 583 904 epistulae
606 819 622 882 I
648 822 697 904 12,
721 822 741 886 6
769 819 877 888 verbis
905 819 970 886 bis:
1004 824 1064 886 istc
1091 829 1154 886 tom
1181 823 1248 886 seui
1275 829 1346 886 cate
1373 823 1475 887 666166
1503 822 1587 886 debet

358 950 432 992 esse.
478 935 650 1012 praeterea
684 947 792 993 eorum
826 949 952 1013 quoqne
986 928 1141 996 tredecim
1173 927 1330 1014 loliorum,
1369 949 1452 1012 quae
1489 927 1585 992 bodie

357 1034 461 1119 prima
498 1042 580 1120 sunt,
617 1042 727 1120 partes
764 1035 891 1102 mediae
927 1035 1060 1101 madore
1098 1055 1254 1122 aspersae
1292 1055 1391 1120 aegre
1427 1037 1586 1119 legrmtur.

358 1140 478 1208 desinit
500 1150 635 1226 uterque
658 1142 761 1208 codex
785 1143 819 1209 in
841 1144 892 1209 his
915 1145 1023 1210 verbis
1048 1144 1208 1228 epistulae
1230 1143 1279 1208 XI
1302 1145 1331 1228 3,
1359 1145 1414 1208 19:
1438 1147 1483 1208 sic
1504 1145 1587 1208 molo

356 1252 410 1316 illo
437 1252 613 1316 credideris.
645 1251 793 1337 plurimis
822 1252 1124 1336 interpolationibus
1151 1251 1211 1318 bos
1239 1251 1339 1317 libros
1368 1257 1493 1317 scatere
1521 1251 1585 1316 iam

358 1379 457 1445 supra
481 1359 616 1444 exposui
639 1379 744 1442 neque
766 1360 987 1426 necessarium
1012 1366 1061 1425 est
1083 1361 1178 1445 plura
1202 1359 1360 1444 exempla,
1389 1379 1474 1441 quae
1497 1358 1586 1424 facili

358 1485 458 1551 opera
490 1487 530 1532 ex
562 1466 707 1532 Fickerti
740 1467 1002 1534 adnotationibus
1035 1467 1103 1552 peti
1135 1473 1280 1552 possunt,
1315 1466 1369 1532 hic
1401 1486 1585 1549 congerere.

356 1594 489 1660 prorsus
512 1581 621 1639 tamen
643 1596 685 1641 ne
707 1575 767 1640 hos
792 1573 920 1659 quidem
935 1575 1035 1641 libros
1049 1576 1224 1659 neglegere
1239 1573 1359 1639 licebit.
1392 1573 1587 1640 nemetiam

357 1683 390 1746 in
418 1682 469 1748 bis
500 1682 648 1748 sordibus
678 1681 858 1766 gemmulae
887 1681 1048 1766 quaedam
1071 1681 1187 1748 latent:
1216 1682 1232 1746 I
1256 1685 1285 1766 5,
1309 1681 1418 1746 41616
1440 1681 1475 1746 in
1497 1687 1585 1746 1616-

358 1789 510 1856 6116616116
527 1789 723 1856 editionibus
739 1790 871 1873 legItur:
896 1793 971 1856 cibis
983 1813 1046 1855 1166
1061 1799 1178 1856 lautum
1192 1791 1299 1854 vittas
1312 1793 1367 1870 uti,
1386 1791 1440 1854 sed
1456 1793 1588 1854 taetris

358 1900 550 1962 6116616111.
589 1905 624 1962 at
647 1897 759 1983 optimi
782 1898 856 1963 libri
879 1899 933 1984 Pp
957 1898 983 1962 F
1008 1917 1030 1981 g
1052 1899 1135 1964 Pr.b
1158 1896 1190 1961 Ill
1213 1897 1255 1961 W
1276 1897 1362 1962 male
1384 1896 1505 1962 habent
1527 1917 1586 1982 pro

358 2009 490 2070 taetris
512 2004 709 2071 adiectivum
731 2009 856 2088 certis,
885 2005 918 2070 in
943 2005 1017 2072 aliis
1042 2012 1092 2071 est
1114 2007 1253 2086 crudis,
1278 2004 1312 2069 in
1334 2005 1360 2068 B
1385 2003 1455 2070 solo
1479 2007 1588 2068 tetris

357 2121 390 2177 ct
412 2115 576 2178 sordidis
599 2115 793 2196 6116611116,
823 2113 856 2177 in
882 2113 997 2197 quibus
1026 2113 1218 2178 vocabulum
1241 2114 1375 2178 sordidis
1399 2133 1439 2178 en
1463 2111 1587 2195 glosse-

356 2225 443 2285 mate
458 2219 502 2284 ad
516 2225 601 2286 tetris
616 2219 780 2306 adscripto
795 2221 827 2285 in
843 2221 1020 2286 orationem
1036 2220 1207 2305 irrepsisse
1222 2219 1318 2285 facilc
1333 2219 1536 2304 perspicitur.
1547 2257 1582 2266 -

359 2330 434 2412 12,7
442 2328 714 2394 oodexti—nam
725 2328 852 2394 deBex
862 2328 1005 2394 Fickerti
1015 2328 1143 2394 silentio
1154 2327 1307 2393 nonsatis
1317 2326 1394 2391 mibi
1405 2333 1588 2392 constat-

356 2435 513 2501 Heracliti
538 2457 715 2521 cognomen
738 2440 906 2502 scoticos
930 2435 1081 2502 servavit.
1099 2473 1140 2482 -
1155 2435 1260 2518 11Ι14,
1277 2437 1319 2501 25
1339 2433 1426 2500 idem
1444 2434 1469 2498 Θ
1488 2435 1589 2500 verba

356 2565 461 2628 qucum
483 2547 669 2609 1661116661
691 2545 725 2609 16
747 2545 800 2629 Pp
825 2543 954 2629 omissa,
979 2543 1039 2609 sed
1060 2542 1179 2608 iniuria
1202 2542 1389 2608 6116116116
1414 2549 1446 2606 61
1460 2541 1587 2609 Haasio

357 2652 493 2738 expulsa
507 2651 664 2738 habet⁶⁶).
687 2672 791 2736 neque
807 2651 892 2718 enim
908 2651 974 2717 ullo
991 2650 1085 2716 modo
1101 2671 1141 2716 ea
1161 2649 1277 2716 deesse
1291 2670 1390 2734 posse
1406 2649 1587 2735 intelleges,

358 2760 386 2826 si
410 2781 481 2826 curn
505 2761 663 2828 similibus
692 2781 776 2845 quae
802 2759 1002 2847 praecedunt
1031 2767 1063 2825 et
1091 2765 1267 2844 sequuntur
1299 2759 1475 2826 enuntiatis
1502 2779 1587 2825 corn·

356 2869 533 2952 paraveris.
560 2906 598 2915 —
623 2869 686 2933 VII
701 2872 731 2954 6,
758 2870 798 2934 13
823 2870 856 2933 16
878 2867 903 2931 Θ
928 2868 996 2934 6616
1021 2875 1072 2933 661
1095 2869 1339 2951 desperauerit,
1364 2867 1396 2932 in
1420 2866 1534 2951 Argb
1557 2873 1588 2932 et

356 2975 401 3041 La
437 2979 677 3060 dispumuait,
710 2975 745 3040 in
777 2974 910 3060 reliquis
943 2978 1160 3060 disputabit.
1186 3012 1229 3019 —
1252 2973 1330 3039 VIII
1353 2979 1383 3054 2,
1413 2977 1456 3040 25
1489 2973 1588 3058 solus,

357 3082 444 3165 quod
467 3083 576 3168 sciam,
599 3084 626 3148 B
650 3092 738 3149 recte
761 3082 873 3148 habet:
903 3087 954 3167 qai
976 3105 1071 3167 supro
1088 3088 1253 3166 fortunam
1276 3085 1447 3164 assistat,
1471 3081 1588 3166 reliqui

358 3209 484 3256 omnes:
512 3195 564 3276 qui
585 3214 610 3256 s.
628 3197 658 3275 s.
684 3199 793 3256 estat.

144 3287 342 3394 {gfflffi
446 3299 511 3363 iam
543 3318 620 3364 vero
653 3303 809 3383 superest,
846 3304 882 3363 ut
912 3296 1066 3362 librorum
1102 3297 1418 3363 membranaceornm
1455 3297 1585 3364 saeculo

144 3416 342 3458 nondumeoflsfl·
357 3403 482 3471 decimo
515 3413 629 3490 quarto
661 3405 883 3489 vetustiorum,
916 3405 975 3471 sed
1008 3404 1148 3470 nondum
1180 3405 1227 3470 116
1258 3405 1519 3490 examinatorum,
1552 3411 1586 3470 ut

357 3516 476 3580 certius
500 3514 671 3598 quicquam
695 3513 736 3578 de
760 3534 869 3578 eorum
898 3514 1002 3599 pretio
1031 3513 1230 3598 pronuntiari
1259 3513 1372 3598 possit,
1405 3513 1585 3578 accuratior

358 3643 454 3705 quam
478 3621 532 3705 qui
557 3629 607 3688 est
630 3620 719 3706 apud
742 3621 929 3686 Fickertum
956 3619 1054 3685 index
1082 3627 1289 3706 proponatur.
1335 3618 1399 3685 diei
1424 3620 1508 3686 enim
1531 3619 1584 3684 vix

356 3735 466 3814 potest
498 3729 610 3813 quanti
644 3749 768 3796 errores
801 3728 940 3794 manime
971 3728 1004 3792 in
1037 3734 1146 3793 661616
1180 3725 1325 3793 codicum
1354 3727 1583 3792 vaticanorum

357 3835 542 3903 definienda
574 3836 778 3920 numerisque
811 3834 995 3903 indicandis
1024 3857 1044 3900 a
1071 3834 1242 3920 Raynaldo
1267 3834 1473 3902 Sanctolonio
1503 3855 1582 3899 com·

356 3945 447 4012 missi
477 3945 550 4030 sint,
583 3944 638 4028 qui
665 3964 722 4010 eos
749 3943 819 4028 Ign.
846 3943 970 4009 Aurelii
999 3943 1139 4009 Fessleri
1168 3943 1201 4008 in
1228 3963 1322 4009 usum
1350 3942 1437 4008 61166
1467 3963 1581 4008 666616

359 4055 443 4118 1796
467 4072 585 4117 661661
604 4051 750 4117 Senecae
774 4051 950 4117 editionem
974 4051 1135 4117 molientis
1160 4052 1370 4134 neglegenter
1394 4051 1580 4116 contulerat

356 4181 431 4224 nam
453 4160 549 4225 huius
573 4159 702 4225 schedis
726 4165 842 4244 postea
867 4157 910 4224 ad
933 4179 969 4226 se
992 4159 1161 4224 translatis
1178 4158 1349 4224 Fickertus
1372 4178 1452 4224 6666
1476 4157 1580 4238 asili).

356 4261 558 4268 ffl-

447 4291 483 4362 Μ)
505 4311 554 4363 pro
581 4295 761 4361 reculuum,
788 4292 922 4347 vocabulo
944 4311 1014 4358 raro,
1043 4293 1090 4347 sed
1117 4311 1134 4347 6
1157 4293 1260 4347 Seneca
1287 4293 1372 4347 etiam
1400 4292 1430 4346 in
1457 4291 1526 4347 libro
1548 4291 1579 4343 de

355 4383 533 4438 matrimonio
556 4383 665 4454 (Iragm.
686 4385 720 4438 62
743 4382 850 4450 1166611)
875 4386 1016 4453 usurpato,
1044 4383 1161 4437 sormam
1185 4383 1316 4438 biblicam
1335 4385 1578 4438 recaluaetrum

356 4473 559 4528 substituerunt
578 4473 642 4528 libri
661 4473 776 4541 quidam
794 4473 966 4528 recentiores.

446 4561 482 4632 Η)
499 4582 525 4618 1.
550 4563 608 4618 6166
635 4565 828 4632 Prolapomana
857 4581 883 4632 p.
908 4563 943 4616 42
962 4581 1001 4631 sq.
1030 4565 1058 4616 et
1086 4561 1152 4616 edit.
1181 4561 1234 4617 161.
1257 4563 1298 4617 III
1320 4581 1346 4632 p.
1366 4561 1458 4616 XXIII
1481 4580 1520 4631 sq.
1547 4575 1577 4615 ex

355 4653 524 4709 Sanctolonii
552 4653 686 4708 erroribus
714 4652 823 4722 aliquot
847 4652 903 4706 iam
927 4653 1063 4706 Aemilius
1082 4651 1229 4707 Chatelain
1254 4651 1358 4707 detexit
1382 4652 1411 4706 in
1436 4651 1576 4707 annalibus

355 4743 403 4814 qui
422 4743 610 4799 inscribuntur
631 4745 717 4798 Raucae
736 4746 768 4798 de
783 4745 930 4812 philologis
948 4743 961 4796 I
981 4741 1077 4810 (1877)
1097 4759 1122 4811 p.
1145 4743 1195 4796 lus
1208 4761 1246 4810 sq.
