3546 5236
202 595 324 678 magis,
352 601 388 659 ut
410 591 545 677 videtur,
578 612 674 675 quam
706 593 840 676 reliquis
873 592 1053 658 delectatus
1083 591 1246 674 longiores
1275 589 1435 673 quasdam

202 700 445 787 disputationes
459 699 602 765 servavit
616 699 738 765 similes
753 699 803 783 iis,
824 699 941 783 quibus
957 699 1082 764 Seneca
1103 697 1144 763 de
1158 697 1291 764 benail
1306 700 1335 781 9,
1351 699 1434 780 3sq.,

202 807 248 874 de
270 807 406 873 matrim.
430 805 543 890 fragm.
569 811 674 890 blsq„
698 809 804 890 Slsq„
827 805 869 872 de
893 813 1051 872 eonstmrt
1076 825 1144 890 sap.
1168 808 1249 889 14‚1
1276 803 1436 870 luxuriam

205 923 424 982 matronarum
455 915 672 980 Romanarum
705 913 888 997 castigavit.
942 913 1138 996 reliquorum
1173 912 1257 982 enim
1294 911 1436 997 capitum

205 1029 336 1108 praeter
363 1022 501 1107 primum
528 1021 609 1086 haee
637 1029 687 1086 est
714 1021 807 1104 ratio,
839 1029 875 1086 ut
903 1041 943 1086 ea
970 1027 1095 1086 tantum
1119 1038 1203 1103 quae
1226 1019 1436 1085 adversarius

19 1167 36 1208 ε·
152 1211 155 1217 ¹
207 1130 342 1215 opponit
370 1138 403 1194 et
431 1149 540 1194 eorum
569 1148 653 1212 quae
677 1127 803 1193 Seneca
833 1127 1010 1212 respondet
1036 1127 1141 1212 prima
1165 1146 1313 1210 quaeque
1337 1125 1437 1190 verba

205 1243 326 1321 extent,
350 1242 540 1319 argumenta
563 1235 679 1318 quibus
703 1236 785 1300 haec
808 1233 1108 1320 comprobabuntur,
1139 1253 1303 1316 excursus,
1326 1252 1435 1298 narra·

204 1343 369 1410 tiunculae
400 1343 434 1407 in
466 1342 557 1408 libris
589 1343 726 1426 integris
758 1343 839 1408 satis
872 1340 1058 1424 frequentes
1088 1341 1218 1406 abiecta
1252 1339 1325 1405 sint.
1375 1338 1437 1404 hoc

207 1451 307 1534 igitur
337 1448 433 1516 modo
463 1449 584 1514 iactam
613 1455 664 1514 est
691 1456 726 1515 ut
755 1449 895 1534 epitome
922 1448 1057 1533 propius
1086 1446 1131 1512 ad
1153 1446 1277 1530 dialogi
1302 1445 1438 1511 formam

205 1557 346 1624 accedat
368 1576 464 1640 quam
487 1555 569 1622 liber
585 1557 751 1638 genuinus,
775 1555 809 1620 in
832 1576 895 1639 quo
919 1559 1017 1640 lupuit
1040 1553 1121 1620 illud
1143 1555 1198 1619 vix
1216 1554 1316 1619 multo
1332 1553 1437 1618 rarius

207 1684 305 1749 quam
327 1663 362 1728 in
383 1662 517 1746 reliquis
541 1663 686 1729 Senecae
710 1662 801 1729 libris
825 1661 869 1726 ad
892 1661 1074 1727 adversarii
1097 1662 1198 1727 verba
1221 1658 1438 1744 significanda

207 1771 389 1838 adhibitum
415 1769 517 1836 fuisse
545 1768 719 1835 admodum
747 1775 798 1835 est
824 1769 894 1834 veri
922 1768 1085 1852 simile20).
1132 1767 1246 1834 eodem
1271 1768 1438 1834 brevitatis

209 1877 316 1945 studio
341 1877 457 1944 ductus
479 1876 574 1942 bomo
598 1876 654 1941 ille
677 1895 749 1942 cum
776 1876 876 1942 verbs
904 1875 1058 1941 nonnulla
1087 1873 1258 1958 omisisset,
1291 1874 1439 1959 proxima

208 1983 369 2052 interdum
392 2003 456 2048 non
478 1983 526 2047 ita
547 1982 685 2048 mutavit
706 1988 743 2047 ut
765 1981 887 2049 nullum
911 1982 1050 2048 lacunae
1074 1981 1228 2048 indicium
1244 1982 1437 2064 relinquere·

211 2099 270 2156 tur.
314 2091 404 2157 velut
430 2092 493 2174 1,2
516 2096 592 2155 ante
615 2090 716 2155 verba
738 2092 819 2155 mede
842 2111 926 2173 erpo
944 2094 1083 2174 paucam
1100 2093 1281 2174 incipimus?
1313 2089 1439 2154 Seneca

211 2197 299 2264 baud
333 2197 430 2264 dubie
457 2196 612 2262 nonnulla
640 2197 682 2262 de
710 2196 916 2262 multitudine
949 2204 981 2262 et
1013 2197 1185 2262 atrocitate
1218 2196 1439 2261 calamitatum

212 2305 394 2371 hominibus
403 2304 636 2370 imminentium
646 2302 832 2390 dixeratss).
847 2303 965 2370 deinde
976 2306 1030 2390 8‚1
1047 2303 1142 2369 haec:
1157 2302 1320 2368 *aeaeae
1338 2325 1441 2368 creua·

210 2435 281 2478 eom
317 2415 436 2478 carcia
460 2415 578 2496 feceris
611 2414 756 2496 (fecerim
787 2414 866 2494 vg),
897 2414 1037 2496 patrium
1073 2433 1171 2476 mecm
1210 2414 1343 2476 tranare
1378 2431 1441 2474 aon

204 2541 347 2604 possum,
377 2519 433 2582 vix
456 2517 692 2603 intellegentur,
716 2518 778 2584 nisi
801 2520 902 2586 verba
925 2541 994 2582 eum
1017 2521 1121 2584 mucio
1136 2521 1255 2602 feceris
1279 2515 1441 2600 quaedam

212 2625 253 2692 de
278 2625 384 2691 exiliis
409 2634 465 2691 aut
488 2625 595 2709 magis
618 2624 802 2692 autminus
826 2625 1011 2708 longinquis
1027 2625 1250 2710 praecessisse
1265 2623 1441 2709 putaveris.

211 2739 324 2798 contra
348 2733 513 2798 enuntiato
537 2732 625 2817 quod
647 2732 791 2799 Haasius
817 2734 881 2816 1,3
909 2740 985 2817 post
1010 2730 1203 2798 vocabulum
1225 2733 1368 2797 solatium
1395 2730 1441 2795 in·

210 2840 326 2906 seruit:
354 2843 410 2905 boc
431 2861 528 2904 caum
555 2844 622 2904 aas
648 2843 782 2905 remedio
805 2847 859 2921 est,
887 2842 942 2904 lece
968 2862 1064 2904 cnara
1092 2848 1120 2905 et
1146 2843 1263 2923 respect
1290 2841 1441 2918 solatiam,

213 2945 310 3010 facile
327 2966 483 3012 caremus.
516 2946 597 3011 talia
621 2947 649 3012 si
668 2946 827 3012 commisit
842 2946 1043 3031 epitomator‚
1067 2945 1207 3012 fortasse
1223 2965 1287 3010 non
1302 2944 1442 3011 librariis

211 3051 291 3116 vitio
313 3051 503 3118 vertendum
527 3059 585 3136 est
609 3052 696 3136 quod
718 3051 751 3117 bi
776 3061 842 3118 tres
857 3052 929 3136 loci,
948 3051 989 3118 de
1004 3053 1120 3135 quibus
1135 3053 1246 3117 iamin
1261 3051 1442 3116 adnotatio-

212 3159 307 3224 nibus
336 3157 458 3224 dictum
486 3167 544 3242 est,
576 3160 730 3242 gravibus
758 3159 847 3225 vitiis
875 3160 1038 3224 laborant:
1076 3161 1163 3244 1e‚2
1191 3158 1233 3224 ad
1262 3159 1442 3225 adversarii

212 3264 500 3348 interrogationem
524 3269 635 3332 demta?
666 3264 745 3330 nihil
769 3265 992 3351 respondetur,
1016 3287 1087 3330 cum
1111 3286 1250 3348 eaquae
1267 3274 1443 3348 sequuntur

210 3393 303 3456 prtum
325 3375 752 3438 marrae—numeratorum?
796 3393 860 3436 non
884 3371 928 3438 ad
952 3372 1060 3456 decus,
1090 3371 1148 3438 sed
1177 3371 1221 3436 ad
1244 3372 1442 3458 pudicitiam,

213 3477 255 3544 de
279 3500 343 3563 qua
367 3485 443 3544 ante
468 3477 589 3544 dictum
612 3485 671 3564 est,
690 3479 887 3564 pertineant.
933 3479 973 3545 ib.
997 3483 1019 3545 b
1048 3479 1155 3545 verbis
1179 3499 1263 3562 quae
1288 3491 1362 3544 sunt
1383 3484 1443 3546 ablu

212 3587 266 3650 dic
298 3609 366 3650 earm
391 3592 500 3671 formo
532 3587 752 3670 repupauboct,
790 3586 885 3652 nimis
918 3587 1054 3672 abrupte
1088 3585 1209 3650 formae
1241 3587 1359 3652 mentio
1392 3585 1442 3668 fio

213 3692 343 3758 accedit
370 3691 457 3777 quod
484 3692 688 3779 repugnandi
717 3693 847 3759 verbum
878 3714 948 3758 cum
978 3693 1220 3779 praepositione
1248 3715 1315 3757 cum
1343 3713 1444 3778 prave

305 3941 341 4012 ¹⁰)
359 3962 385 3998 r.
395 3947 508 3999 Hermes
523 3943 601 3998 XVII
611 3945 665 3998 369
671 3961 711 4012 sq.
730 3945 761 3998 in
780 3961 812 4000 eo
830 3944 930 4012 dequo
945 3943 1054 4014 agimus
1069 3943 1163 3998 libello
1177 3961 1250 3998 nunc
1264 3943 1318 3997 duc
1332 3947 1444 4024 tantum

212 4033 295 4090 huius
314 4051 379 4088 usus
398 4034 525 4104 exempla
542 4036 690 4104 supersunt
708 4033 744 4099 (1,
764 4033 781 4088 2
800 4037 828 4089 et
848 4035 890 4098 15,
910 4033 945 4102 2).

306 4140 341 4206 ¹¹)
370 4142 404 4196 de
430 4140 568 4196 similibus
596 4141 731 4196 erroribus
759 4158 777 4194 a
804 4141 983 4210 compilatore
1011 4140 1131 4210 quodam
1158 4141 1242 4195 medii
1271 4139 1333 4195 aevi
1361 4141 1444 4210 paulo

213 4230 363 4285 recentiore
387 4229 537 4284 commissis
565 4229 622 4284 dixi
647 4230 677 4284 in
701 4231 806 4284 Annali
828 4232 969 4299 philologo
998 4229 1065 4283 anni
1093 4229 1159 4284 1885
1178 4248 1203 4299 p.
1224 4231 1284 4284 410.
1322 4233 1444 4284 ceterum

213 4319 304 4374 nescio
322 4323 417 4372 utrum
435 4319 554 4374 Haasius
578 4319 714 4384 lacunam,
743 4336 826 4386 quarn
850 4319 902 4374 hoc
925 4319 983 4374 loco
1005 4317 1149 4382 indicarit,
1177 4336 1242 4373 essu
1265 4318 1370 4373 factam
1388 4336 1445 4374 esse

214 4409 364 4478 putaverit,
384 4426 420 4463 an
440 4407 569 4463 editionis
587 4425 654 4463 suae
672 4407 898 4463 adnotationibus
917 4407 1055 4463 continuis
1069 4408 1189 4462 carentis
1202 4408 1323 4462 rationes
1336 4410 1445 4462 secutus

213 4497 322 4566 aliquid
340 4499 375 4552 ab
394 4498 576 4567 epitomatore
595 4498 726 4552 omissum
744 4513 801 4552 esse
819 4496 990 4567 significarit.
1020 4500 1051 4552 at
1069 4497 1092 4551 si
1111 4497 1173 4565 quis
1192 4498 1264 4552 banc
1277 4497 1445 4552 sententiam

213 4587 380 4656 probaverit,
399 4588 459 4642 fieri
477 4604 532 4641 non
551 4588 662 4656 poterit,
682 4587 750 4656 quin
769 4587 850 4642 iilum
868 4586 938 4642 libro
956 4587 1074 4642 Senecae
1092 4587 1150 4641 iam
1168 4586 1249 4641 initio
1267 4587 1377 4656 privabo
1395 4589 1446 4642 aut

214 4677 344 4732 lacunosa
363 4694 443 4731 usum
462 4693 519 4732 esse
538 4676 687 4732 existimet.
