3634 5240
1069 444 1110 507 36

478 667 546 750 peis
578 666 662 731 idem
697 687 753 750 pes
784 668 815 730 in
849 667 958 732 eadem
987 669 1092 732 exstat
1119 668 1192 731 sede
1215 667 1397 751 (Westpbal
1419 668 1511 733 Metr.
1537 667 1589 731 11·
1623 669 1716 747 770),

480 769 609 834 dubium
636 770 687 834 vix
716 770 779 847 est,
810 770 887 853 quin
914 771 1083 853 Dionysius
1114 790 1176 835 non
1204 771 1307 834 solum
1329 790 1384 854 pro
1412 772 1549 836 diiambo
1571 772 1714 835 alterins

481 873 577 951 sedis,
607 873 662 938 sed
690 873 787 936 etiam
809 893 865 956 pro
887 873 998 938 tertiae
1022 874 1165 957 syzygiae
1189 873 1363 956 antispasto
1386 875 1580 957 pedibusque
1607 893 1648 938 ex
1673 893 1714 938 eo

480 977 556 1040 ortis
579 975 797 1040 choriambum
817 977 890 1060 poni
911 977 1005 1041 licere
1030 977 1184 1041 statuerit
1228 974 1331 1055 Quare
1353 978 1384 1040 in
1409 977 1538 1041 alterius
1563 980 1597 1041 et
1623 979 1714 1041 tertii

481 1097 590 1144 versus
613 1079 689 1143 colis
712 1078 858 1143 secundis
880 1081 970 1144 nulla
992 1079 1120 1144 offensio
1142 1082 1201 1144 est.

564 1182 654 1246 Prior
675 1200 748 1264 pars
770 1201 879 1246 versus
893 1182 978 1246 tertii
1001 1184 1147 1264 congruit
1162 1202 1234 1247 cum
1250 1183 1424 1266 praeceptis
1439 1182 1712 1266 Hephaestioneis

479 1288 511 1350 et
532 1286 643 1350 eadem
664 1303 774 1350 versus
806 1285 934 1350 alterius
956 1305 1029 1369 pars
1051 1286 1091 1350 ad
1114 1286 1170 1349 illa
1203 1285 1349 1350 facillime
1372 1289 1546 1363 revocatur,
1569 1287 1596 1350 si
1634 1306 1712 1351 cum

480 1388 689 1470 Hermogenis
712 1387 890 1452 Scholiasta
912 1387 974 1452 VH
997 1390 1070 1465 984,
1097 1390 1138 1452 20
1163 1389 1203 1452 W
1224 1388 1361 1471 legimus
1384 1383 1470 1472 ἣτις
1492 1381 1594 1475 εἴριον
1619 1381 1710 1475 ἀμφὶ

480 1515 536 1556 sae
562 1538 841 1565 ..........

566 1594 664 1659 Plane
688 1597 794 1658 autem
817 1594 994 1677 refragatur
1009 1614 1117 1660 versus
1132 1594 1263 1678 primus,
1286 1595 1376 1659 euius
1392 1597 1495 1672 verba,
1518 1596 1544 1659 si
1563 1600 1710 1661 metrum

478 1697 648 1782 Priapeum
676 1717 713 1762 cx
741 1697 786 1762 eis
809 1698 944 1761 conflare
967 1717 1130 1775 conamur,
1158 1700 1214 1762 aut
1235 1698 1295 1763 boc
1316 1698 1423 1763 ordine
1447 1697 1598 1781 disposita
1622 1700 1714 1782 legs-

479 1820 551 1865 mus
574 1803 710 1884 oportet:

644 1894 714 1969 ἀλλ’
738 1896 825 1982 ἕχον,
846 1905 991 1990 χερνῆτις
1011 1894 1086 1988 γυνὴ
1109 1898 1197 1968 ὥστε
1217 1898 1346 1968 τάλαντ’
1370 1895 1499 1990 ἀληθής

480 2114 534 2175 aut
549 2111 622 2175 hoo:
646 2102 716 2174 ἀλλ’
740 2103 826 2190 ἕχον,
848 2106 991 2174 τάλαντα
1012 2104 1089 2195 γυνὴ
1112 2101 1156 2186 ὥς
1175 2113 1321 2194 χερνῆτις
1343 2101 1471 2196 ἀληθής

479 2316 680 2399 Quamquam
704 2316 862 2382 claudicat
883 2316 966 2398 prior
988 2334 1096 2380 versus
1111 2319 1239 2399 propter
1262 2318 1396 2400 primam
1413 2317 1541 2381 alterius
1557 2319 1713 2399 syzygiae

479 2420 634 2503 syllabam
661 2421 797 2502 longam.
843 2419 952 2500 Neque
981 2438 1135 2501 umquam
1162 2420 1245 2483 ullus
1275 2423 1367 2502 poeta
1389 2421 1452 2484 tale
1481 2422 1624 2485 metrum
1651 2441 1711 2503 pro

480 2523 611 2605 Priapeo
641 2523 856 2587 venditaverit.
899 2521 988 2585 Alter
1014 2525 1121 2586 autem
1144 2541 1253 2586 versus
1284 2524 1342 2587 etsi
1364 2523 1451 2604 leges
1473 2523 1621 2588 metricas
1647 2526 1711 2588 nisi

479 2626 569 2690 hiatu
600 2626 682 2690 inter
714 2619 790 2711 γυνὴ
817 2628 849 2689 et
876 2617 921 2701 ὠς
954 2625 1090 2689 admisso
1117 2645 1179 2689 non
1206 2624 1319 2703 laedit,
1353 2627 1561 2710 suspicionem
1597 2629 1710 2692 tamen

479 2731 584 2793 movet
611 2748 659 2805 eo,
693 2729 774 2811 quod
802 2729 880 2792 iHud
907 2720 952 2805 ὡς
981 2747 1036 2811 pro
1065 2722 1148 2792 ὥστε
1181 2729 1388 2792 substitutum
1416 2748 1479 2792 non
1508 2728 1645 2810 quadrat
1669 2731 1710 2793 ad

479 2835 693 2914 praeceptum,
723 2852 785 2914 quo
807 2832 976 2914 Dionysius
1003 2832 1070 2914 ipse
1093 2851 1126 2896 se
1148 2831 1301 2896 devinxit:
1332 2820 1404 2895 οὔτε
1427 2828 1590 2917 προσθεὶς
1612 2821 1712 2894 οὐδὲν

479 2924 643 2997 ...oilae
664 2924 798 3020 ἀφελών.

566 3037 669 3116 Quare
696 3037 890 3120 Westpbalio
921 3037 1012 3102 facile
1042 3037 1270 3120 adstipulamur
1300 3056 1336 3101 ex
1364 3038 1423 3103 boc
1451 3039 1518 3122 ipso
1541 3037 1610 3102 loco
1634 3057 1712 3102 con-

482 3139 624 3204 cludenti
645 3140 832 3223 Dionysium
855 3160 964 3205 versus
986 3140 1143 3223 pangendi
1167 3143 1268 3205 artem
1291 3159 1353 3204 non
1369 3141 1541 3206 admodum
1556 3140 1711 3204 calluisse

480 3243 586 3325 (Metr.
608 3243 641 3306 1²
666 3244 752 3326 117).

566 3346 648 3410 Utut
675 3347 782 3410 autem
809 3344 887 3409 illud
910 3348 974 3423 est,
1004 3343 1214 3433 revpdpevpoe
1238 3347 1364 3411 omnino
1386 3366 1496 3411 versus
1519 3346 1711 3429 Dionysiani

480 3466 548 3512 esse
571 3467 633 3511 non
648 3451 789 3531 possunt,
813 3450 873 3513 nisi
896 3450 1015 3514 ratione
1032 3469 1051 3514 a
1066 3450 1156 3514 nobis
1171 3450 1327 3533 proposita
1344 3450 1440 3533 pedes
1457 3450 1711 3530 distinguuntur,

480 3551 563 3614 unde
590 3551 744 3633 sequitur,
775 3554 811 3615 ut
838 3553 901 3616 iam
924 3553 1074 3635 Dionysio
1102 3553 1157 3616 illa
1180 3552 1321 3616 doctrina
1342 3555 1417 3617 nota
1439 3552 1551 3628 luerit,
1578 3570 1644 3633 qua
1668 3553 1711 3615 ad

481 3654 646 3738 antispasti
675 3653 763 3737 pedis
791 3654 926 3719 formam
953 3659 1118 3737 tamquam
1140 3656 1323 3739 primariam
1346 3655 1479 3739 Priapaa
1499 3654 1600 3718 redire
1625 3654 1712 3717 dice·

480 3759 609 3834 bantur,
643 3756 675 3820 id
710 3758 791 3840 quod
823 3760 966 3840 congruit
1000 3778 1073 3822 cum
1105 3758 1220 3822 iudicio
1250 3757 1373 3823 Ottonis
1401 3758 1507 3823 Hense
1535 3757 1597 3836 (‘de
1625 3757 1711 3821 Iuba

481 3862 597 3942 artigr.'
620 3881 650 3944 p.
674 3863 729 3944 33)
752 3861 957 3926 Heliodorum
981 3847 1119 3944 prinlum
1142 3861 1334 3944 antispastus
1357 3862 1390 3925 in
1412 3864 1516 3925 matra
1538 3862 1710 3945 prototypa

480 3965 634 4047 recepisse
658 3965 844 4046 negantisl)

566 4066 627 4130 Sed
660 4069 697 4130 ut
730 4068 768 4131 ad
802 4087 869 4132 rem
910 4068 1102 4151 propositam
1135 4068 1262 4132 tandem
1295 4067 1464 4149 aliquando
1501 4069 1709 4141 revertamur,

549 4258 572 4321 ¹)
590 4256 640 4318 Ea,
660 4270 740 4321 quam
760 4254 851 4308 Christ
881 4257 989 4320 (Matr.²¹
1009 4274 1035 4324 p.
1058 4256 1110 4307 ‘215
1129 4257 1179 4322 sq.)
1198 4255 1347 4323 proposuit,
1366 4254 1546 4325 Dionysianos
1565 4269 1659 4308 versus
1676 4255 1708 4307 in

480 4341 562 4409 pedes
580 4341 636 4394 sive
655 4340 778 4408 dipodius
797 4340 966 4394 discernendi
985 4341 1068 4395 ratio:

821 4463 839 4471 -
856 4456 990 4479 „„„„„
1010 4426 1356 4496 l---l-„-„l--

823 4515 1078 4580 --vvl---l
1096 4544 1235 4564 „„„„„
1255 4514 1328 4579 Ι--

820 4600 1104 4667 -ε-υυΙ-υ-Ι
1121 4631 1260 4651 „„„„„
1280 4599 1370 4666 l--‚

479 4699 572 4738 vereor
591 4688 622 4736 ut
640 4684 701 4737 ullis
720 4690 840 4738 veterum
860 4685 1024 4739 testimoniis
1041 4687 1128 4753 possit
1145 4685 1323 4754 comprobari.
