3568 5238
937 421 978 484 48

857 511 1067 520 —..—-——-

348 641 433 704 illius
445 642 596 723 temporis
608 642 771 706 historiam
780 645 1025 725 pernoscendam
1038 643 1242 726 pertinerent,
1249 644 1357 708 sedulo
1370 645 1573 726 conquirente

349 747 595 808 consentaneum
617 747 672 809 est
708 743 909 828 Quamquam
931 747 1013 828 qnod
1030 745 1237 809 Wilmansius
1256 747 1289 825 (l.
1306 765 1332 810 c.
1348 767 1379 828 p.
1399 747 1460 824 13),
1476 765 1573 828 quem

349 846 583 926 Grasshofius1)
601 847 751 929 seqnitur,
766 847 845 924 ideo,
862 849 934 930 quie
950 849 1120 913 Sallustius
1143 848 1227 911 inter
1249 850 1313 912 tres
1335 848 1405 912 illos
1428 853 1572 913 auctores

347 949 467 1030 primus
491 950 717 1031 nominatur²)‚
741 954 1021 1015 commentatorem
1043 971 1079 1015 ex
1102 951 1162 1014 hoo
1183 950 1320 1032 plurima
1342 950 1573 1034 deprompsisse

347 1052 514 1127 conclusit,
552 1053 585 1116 id
616 1052 701 1116 haud
728 1053 791 1118 scio
825 1073 865 1117 an
898 1057 1016 1118 tomam
1041 1053 1164 1124 fecerit3
1191 1071 1266 1116 nam
1289 1051 1433 1116 Sallustii
1454 1072 1571 1118 nomen

346 1157 513 1236 propterea
546 1155 683 1237 primurn
717 1156 821 1220 locum
855 1175 1008 1239 occupare
1041 1158 1184 1238 apparet,
1221 1155 1295 1236 quia
1329 1159 1572 1238 extemporum

346 1257 466 1320 ratione
489 1257 624 1338 reliquos
648 1258 815 1323 antecedit.
864 1258 964 1335 addc,
988 1258 1069 1341 qnod
1091 1259 1122 1320 in
1139 1257 1344 1322 Cornelianae
1370 1258 1571 1340 potissimum

347 1359 542 1423 enarratione
571 1361 850 1442 deprehenduntur
881 1361 1024 1426 Sallustii
1053 1361 1199 1440 vestigia,
1227 1361 1341 1442 qnippe
1364 1359 1396 1422 in
1419 1378 1482 1440 qua
1504 1378 1572 1424 ora-

345 1460 429 1525 tione
457 1461 647 1526 illustranda
674 1465 807 1528 maxime
836 1464 993 1538 omnium,
1028 1481 1108 1544 quae
1138 1462 1264 1543 quidem
1288 1481 1361 1526 oum
1384 1462 1570 1526 scholiastae

345 1566 577 1628 commentariis
608 1569 749 1630 servatae
783 1568 867 1642 sunt,
901 1584 956 1630 eae
978 1585 1027 1628 res
1053 1565 1235 1629 tractandae
1262 1563 1387 1638 fuerint,
1411 1583 1489 1645 quas
1511 1566 1565 1630 ille

345 1685 451 1730 rerum
475 1669 607 1751 scriptor
629 1671 836 1732 enarraverat.

418 1757 480 1832 'ad
507 1771 732 1852 exquirendum
755 1773 877 1846 autem,
904 1771 959 1834 ubi
981 1770 1135 1834 Asconius
1158 1769 1347 1836 Sallustium
1369 1771 1569 1847 consuluerit,

222 1853 225 1857 ⁴
344 1872 435 1935 utin
468 1873 546 1938 Livii
585 1874 723 1954 reliquiis
756 1872 980 1954 investigandis
1013 1873 1059 1936 ita
1089 1874 1122 1935 in
1148 1873 1208 1936 hac
1236 1890 1359 1954 quoqne
1387 1873 1569 1954 quaestione

343 1973 492 2038 solvenda
538 1995 648 2040 ansam
696 1977 826 2059 praebet
872 1975 982 2039 Dionis
1023 1975 1124 2040 Cassii
1162 1976 1366 2058 comparatio,
1400 1994 1494 2056 quem
1531 1975 1568 2039 de

343 2079 502 2157 postrema
523 2078 639 2143 liberae
661 2080 707 2142 rei
721 2078 865 2160 publicae
889 2080 991 2142 aetate
1013 2082 1138 2160 praeter
1161 2081 1280 2141 ceteros
1304 2077 1454 2142 Sallustio
1476 2097 1568 2141 usum

343 2195 413 2242 esse
448 2181 566 2245 dudum
600 2185 648 2245 est
680 2183 880 2264 perspectum
889 2183 928 2258 3);
969 2199 1161 2263 quamquam
1195 2180 1347 2244 nonnulla
1375 2183 1458 2254 sunt,
1488 2199 1568 2261 qnae

344 2282 497 2346 Asconius
520 2303 536 2347 e
559 2283 772 2366 compluribus
796 2282 934 2347 fontibus
965 2302 1063 2365 neque
1091 2283 1181 2347 facile
1205 2301 1364 2346 arcessere
1386 2284 1569 2365 potuerit⁴).

429 2385 559 2466 Aliquot
588 2386 664 2450 loeis
686 2387 840 2450 Asconius
869 2388 1030 2469 tantopere
1059 2406 1131 2450 oum
1147 2386 1245 2450 Dione
1269 2385 1415 2460 concinit,
1439 2387 1475 2449 ut
1497 2405 1570 2449 con-

343 2489 473 2550 centum
495 2490 655 2552 communi
678 2489 796 2552 auctori
820 2488 924 2552 deberi
947 2490 979 2552 in
1002 2489 1166 2572 propatulo
1190 2489 1240 2564 sit,
1269 2488 1366 2550 veluti
1389 2488 1452 2563 his,
1490 2507 1568 2568 quos

344 2587 429 2652 infra
451 2592 559 2673 posui:

429 2747 500 2807 aso.
522 2765 550 2827 p.
575 2745 625 2819 so,
649 2745 783 2821 19-51,
809 2746 841 2807 r:
1051 2745 1111 2809 uio
1133 2743 1268 2808 xxxin
1293 2745 1333 2806 so
1357 2744 1434 2826 (aa),
1458 2746 1493 2805 2:

431 2862 637 2927 Cornelius
686 2885 727 2926 eo
771 2865 933 2945 repulso
1056 2849 1569 2949 ἀγανακτήσαςοῦνὲντὶτού-

342 2963 519 3029 offensus
553 2969 678 3030 senatui
717 2971 847 3049 questus
885 2971 934 3032 est
977 2989 1045 3044 τοις
1097 2961 1114 3030 ὁ
1149 2962 1362 3050 Κορνήλιος
1421 2961 1569 3050 γνώμην

343 3065 382 3130 de
411 3085 448 3130 ea
481 3089 516 3131 rc
556 3071 588 3131 in
623 3072 780 3134 contione:
819 3071 935 3134 exhau-
978 3066 1200 3154 ἐποιήσατο
1226 3060 1278 3151 μὴ
1305 3064 1452 3146 ἐξεῖναι
1488 3069 1570 3145 τοῖς

343 3169 397 3231 riri
420 3172 595 3252 provincias
626 3173 743 3247 usuris;
769 3174 934 3253 provideri
977 3171 1207 3254 βουλευταῖς
1229 3168 1325 3256 μήτε
1348 3161 1468 3255 ἀρχήν
1491 3193 1569 3234 τινι

342 3275 380 3335 nt
410 3274 565 3339 baberent
601 3275 697 3356 legati
729 3275 813 3338 unde
846 3293 934 3358 prae·
978 3267 1049 3354 ἔξω
1076 3277 1147 3338 τῶν
1183 3269 1319 3354 νόμων
1354 3266 1568 3358 αἰτήσαντι

342 3376 935 3460 sentiamunorodarent3promul·
979 3373 1135 3441 διδόναι
1183 3366 1267 3460 μήτ’
1313 3365 1407 3441 tato
1450 3373 1568 3462 μηδὲν

343 3480 513 3561 gavitque
532 3481 653 3563 legem
678 3499 741 3562 qua
761 3482 935 3541 auotorita-
978 3481 1049 3542 τῶν
1077 3482 1127 3566 τῷ
1156 3475 1264 3564 δήμῳ
1294 3465 1568 3565 προςηκόντων

342 3587 404 3641 tem
432 3584 561 3645 senatus
588 3584 770 3660 minuebat,
801 3583 934 3665 nequi
980 3576 1248 3667 ψηφίζεσθαι·
1272 3585 1385 3646 τοῦτο
1407 3578 1568 3668 νάρένε-

341 3684 416 3746 nisi
458 3702 525 3766 per
559 3686 742 3768 populum
780 3685 933 3767 legibus
978 3679 1567 3770 νομοθέτητομὲνέκτοῦπάνυ

342 3787 572 3852 solveretur.
638 3787 740 3866 Quod
778 3789 932 3870 antiquo
977 3777 1154 3872 ἀρχαίου,
1190 3779 1231 3851 οὐ
1257 3783 1393 3868 μέντοι
1423 3783 1479 3850 καὶ
1509 3790 1568 3870 τῷ

341 3908 489 3971 quoque
524 3891 605 3954 iure
641 3892 722 3954 erat
760 3893 931 3963 cautum;
977 3882 1073 3974 ἔργῳ
1096 3885 1282 3976 ἐτηρεῖτο.

318 4201 322 4210 ,
410 4145 431 4212 ¹)
450 4143 595 4212 Grasshof,
612 4144 631 4199 l.
649 4161 672 4199 c.
690 4163 717 4215 p.
738 4147 779 4200 10.

411 4231 432 4298 ⁹)
450 4229 485 4284 ef.
504 4231 569 4284 Asc.
587 4248 613 4301 p.
632 4231 675 4298 59,
692 4233 717 4286 3.
735 4232 760 4286 4.

410 4318 432 4383 ⁸)
451 4315 485 4369 cf.
504 4315 642 4370 Wilmana
659 4316 676 4370 l.
695 4333 719 4371 c.
737 4335 763 4388 p.
782 4318 827 4380 13;
846 4313 986 4371 Gracchos
999 4315 1017 4368 l.
1035 4332 1058 4368 c.
1076 4332 1103 4384 p.
1121 4317 1138 4370 9
1156 4331 1214 4385 sqq.

409 4404 430 4467 ⁴)
450 4401 497 4456 Sic
513 4403 666 4457 Asconium
685 4404 723 4473 (p.
741 4403 784 4469 70,
801 4403 896 4466 8-1ον
919 4401 954 4456 de
970 4400 1030 4470 lege
1047 4399 1149 4455 Roscia
1167 4400 1201 4455 ad
1215 4400 1381 4456 Sallustium
1398 4399 1486 4456 redire
1495 4401 1566 4455 Wil-

340 4501 421 4540 mans
451 4489 488 4557 (p.
514 4489 557 4556 12)
588 4504 622 4542 ex
652 4487 744 4542 Dione
766 4486 899 4541 XXXVI
927 4487 961 4540 42
985 4487 1043 4552 (25)
1076 4486 1179 4540 iniuria
1209 4484 1327 4555 oolligit;
1358 4487 1460 4540 etenim
1492 4487 1566 4541 hanc

340 4569 428 4640 legem
458 4573 631 4626 notissimam
654 4573 738 4628 etiam
760 4572 836 4643 apud
854 4571 965 4627 Livium
989 4571 1033 4640 (of.
1055 4570 1173 4642 perioch.
1195 4572 1239 4638 99)
1257 4570 1379 4640 alibique
1399 4587 1565 4627 commemo·

339 4661 428 4710 ramur
447 4657 602 4712 invenerat:
620 4659 655 4713 oi.
674 4659 822 4712 Drumann
841 4657 868 4711 V
885 4674 913 4727 p.
931 4658 982 4712 351
1001 4673 1042 4727 sq.
