3514 5244
760 407 801 470 33

168 601 298 667 codices
330 599 471 666 nondum
502 601 708 686 innotuerint,
739 621 844 683 neque
877 599 1080 666 Fickertiani
1113 607 1199 666 recte
1232 600 1396 667 aestimati

169 714 225 773 ant
247 708 281 774 in
306 708 429 774 classes
454 707 601 793 discripti
625 707 698 793 sint,
727 707 831 773 denuo
854 707 936 773 haec
959 707 1107 791 quaestio
1131 707 1320 773 instituatur
1342 727 1396 774 ne-

168 835 261 881 cesse
285 822 343 882 est.

258 941 396 1005 magnus
426 921 540 987 horum
568 921 714 987 codicum
743 941 893 988 numerus
922 921 954 986 id
983 922 1081 989 habet
1109 921 1276 1007 commodi,
1309 920 1395 1006 qnod
1501 921 1520 960 ¹·

169 1028 269 1095 libros
299 1028 429 1095 saeculo
463 1028 588 1094 decimo
617 1029 711 1094 tertio
742 1029 937 1095 recentiores
967 1029 1066 1095 multo
1098 1029 1203 1095 minus
1235 1050 1332 1113 quam
1363 1029 1396 1094 in
1411 991 1591 1104 &datatim
1696 1009 1698 1012 Ι

168 1135 243 1201 aliis
273 1134 418 1201 Senecae
447 1135 599 1221 operibus
628 1156 741 1201 curare
773 1133 889 1223 licet5).
941 1157 1014 1202 nam
1043 1145 1152 1203 aetate
1186 1144 1218 1203 et
1249 1136 1395 1203 bonitate

167 1296 256 1350 cusari
284 1299 376 1365 potest
403 1314 466 1350 eum
494 1296 592 1365 spretis
619 1295 740 1350 virorum
768 1296 936 1351 eruditorum
966 1297 1123 1352 certissimis
1156 1296 1394 1352 emendationibus

167 1385 291 1439 codicum
320 1385 410 1440 sordes
438 1385 526 1440 denuo
553 1385 689 1450 intulisse,
722 1402 757 1439 ne
784 1385 978 1440 obliviscemur
1005 1404 1067 1441 eum
1096 1386 1194 1462 prima·
1213 1386 1395 1442 fundamenta

168 1473 271 1540 iecisse,
300 1475 400 1542 quibus
428 1475 585 1542 quicunque
613 1477 675 1544 post
702 1493 765 1528 eum
792 1475 822 1528 in
848 1474 950 1529 Seneca
979 1475 1140 1530 recensendo
1168 1478 1198 1530 et
1224 1475 1395 1530 emendando

168 1563 346 1618 elaborarunt
372 1581 423 1618 sua
446 1566 672 1633 superstruerent.
710 1567 880 1634 quantopere
903 1568 997 1618 autem
1024 1565 1147 1618 codicum
1171 1565 1394 1620 conferendorum

167 1653 241 1707 ratio
264 1653 321 1707 iam
340 1657 451 1708 mutata
469 1654 507 1708 sit
525 1654 560 1708 ab
579 1671 619 1717 ea,
639 1670 695 1721 qua
714 1657 779 1707 ante
798 1653 846 1707 hos
865 1653 1054 1723 quadraginta
1072 1671 1157 1708 annos
1176 1655 1334 1718 utebantur,
1352 1653 1393 1707 in·

169 1743 294 1811 telleges,
313 1742 337 1796 si
355 1743 455 1813 legeris
474 1742 569 1812 (praef.
589 1759 615 1811 p.
636 1743 712 1808 Vlll)
731 1741 888 1797 Ficlrertum
907 1746 1043 1798 diuersum
1060 1745 1199 1797 uerborum
1218 1747 1340 1798 ordinem
1357 1746 1395 1796 iis

170 1839 275 1886 tautum
290 1834 357 1886 iocis
370 1835 504 1887 notatisse
518 1835 566 1902 qui
578 1835 650 1886 ulios
664 1850 766 1900 quoquc
780 1841 866 1886 essent
880 1835 1003 1900 corrupti
1016 1835 1052 1896 et,
1068 1835 1099 1886 ut
1112 1831 1223 1886 aliunde
1238 1833 1393 1902 exemplum

169 1923 273 1989 petam,
298 1921 318 1975 I.
339 1921 367 1974 O.
388 1921 522 1975 Orellium
546 1921 645 1975 codicis
668 1921 840 1975 Ciceroniani
858 1921 1033 1975 Abrincensis
1056 1921 1231 1976 collationem
1253 1921 1394 1988 quandam

172 2009 407 2064 accuratissimam
432 2011 540 2074 dixisse,
563 2010 694 2077 quoniam
717 2027 752 2063 ne
774 2009 917 2064 verborum
941 2010 1052 2077 quidem
1075 2009 1140 2063 ordo
1163 2010 1305 2080 neglectus
1324 2014 1395 2065 esset

168 2097 315 2164 (Ciceronis
334 2117 417 2168 opera
435 2099 494 2154 edd.
514 2098 608 2160 Orelli,
628 2099 730 2162 Baiter,
749 2099 832 2153 Halm
850 2099 903 2154 vol.
924 2099 936 2153 I
955 2117 981 2168 p.
997 2099 1055 2164 Vl).

260 2187 284 2254 ⁵)
303 2188 448 2243 Codicibus
466 2189 670 2246 recentioribus.
690 2187 789 2256 quibrur
804 2189 923 2243 Senecae
941 2188 1076 2257 epistulae
1094 2188 1277 2250 continentur,
1296 2187 1393 2242 biblio-

167 2277 264 2331 thecae
288 2277 424 2346 plurimae
447 2277 598 2332 abundant.
635 2277 740 2330 llorum
757 2277 864 2330 nullam
882 2276 1050 2332 mentionem
1073 2277 1162 2332 iacere
1185 2277 1268 2340 volni,
1292 2277 1394 2346 quippe

170 2382 286 2433 quorum
313 2367 416 2421 notitia
444 2383 477 2420 ex
503 2366 638 2434 catalogis
665 2365 740 2434 typis
767 2365 899 2434 expressis
927 2365 1007 2420 facile
1035 2366 1093 2434 peti
1120 2365 1214 2435 possit.
1260 2367 1392 2420 Attamen

170 2459 280 2524 propter
297 2455 449 2510 brevissimi
469 2455 591 2523 catalogi
609 2453 755 2508 raritatem
773 2471 806 2508 ea
824 2454 933 2518 addam,
953 2471 1024 2522 quae
1042 2455 1075 2509 G.
1094 2455 1343 2509 Studcmundus
1361 2455 1394 2508 de

170 2543 309 2598 nonnullis
322 2544 441 2599 Senecae
459 2543 603 2606 codicibus,
623 2542 671 2611 qui
690 2544 719 2597 in
738 2543 906 2598 bibliotheca
920 2543 1133 2613 Phillippica
1147 2543 1395 2598 Cheltenhamiana

169 2632 357 2697 adservantur,
378 2651 450 2688 anno
466 2633 533 2688 1887
548 2632 679 2687 velociter
693 2634 727 2686 ab
742 2650 774 2686 eo
788 2632 917 2702 inspectis
930 2632 1187 2687 benevolentissime
1202 2651 1308 2687 mecum
1323 2650 1393 2687 corn·

169 2723 334 2778 municavit:
354 2723 376 2790 ll
396 2723 486 2778 Codex
505 2723 575 2777 1278
593 2723 705 2777 membr.
721 2722 766 2776 Iol.
781 2723 847 2776 min.
862 2721 964 2776 saeculi
978 2721 1043 2775 XIV
1062 2722 1121 2790 (qui
1140 2721 1206 2776 olim
1224 2721 1280 2776 fuit
1298 2725 1394 2777 Sancte

171 2813 261 2866 Maria
274 2815 306 2867 de
322 2815 490 2868 Ccntberone.
523 2813 621 2866 Insunt
639 2811 668 2865 in
687 2829 731 2866 eo:
752 2813 778 2877 1)
797 2814 950 2866 Ieronimus
969 2815 998 2865 in
1017 2813 1086 2866 libro
1105 2814 1137 2866 de
1155 2815 1225 2866 viria
1243 2815 1394 2866 illustribus

170 2905 209 2955 sic
222 2905 254 2956 dc
267 2919 361 2956 seneca
380 2905 481 2956 scribit.
520 2901 596 2969 [inca
616 2904 719 2956 Lucius
737 2906 848 2956 Annene
866 2903 972 2970 Seneca,
990 2901 1058 2955 des:
1079 2920 1097 2955 a
1118 2902 1220 2955 Nerone
1237 2903 1394 2968 interfectus

170 2990 233 3057 est];
257 2992 284 3058 2)
304 2993 444 3059 Incipiunt
463 2983 520 3060 epit
537 3009 626 3045 senece
645 2994 681 3044 ad
699 2993 812 3060 paulum
830 2999 854 3043 et
868 2991 951 3058 pauli
969 2993 1005 3044 ud
1019 3007 1146 3044 senecam.
1174 2993 1284 3044 Auneua
1301 3009 1395 3045 seneca

166 3081 251 3147 ¹pundo
270 3083 382 3134 sulutem
407 3079 483 3146 linc:
505 3081 589 3134 Credo
607 3083 656 3134 tibi
671 3082 754 3148 paule
772 3081 934 3145 nuntiatum,
953 3079 1021 3134 des:
1047 3080 1111 3132 Vale
1128 3097 1221 3133 seneca
1239 3081 1393 3134 karissime.

171 3171 244 3222 lictu
263 3171 395 3225 leniendus
418 3173 539 3238 nupueti.
565 3172 657 3223 iucone
679 3177 702 3224 ct
726 3170 824 3223 scuino
846 3168 1033 3235 consulibus.];
1060 3169 1088 3236 3)
1107 3171 1289 3238 Epitaphium
1307 3188 1395 3224 senece

171 3257 248 3324 linc:
274 3260 346 3313 Cura
372 3260 456 3328 labor,
484 3258 551 3312 dea:
574 3261 712 3312 reddimus
735 3276 796 3313 osan
819 3259 902 3326 tibull,
930 3258 958 3324 4)
986 3259 1162 3312 Continentur
1184 3263 1214 3312 in
1236 3262 1286 3312 troc
1308 3263 1395 3314 codice

169 3349 235 3402 lucii
252 3365 335 3403 unnee
353 3365 440 3403 senece
459 3351 613 3402 litterarum
633 3349 778 3402 morutium
796 3349 861 3401 iibri
878 3363 988 3402 numero
1007 3351 1105 3416 uipinti
1123 3351 1159 3402 ud
1181 3350 1313 3403 lucilium.
1350 3352 1394 3403 Aci

169 3439 284 3492 ebutium
307 3439 446 3492 liberalem
469 3441 584 3492 amimam
611 3455 689 3491 suum
717 3440 749 3491 de
770 3439 904 3504 beneficiis
927 3440 982 3490 sinc
1005 3439 1165 3492 liberalitate
1193 3439 1260 3491 iibri
1286 3446 1394 3506 septem.

170 3529 214 3581 Act
238 3545 361 3582 neronem
388 3530 420 3581 cic
443 3530 582 3581 clementia
605 3528 670 3580 libri
692 3529 751 3581 duo.
797 3529 878 3580 Liber
899 3529 1015 3580 eiusdem
1043 3529 1075 3581 de
1102 3535 1218 3596 quotuor
1241 3531 1392 3581 uirtutibus.

170 3619 225 3670 eice
243 3619 386 3670 secundum
403 3619 532 3686 quosdam
554 3619 586 3670 dc
604 3620 681 3684 copia
701 3617 839 3670 uerborum
858 3633 933 3684 quem
958 3619 1034 3669 misit
1053 3618 1139 3684 paulo
1162 3618 1291 3685 apostolo.
1328 3618 1396 3671 Item

167 3707 296 3773 parabole
325 3709 441 3760 eiucctcm
468 3709 611 3760 secundum
639 3707 760 3759 ordinem
787 3706 912 3773 ulpbubei
939 3704 1001 3770 (sic)
1029 3707 1159 3759 distincte.
1208 3707 1310 3773 Incipit
1333 3697 1394 3774 epti

169 3799 262 3866 primu
282 3813 369 3850 senece
388 3798 424 3849 ud
441 3794 569 3862 luciliuml
592 3797 693 3848 Lucius
711 3812 814 3848 cunnus
829 3797 926 3850 Seneca
945 3797 1038 3849 lucilio
1052 3796 1172 3849 caruem.
1205 3797 1354 3863 capitutum
1374 3797 1394 3848 I.

169 3883 249 3951 (haec
267 3885 361 3938 omnia
378 3885 442 3939 inde
460 3903 478 3939 n
498 3887 672 3939 Continentur
690 3883 777 3938 minio
799 3884 902 3953 scripta
924 3883 1002 3948 suunt)
1041 3883 1117 3951 lina:
1142 3886 1239 3952 Itaque
1264 3887 1302 3937 mi
1319 3885 1396 3938 lucili

169 3977 278 4029 vendica
302 3983 333 4042 te,
357 3975 411 4029 des.
435 3974 465 4028 in
489 3974 624 4043 epistulae
647 3973 699 4027 ΧΠ
718 3975 742 4038 3,
766 3973 810 4028 cui
834 3991 963 4028 numerus
987 3973 1123 4027 LXXXIX
1148 3973 1319 4043 praepositus
1345 3977 1394 4038 est,

169 4063 258 4118 verbis
286 4065 415 4119 extremis
438 4064 493 4118 his:
521 4066 651 4118 adhunc
674 4081 818 4132 peruenere
843 4072 982 4118 mansuetu
1005 4073 1075 4118 sunt.
1118 4062 1213 4131 ane.];
1242 4063 1269 4130 5)
1293 4066 1395 4133 Incipit

168 4157 283 4208 eusdem
294 4157 359 4209 tiber
365 4158 475 4223 primus
484 4157 515 4208 de
525 4156 657 4222 beneficiis
667 4157 703 4208 ud
714 4156 830 4208 ebutium
840 4156 976 4208 liberatem
986 4157 1101 4208 uminum
1111 4171 1197 4208 suum.
1223 4153 1299 4220 [inc.:
1320 4157 1396 4208 Inter

170 4245 266 4299 mrutos
284 4253 308 4298 ct
326 4247 418 4299 curios
436 4262 549 4309 errores,
573 4243 641 4298 des:
664 4253 703 4298 est
723 4247 817 4313 mcpni
835 4246 922 4298 animi
938 4247 1051 4312 perdere
1069 4253 1092 4298 et
1111 4243 1211 4310 iarah
1241 4244 1268 4310 s)
1293 4248 1395 4313 Incipit

168 4337 283 4388 duedem
302 4337 370 4388 iiber
383 4336 493 4401 primus
511 4336 543 4387 de
560 4335 698 4387 clementia
717 4335 753 4386 ud
771 4335 961 4401 imperatorem
980 4351 1103 4388 monem
1122 4336 1284 4400 discipulum
1308 4353 1395 4390 suum·

170 4423 246 4490 linc:
278 4426 348 4479 Nero
370 4441 446 4478 cesar
469 4425 578 4477 institui
601 4433 630 4476 ut
653 4425 854 4492 quodammodo,
882 4421 950 4477 dea:
976 4426 1104 4491 quomodo
1128 4427 1158 4477 in
1180 4433 1282 4478 rectum
1303 4443 1395 4495 parca

168 4513 345 4582 flectuntur.l;
366 4514 392 4580 l)
412 4515 514 4581 Incipit
533 4515 600 4566 liber
618 4515 734 4566 nmina
753 4515 785 4566 de
803 4515 881 4582 copia
899 4515 1039 4568 uerborum
1057 4517 1112 4568 sice
1130 4517 1162 4568 dc
1180 4523 1297 4582 qumuor
1311 4519 1396 4570 cirtu-

168 4607 239 4678 tibus
252 4607 289 4660 ud
298 4606 414 4673 paulum
428 4605 578 4672 apostolum
597 4601 710 4670 (ultima
728 4601 784 4657 tria
802 4603 884 4657 verba
902 4603 959 4658 alia
977 4619 1061 4658 manu
1080 4603 1189 4658 adiecta
1206 4605 1290 4672 sunt).
1318 4603 1394 4672 [inca

170 4696 290 4759 Quutucr
309 4697 439 4748 uirtutum
458 4696 567 4761 species,
590 4691 658 4746 dea:
682 4711 732 4762 que
750 4711 799 4762 per
817 4696 1006 4762 nepiipentium
1025 4693 1089 4762 tit.];
1118 4693 1148 4760 8)
1174 4695 1314 4764 Incipiunt
1330 4713 1396 4764 pro·

1219 4785 1235 4836 3
