3560 5242
807 417 825 480 9

202 643 312 704 reatris
347 641 460 703 Idaeae
497 637 620 722 aliaque
651 639 744 704 huius
778 641 901 723 generis
932 643 1231 718 commemoremur,
1269 642 1422 707 Francke-

201 743 272 808 nius
283 744 308 825 ¹)
336 744 438 807 totum
464 741 555 806 iilum
582 742 687 808 locum
714 762 771 808 suu
801 743 868 808 iure
892 744 1003 809 tribuit
1024 742 1165 807 Varroni.
1210 744 1321 827 Neque
1343 745 1422 810 haec

201 845 370 930 Augustini
397 845 448 908 vel
475 844 579 928 potius
601 844 752 911 Varronis
775 847 869 912 verba
892 852 1036 912 ‘navem
1058 894 1065 909 .
1090 895 1097 909 .
1119 895 1127 910 .
1150 866 1214 912 una
1236 848 1423 914 muliercula

202 966 279 1013 zona
302 948 462 1032 alligatam
478 995 485 1011 .
503 995 510 1011 .
527 947 677 1012 .movit'
701 948 866 1014 dissimilia
881 951 956 1014 sunt
970 948 1020 1013 his
1035 948 1254 1016 Tertullianeis
1277 956 1422 1016 ‘navem

201 1036 327 1134 cingulo
354 1051 587 1134 promotam'.
629 1051 937 1135 Tyndaridarum
958 1070 1048 1136 porro
1071 1053 1212 1137 exemplo
1233 1071 1296 1119 non
1313 1053 1422 1119 dubito

204 1153 278 1236 quin
307 1172 385 1218 usus
408 1153 449 1218 sit
470 1154 587 1231 Varro,
615 1154 674 1218 etsi
697 1155 893 1238 Augustinus
917 1158 1019 1234 caret,
1048 1173 1143 1237 quern
1165 1175 1266 1240 pauca
1288 1174 1325 1221 ex
1345 1155 1424 1221 Var-

202 1256 339 1322 ronianis
361 1257 514 1323 miracula
536 1257 700 1335 delibasse,
722 1258 876 1323 nonnulla
898 1258 1020 1324 silentio
1035 1259 1221 1342 praeterisse
1235 1277 1423 1343 persuasum

203 1360 311 1425 habeo.
355 1360 441 1425 Alios
473 1362 557 1425 certe
586 1363 710 1444 praeter
736 1360 910 1426 Minucium
939 1364 971 1425 et
999 1361 1228 1426 Tertullianum
1257 1362 1423 1446 scriptores

203 1462 511 1546 Tyndaridarum
539 1462 717 1546 exemplum
744 1482 808 1528 une
836 1482 908 1528 cum
933 1464 1087 1531 similibus
1111 1465 1271 1542 attulisse,
1304 1485 1365 1548 quo
1388 1485 1424 1529 ex

204 1585 335 1632 numero
359 1567 468 1630 matris
492 1567 605 1629 Idaeae
628 1568 807 1651 exemplum
830 1567 1124 1634 commemoravisse
1148 1568 1224 1632 satis
1241 1567 1310 1644 erit,
1333 1569 1424 1634 testis

204 1673 254 1733 est
275 1668 461 1734 Lactantius
483 1667 509 1734 Ι.
532 1669 571 1732 D.
594 1667 808 1753 117,esqq.,
833 1671 885 1752 qui
909 1689 945 1734 co
968 1669 1035 1735 loco
1058 1689 1159 1753 neque
1176 1669 1305 1736 Octavio
1323 1689 1423 1754 neque

205 1772 408 1854 Apologeticu
430 1791 508 1836 usus
532 1774 590 1836 est.
635 1772 700 1838 Cur
721 1773 818 1856 igitur
838 1772 957 1838 Varro
978 1773 1058 1838 iliud
1081 1774 1270 1838 miraculum
1285 1777 1424 1858 praeter-

205 1875 367 1940 mitteret?

293 1977 355 2044 Sed
389 1979 428 2042 ab
461 1979 528 2062 ipso
561 1978 700 2045 Varrone
729 1979 959 2044 Tertullianum
986 1978 1130 2062 exempla
1159 1997 1217 2043 sua
1244 1983 1425 2044 mutuatum

206 2099 275 2146 esse
297 2100 387 2164 nego.
431 2081 582 2166 Disputat
605 2083 688 2147 enim
707 2081 920 2147 Tertullianus
943 2082 1015 2147 inde
1039 2101 1057 2146 a
1079 2082 1189 2166 capitis
1213 2084 1253 2146 22
1276 2082 1364 2146 initio
1387 2081 1425 2146 dc

207 2184 412 2249 daemonibus
442 2185 487 2250 itu
509 2186 649 2269 quidem,
677 2185 789 2260 otiis,
819 2185 873 2267 qui
903 2186 1154 2268 apologetnrum‚
1185 2186 1238 2268 qui
1265 2187 1425 2262 vocantur,

207 2287 324 2372 scripta
344 2287 505 2370 legerunt,
535 2289 665 2355 dubium
688 2287 830 2352 futurum
852 2306 914 2352 non
937 2288 995 2366 sit,
1025 2288 1100 2370 quin
1122 2289 1301 2354 vetustioris
1324 2289 1426 2353 cuius·

208 2392 280 2455 dam
310 2391 468 2473 scriptoris
497 2391 700 2456 ecclesiastici
729 2392 823 2457 verba
849 2391 881 2455 in
913 2410 1006 2456 usum
1037 2410 1130 2456 suum
1158 2391 1354 2456 converterit.
1399 2395 1424 2454 A

207 2493 343 2559 Minucio
371 2512 443 2559 vero
469 2493 551 2560 hanc
577 2494 760 2558 Tertulliani
792 2493 830 2559 de
861 2495 1065 2560 daemonibus
1097 2495 1333 2579 explicationem
1364 2512 1426 2558 non

208 2598 385 2662 necessario
417 2598 594 2682 manavisse
625 2597 787 2662 Hartelius
817 2597 850 2679 (l.
883 2617 909 2662 e.
937 2618 967 2682 p.
997 2599 1058 2662 358
1081 2599 1141 2680 sq.)
1176 2596 1352 2662 luculenter
1375 2597 1428 2662 de·
1496 2660 1500 2668 .

208 2702 403 2766 monstravit
442 2700 613 2784 Scriptores
636 2699 852 2778 ecclesiastici,
875 2701 928 2767 ubi
952 2700 990 2766 de
1014 2701 1137 2766 diabolo
1160 2703 1192 2766 et
1214 2700 1252 2765 de
1269 2699 1427 2765 daemoni·

209 2805 268 2868 bus
298 2805 470 2888 exponunt,
501 2803 624 2886 saepius
651 2806 819 2888 provocant
846 2803 885 2867 ad
914 2803 991 2868 talia
1013 2805 1176 2881 miracula,
1204 2804 1310 2887 qualia
1333 2821 1428 2886 supro

212 2907 526 2973 commemoravimus
549 2905 601 2988 (cf.
624 2907 711 2971 Laut.
734 2905 759 2969 Ι.
777 2903 815 2968 Ι).
830 2905 863 2969 lI
880 2907 928 2982 16,
946 2907 1000 2982 11;
1022 2909 1103 2989 Aug.
1120 2907 1154 2973 C.
1172 2907 1210 2970 D.
1226 2903 1318 2971 XXII
1335 2906 1427 2986 11),’)

209 3029 312 3092 neque
339 3011 478 3076 alienum
504 3009 627 3075 videtur
656 3013 793 3075 statuere
823 3009 1018 3092 apologetam
1044 3009 1148 3086 illum,
1179 3028 1273 3092 quem
1306 3008 1429 3073 Tertul-

211 3113 315 3177 lianus
338 3113 375 3178 de
399 3113 603 3180 daemonibus
627 3113 783 3178 disserens
807 3115 932 3177 secutus
956 3115 1019 3191 est,
1042 3112 1137 3178 etiam
1160 3111 1214 3177 illa
1236 3112 1378 3195 exempla
1401 3112 1427 3176 ei

210 3215 333 3282 dedisse
357 3235 455 3300 eaque
479 3216 621 3300 exempla
644 3218 826 3281 mutuatum
850 3233 919 3280 esse
942 3234 961 3278 a
983 3214 1163 3298 Varrone.³)

211 3379 421 3386 -ο-ῌ--ι

283 3474 305 3537 1)
323 3471 432 3539 Fragm.
452 3471 531 3526 Varr.
550 3471 578 3526 in
596 3472 655 3526 libr.
674 3473 741 3538 Aug.
761 3470 795 3526 de
813 3473 861 3525 civ.
881 3472 932 3537 dei,
950 3471 1038 3540 Lngd.
1058 3472 1119 3526 But.
1140 3475 1207 3526 1836
1225 3489 1250 3540 p.
1271 3474 1329 3524 121.

280 3556 300 3624 ¹)
319 3557 411 3611 Etiam
436 3558 566 3627 Apuleius
589 3556 777 3613 blndnurensis
807 3557 875 3612 haec
903 3556 1034 3612 miracula
1063 3557 1238 3614 doemonibus
1268 3556 1362 3610 tribuit
1385 3555 1428 3622 (de

210 3641 261 3697 deo
280 3645 351 3698 Socr.
372 3645 406 3710 7).

282 3731 303 3786 ⁸1
322 3731 420 3784 Parum
439 3736 514 3785 recte
532 3730 706 3786 Schueukius
725 3730 852 3799 opinatus
871 3735 914 3785 est
932 3729 959 3800 (l.
973 3747 995 3784 6.
1009 3746 1035 3798 p.
1048 3731 1109 3795 213)
1128 3727 1325 3784 Tertullianum
1341 3725 1428 3794 (Apol.

212 3815 282 3868 221.
302 3833 323 3870 e.
343 3833 368 3884 p.
390 3817 452 3880 106,
472 3817 604 3885 usqu),
633 3821 663 3870 ut
687 3815 800 3871 16116666
825 3831 885 3870 esse
908 3815 1053 3870 daemones
1075 3814 1208 3882 exemplis
1232 3813 1429 3882 comprobaret,

213 3900 333 3956 Croesi
359 3901 468 3957 oraculo
496 3907 718 3968 commemorato,
743 3901 819 3956 cuiue
842 3901 909 3956 alibi
935 3917 1039 3969 quoque
1063 3901 1226 3956 mentionem
1249 3899 1360 3954 iecisset
1384 3899 1430 3965 lud

213 3992 269 4042 nat.
290 3987 315 4042 11
336 3989 393 4054 11),
418 3987 540 4058 Pyrrhi
563 3987 714 4055 exemplum
738 3988 875 4043 addidisse
899 3987 972 4056 apud
995 3985 1143 4041 Minucium
1169 3987 1222 4056 (26,
1234 3987 1262 4053 6)
1285 3988 1431 4051 repertum.

214 4072 274 4140 Quo
292 4073 350 4128 loco
370 4071 502 4126 Minucius
521 4072 678 4128 Ciceronem
696 4079 804 4129 secutus
822 4079 865 4128 est
882 4072 930 4141 (de
948 4072 999 4127 div.
1019 4071 1172 4138 1166115.
1188 4073 1263 4134 uby:

375 4158 430 4212 Cic.
788 4159 854 4214 Min.
1209 4156 1282 4212 Tert.

250 4244 322 4299 Nam
358 4259 418 4298 cum
454 4243 502 4297 illa
531 4258 590 4298 sors
669 4245 716 4300 De
737 4243 862 4316 Pyrrho
880 4243 1010 4298 Ennius
1089 4243 1121 4298 In
1140 4242 1256 4298 oraculis
1274 4246 1432 4309 artemque

215 4329 288 4384 edita
313 4334 356 4383 est
380 4327 591 4396 opulentissumo
635 4330 815 4399 Apollinis
841 4328 943 4401 Pythi
965 4345 1011 4384 re·
1053 4327 1432 4398 ingenioambiguitatestcm·

215 4414 274 4483 regi
310 4413 408 4470 Asiae:
445 4411 591 4469 Croesus
653 4431 781 4485 sponsu
811 4415 994 4481 confinxit,
1055 4419 1152 4484 parent
1183 4415 1212 4468 in
1240 4418 1352 4468 eventus
1385 4413 1431 4480 (sc.

216 4500 304 4570 Halyn
312 4505 591 4569 penctransmugnam
636 4517 707 4556 cum
726 4501 923 4570 ismApollo
944 4516 1012 4555 ver·
1033 4543 1037 4613 Ι
1055 4497 1433 4568 daemoneslsciuutcrocsi

217 4592 354 4654 pervertet
372 4585 527 4656 opumvim,
546 4585 592 4639 lro-
636 4588 826 4643 suslacere
852 4586 1146 4643 desisset..sciunt
1176 4585 1306 4655 Pyrrhi.
1354 4585 1433 4638 Cete-

217 4671 298 4728 stium
322 4673 376 4728 vim
400 4687 430 4728 se
453 4687 593 4742 perversu·
1035 4640 1117 4726 irum
1140 4671 1303 4728 testudinem
1321 4669 1433 4738 decoqui
