3598 5224
975 373 1018 435 48

385 563 528 630 exaratis
552 563 658 630 habet.
691 571 821 649 praeter
834 565 1021 648 Hieronymi
1044 564 1150 630 locum
1165 563 1309 630 Senecae
1329 571 1361 630 et
1375 565 1469 630 Pauli
1489 565 1610 650 epistu-

386 672 437 737 las
462 671 660 758 epitaphium
684 672 905 758 complectitur
929 670 1041 738 decem
1068 672 1190 757 primas
1222 671 1381 758 epistulas
1408 673 1503 758 primi
1530 672 1613 739 libri.

473 778 683 846 Leideusis
721 780 906 865 supplem.
942 781 1017 846 459
1045 809 1080 834 =
1107 779 1211 864 Lipsii
1245 783 1287 845 49
1321 781 1374 862 (L)
1412 780 1445 844 iu
1478 787 1613 864 quartae

385 886 508 952 formae
545 887 739 953 membranis
778 887 908 954 saeculo
946 887 1086 972 scriptus
1129 886 1328 954 duodecimo.
1397 895 1483 954 errat
1529 889 1613 954 enim

386 993 519 1060 Geelius
544 995 722 1078 (Cctclopua
746 997 892 1060 libro-rum
906 1017 978 1059 maa.
1003 998 1055 1078 qai
1077 997 1148 1059 iada
1170 996 1208 1059 ab
1224 1016 1306 1061 acac
1323 997 1404 1058 1741
1421 997 1613 1060 bibliothecae

385 1101 533 1182 latpduac
557 1104 692 1166 Butcuce
714 1111 907 1166 aecumaecui
929 1123 959 1187 p.
975 1106 1014 1166 41
1040 1123 1086 1184 sq.
1109 1101 1213 1185 Lugd.
1236 1103 1308 1167 Bat
1328 1102 1434 1190 185‘2),
1459 1103 1515 1186 qui
1538 1123 1611 1168 cum

385 1208 516 1274 saeculo
549 1208 717 1274 undecimo
751 1209 908 1292 assignat.
954 1207 1096 1274 continet
1124 1207 1211 1274 foliis
1241 1212 1371 1276 1-123
1402 1210 1611 1295 epistularum

384 1314 533 1381 volumen
556 1316 654 1401 prius,
683 1316 742 1382 sed
766 1315 853 1382 foliis
877 1317 1037 1382 nonnullis
1062 1317 1202 1382 exsectis
1225 1316 1339 1401 incipit
1361 1316 1436 1382 inde
1460 1337 1481 1382 a
1503 1317 1610 1382 verbis

384 1443 469 1504 quae
492 1431 566 1489 sunt
585 1423 613 1505 (Ι
629 1428 657 1508 7,
673 1423 723 1510 8);
748 1425 836 1488 Neue
857 1425 966 1488 cimilia
988 1425 1079 1488 acutia
1093 1427 1168 1506 fica.
1215 1431 1392 1506 sequnntur
1413 1431 1489 1508 post
1512 1423 1610 1490 libros

384 1529 426 1595 de
450 1529 621 1596 clementia
645 1538 677 1596 et
699 1531 815 1614 viginti
839 1531 979 1614 quinque
1003 1530 1182 1598 sententias
1196 1531 1393 1598 Annaeanas
1415 1530 1545 1597 libellus
1569 1531 1610 1596 de

384 1637 537 1704 remediis
566 1638 768 1703 fortuitorum
798 1641 839 1720 (v.
863 1660 893 1723 p.
920 1639 981 1704 131
1006 1637 1079 1704 adn.
1108 1641 1160 1719 17)
1191 1644 1223 1703 et
1252 1639 1411 1724 epistulae
1434 1637 1511 1703 XVI
1538 1644 1550 1704 l
1578 1645 1611 1704 ct

384 1745 522 1828 xviia,
546 1745 637 1811 cuius
651 1746 750 1810 verba
764 1751 929 1829 postrema
944 1744 1020 1810 inde
1035 1745 1077 1810 ab
1092 1745 1210 1810 his-cic
1232 1747 1367 1811 meatum
1389 1768 1444 1810 aec
1462 1748 1517 1810 hcc
1529 1753 1608 1829 apat,

385 1853 462 1934 quia
485 1851 630 1916 ultimum
653 1851 775 1917 codicis
799 1850 910 1916 folium
934 1852 1082 1918 avulsum
1105 1860 1163 1937 cst,
1188 1853 1360 1936 perierunt.
1407 1852 1467 1918 has
1492 1853 1609 1937 epistu-

383 1959 434 2025 las
462 1967 495 2024 et
522 1958 637 2025 librum
666 1958 707 2024 de
734 1957 885 2024 remediis
914 1959 1115 2025 fortuitorum
1143 1959 1291 2025 exaravit
1321 1979 1437 2026 manus
1460 1981 1480 2024 a
1502 1960 1610 2045 priore

384 2066 523 2150 diversa,
555 2064 614 2132 sed
642 2064 788 2132 eiusdem
814 2065 941 2132 aetatis.
987 2087 1082 2152 porro
1111 2073 1213 2132 totum
1241 2065 1385 2133 codicem
1413 2067 1611 2152 paulopost

384 2195 481 2258 quam
504 2174 644 2258 scriptus
669 2173 881 2239 est-correxit
903 2193 1018 2240 manus
1042 2173 1193 2240 secunda.
1230 2175 1346 2241 eadem
1371 2175 1505 2241 lacunas
1521 2173 1610 2239 haud

383 2301 507 2367 paucas
535 2302 556 2345 a
583 2280 714 2346 librario
742 2280 873 2346 relictas
902 2279 1051 2365 explevit.
1102 2288 1272 2366 praeterea
1299 2283 1439 2368 plurima
1467 2281 1609 2365 vestigia

384 2395 458 2454 sunt
481 2407 596 2454 manus
620 2386 787 2453 cuiusdam
811 2387 932 2453 sacculi
958 2386 1073 2453 decimi
1098 2388 1209 2472 quinti,
1233 2408 1325 2472 quae,
1355 2409 1426 2455 cum
1450 2388 1609 2474 graphide

383 2515 443 2562 usa
472 2495 522 2580 sit,
555 2493 621 2560 fere
649 2502 847 2561 evanuerunt
876 2502 907 2561 et
935 2495 988 2560 ubi
1017 2494 1230 2580 dispiciuntur
1259 2496 1378 2563 nullius
1406 2496 1502 2581 pretii
1526 2503 1609 2563 aunt.

384 2601 528 2669 eiusdem
561 2601 628 2668 fere
656 2602 776 2668 aetatis
805 2622 919 2668 manus
946 2609 1126 2668 atramento
1155 2602 1278 2687 pallido
1308 2624 1368 2669 usa
1396 2603 1552 2690 epistulas
1576 2604 1611 2668 in

382 2710 481 2776 libros
505 2708 661 2775 distinxit.
707 2709 785 2775 ordo
810 2729 919 2775 earum
943 2708 1029 2776 idem
1053 2716 1103 2775 est
1127 2717 1224 2793 atque
1248 2711 1407 2796 vulgaris,
1436 2711 1498 2777 nisi
1523 2710 1612 2793 quod

383 2838 433 2901 ep.
457 2817 549 2882 1x4
578 2823 653 2901 post
681 2817 768 2882 vlc
799 2817 984 2882 collocatur.
1029 2824 1145 2901 postca
1178 2825 1286 2883 tamen
1320 2817 1469 2885 librarius
1503 2837 1611 2883 errore

383 2943 440 2989 suc
469 2931 639 3009 perspecto
668 2932 742 3010 post
771 2945 819 3009 ap.
843 2925 891 2989 IX
914 2928 934 2990 3
962 2923 1043 2990 haec
1072 2926 1171 2990 verba
1200 2924 1388 3010 adscripsit:
1413 2933 1615 3006 IththtE

383 3037 531 3096 REtt'O.
570 3033 675 3096 Minue
698 3033 750 3096 tihi
772 3041 941 3098 accuratur.
979 3032 1098 3097 contuli
1122 3030 1207 3096 hunc
1227 3032 1378 3116 codicem,
1402 3052 1609 3116 quemnemo

382 3145 456 3222 post
477 3139 623 3223 Lipsium
646 3139 855 3223 usurpavisse
877 3138 1013 3224 videtur,
1037 3161 1057 3203 a
1080 3139 1128 3204 W.
1148 3139 1186 3205 N.
1210 3139 1253 3204 du
1276 3139 1364 3224 Rieu,
1392 3138 1609 3205 bibliothecae

381 3244 553 3311 Leidensis
584 3245 763 3330 praelecto,
800 3266 864 3329 qua
896 3246 980 3312 solet
1010 3245 1219 3328 humanitate,
1248 3246 1475 3312 Vratislaviam
1504 3253 1607 3313 hans-

383 3353 525 3419 missum.

472 3459 532 3526 hos
556 3459 654 3544 igitur
675 3458 785 3544 libros,
809 3481 879 3525 cum
902 3466 1032 3546 praeter
1055 3461 1134 3526 vitia
1157 3461 1258 3526 multa
1282 3461 1461 3526 communia
1484 3459 1608 3526 eisdem

383 3574 480 3650 atque
516 3568 567 3631 Pr.
601 3568 620 3633 b
657 3567 959 3651 interpolationibus
997 3566 1156 3650 inquinati
1193 3568 1257 3632 sint
1294 3569 1336 3646 (v.
1359 3588 1390 3652 p.
1414 3570 1457 3632 110
1485 3569 1544 3649 sq.)
1573 3575 1607 3633 et

382 3682 511 3761 praeter
539 3695 564 3759 c,
597 3675 688 3740 cuius
719 3675 853 3759 primum
886 3681 1010 3740 tantum
1041 3675 1136 3740 modo
1170 3675 1411 3758 quaternionem
1444 3681 1605 3741 servatum

383 3803 456 3850 esse
484 3803 581 3868 supra
610 3783 687 3868 dixi,
720 3783 752 3847 in
781 3782 895 3850 eadem
917 3784 1017 3849 rerba
1040 3783 1199 3868 desinant,
1228 3783 1372 3850 eiusdem
1396 3783 1507 3868 stirpis
1531 3804 1605 3851 esse

382 3897 632 3957 consentancum
656 3891 765 3972 est.³⁸)
802 3891 988 3973 neutiquam
1011 3899 1119 3956 tamen
1143 3890 1186 3956 ad
1210 3911 1290 3976 earn,
1314 3911 1378 3974 qua
1394 3890 1450 3955 illc
1466 3891 1605 3977 excellit,

382 3999 560 4084 scripturae
583 3997 724 4064 traditae
748 3998 967 4064 sinceritatem
990 3997 1145 4084 aspirant.
1191 4019 1262 4064 cum
1286 3998 1368 4065 onim
1393 4035 1437 4044 -
1460 3997 1495 4061 id
1518 3998 1604 4080 quod

471 4230 507 4300 ³⁸)
526 4231 640 4286 eandem
659 4232 693 4286 cb
716 4249 826 4286 eausam
848 4232 969 4286 codicem
991 4231 1320 4301 Montepcssulanum
1344 4231 1479 4285 scholae
1503 4231 1603 4284 medi-

381 4323 476 4376 cinae
502 4322 535 4376 H.
562 4323 613 4376 116
639 4322 877 4375 membranaceum
905 4322 1008 4377 saeculi
1036 4321 1100 4374 Xlll
1128 4321 1231 4376 formae
1253 4321 1390 4375 maximae
1413 4320 1603 4374 columnarum

380 4412 507 4466 binarum
530 4411 595 4465 huuic
618 4411 742 4466 familiae
769 4411 898 4465 adscribo.
941 4412 1015 4465 hunc
1036 4413 1129 4465 tammr
1158 4429 1212 4479 quo
1233 4409 1418 4465 intercedente
1441 4411 1601 4465 benevolen-

381 4501 486 4556 tissime
509 4501 538 4555 L.
557 4501 659 4556 Delisle
683 4501 795 4556 Parisiis
818 4501 860 4555 uti
883 4501 953 4554 mihi
971 4501 1063 4566 licuit,
1088 4518 1149 4554 cum
1171 4500 1412 4570 neglegentissime
1435 4499 1601 4572 descriptum

381 4609 438 4646 esse
464 4596 494 4646 et
524 4591 601 4646 vitiis
627 4594 731 4646 scatere
759 4590 1026 4656 animadvertissem,
1060 4593 1092 4644 ut
1118 4589 1235 4658 tempori
1263 4605 1413 4657 parcerem,
1447 4591 1601 4644 accuratius

380 4680 537 4734 examinare
555 4680 639 4734 nolui.
