3634 5240
913 305 953 366 72

824 391 897 398 μ,-
909 391 947 395 --
956 390 1035 396 ----..-

318 530 422 595 minus
446 531 517 612 apte
540 531 595 594 aut
621 531 758 593 metrum
779 529 930 610 pangeret
958 528 1014 591 ant
1036 544 1165 592 sensum
1187 527 1392 610 exprimeret,
1425 527 1544 610 placuit

318 632 533 698 conditoribus
549 631 668 696 adscito
691 630 828 714 spondeo
852 630 953 711 etqui
975 649 1013 694 ex
1035 648 1071 694 eo
1094 649 1150 713 per
1166 629 1350 694 divisionem
1364 632 1544 714 temporum

320 737 493 819 gignuntur
516 753 571 818 per
594 733 736 816 dipodias
758 734 789 797 id
812 733 992 798 scandere.“

406 839 539 903 Paribus
568 839 675 900 autem
706 836 833 900 sedibus
856 854 912 900 cur
935 835 1064 919 spondei
1086 836 1319 901 admisceantur
1341 854 1360 900 a
1380 836 1481 919 poetis
1496 855 1547 901 co-

319 942 408 1007 micis
432 942 479 1024 (et
493 941 627 1004 maxime
644 940 851 1021 aRomanis),
874 958 936 1003 non
953 939 1014 1003 alia
1036 939 1074 1003 de
1097 957 1194 1004 causa
1215 939 1261 1015 fit,
1284 958 1380 1021 quam
1402 959 1464 1021 quo
1482 958 1547 1004 ser·

320 1037 421 1110 monis
444 1043 590 1108 cotidiani
618 1043 747 1107 similior
767 1042 824 1106 fiat
846 1042 958 1106 oratio:
987 1042 1111 1106 Terent.
1134 1041 1233 1105 Maur.
1257 1042 1340 1104 2232
1362 1041 1420 1123 (=
1441 1040 1545 1106 Rufin.

320 1147 445 1231 pbbd,
470 1149 509 1210 14
532 1145 563 1208 Κ
585 1145 799 1209 :Priscian
823 1145 861 1209 de
884 1147 975 1208 metr.
999 1145 1122 1208 Terent.
1144 1164 1173 1227 p.
1198 1146 1270 1222 419,
1294 1146 1334 1208 22
1357 1145 1420 1228 Κ);

486 1247 570 1326 „Sed
593 1249 644 1329 qui
668 1249 828 1330 pedestres
851 1247 973 1312 fabulas
997 1265 1086 1312 socco
1109 1250 1266 1329 premunt,

488 1353 534 1418 Ut
556 1370 636 1432 quae
659 1351 832 1433 loquuntur
855 1351 982 1432 sumpta
1004 1350 1043 1413 de
1066 1351 1131 1414 vita
1152 1351 1254 1433 putes,

488 1453 610 1518 Vitiant
631 1455 773 1518 iambum
796 1453 947 1518 tractibus
970 1451 1147 1534 spondiacis

488 1557 529 1620 lit
551 1557 582 1619 in
606 1556 742 1621 secundo
766 1558 798 1620 et
819 1556 930 1620 ceteris
953 1573 1051 1636 aeque
1073 1553 1161 1630 locis,

486 1658 658 1741 Fidemque
680 1659 761 1723 fictis
785 1659 860 1723 dum
882 1660 1053 1742 procurant
1081 1657 1206 1736 fabulis,

487 1760 525 1824 In
547 1765 649 1826 metra
671 1765 803 1845 peceant
825 1765 901 1839 arte,
922 1781 985 1825 non
1008 1760 1142 1838 inscitia,

487 1864 535 1929 Ne
558 1865 623 1930 sint
644 1884 757 1930 sonora
779 1866 874 1929 verba
896 1864 1144 1940 consuetudinis,

487 1967 686 2050 Paulumque
709 1986 818 2032 rursus
842 1987 861 2031 a
883 1968 992 2031 solutis
1015 1966 1169 2030 differant.

487 2070 589 2153 Magis
612 2071 672 2135 ista
694 2071 808 2134 nostri:
832 2089 907 2134 nam
930 2070 992 2134 fere
1018 2069 1145 2135 Graecis
1168 2069 1261 2132 tenax

488 2173 571 2238 (lura
593 2176 642 2239 est
661 2174 759 2238 iambi
780 2173 830 2238 vel
853 2173 984 2237 novellis
1007 2171 1133 2236 comicis

492 2276 550 2340 Vel
574 2276 626 2360 qui
648 2277 681 2340 in
704 2279 829 2341 vetusta
850 2278 1034 2359 praecluent
1056 2274 1244 2340 comoedia.“

321 2379 400 2444 inde
432 2398 491 2444 sua
522 2379 629 2444 hausit
662 2380 779 2444 Marius
813 2379 929 2443 Viator.
963 2400 992 2462 p.
1029 2380 1107 2456 132,
1142 2378 1298 2456 31-133,
1334 2379 1353 2440 3
1388 2377 1431 2456 Κ,
1465 2380 1549 2459 post-

324 2501 419 2564 quam
446 2483 556 2547 eadem
584 2482 648 2547 fere
675 2482 817 2565 exposuit
847 2503 877 2566 p.
901 2483 952 2559 80,
976 2482 1016 2545 30
1039 2481 1084 2544 K:
1121 2480 1282 2558 „similiter
1309 2480 1391 2564 apud
1415 2481 1549 2546 comicos

323 2585 422 2650 laxius
445 2585 581 2668 spatium
597 2587 737 2650 versibus
761 2585 871 2650 datum
895 2587 953 2650 est.
998 2585 1082 2650 Nam
1098 2586 1130 2648 et
1151 2585 1206 2648 illa
1228 2584 1305 2662 loca,
1329 2601 1409 2665 quae
1424 2583 1549 2667 propria

323 2687 426 2751 iambo
456 2687 624 2764 debentur,
659 2689 804 2771 spondeis
827 2690 984 2771 occupant
1012 2686 1198 2770 dactyloque
1222 2690 1254 2751 et
1282 2687 1451 2770 anapaesto
1473 2685 1548 2750 locis

324 2790 463 2871 adaeque
490 2790 664 2873 disparibus
691 2790 841 2860 <utuntur
869 2795 901 2856 et
927 2789 1081 2874 paribus).
1126 2789 1177 2854 Ita
1204 2790 1280 2853 dum
1310 2789 1549 2854 cotidianum

324 2912 536 2957 sermonem
556 2894 671 2958 imitari
695 2895 855 2970 nituntur,
889 2897 991 2958 metra
1013 2893 1127 2958 vitiant
1148 2892 1264 2969 studio,
1298 2911 1361 2956 non
1383 2892 1549 2975 imperitia,

325 2995 407 3078 quod
429 2994 624 3077 frequentius
648 2997 730 3079 apud
753 2999 877 3061 nostros
901 3015 996 3079 quam
1013 2996 1148 3061 Graecos
1169 2995 1336 3060 invenies.“
1381 2997 1549 3078 Angustia.

325 3098 363 3162 de
386 3117 466 3163 mus.
490 3096 517 3159 V
540 3117 565 3164 c.
590 3100 644 3162 ll:
680 3100 751 3177 „sed
775 3101 802 3164 si
825 3101 883 3164 boc
906 3101 1018 3165 saltem
1042 3100 1222 3164 constanter
1244 3100 1404 3162 teneretur
1434 3099 1492 3181 (sc.
1515 3102 1552 3163 ut

326 3203 359 3264 in
381 3201 531 3282 legitimis
554 3204 680 3266 tantum
704 3200 829 3267 sedibus
853 3202 981 3286 spondei
998 3200 1263 3284 admitterentur),
1287 3200 1431 3283 quamvis
1453 3202 1549 3284 podes

327 3304 444 3388 epitriti
467 3305 568 3386 magis
592 3305 738 3370 orationis
761 3305 825 3369 sint
847 3325 941 3388 quam
965 3305 1132 3388 poematis,
1165 3323 1224 3369 nee
1246 3305 1311 3369 iam
1333 3305 1473 3369 senarius
1495 3305 1550 3369 sed

325 3407 478 3471 ternarius
495 3426 602 3471 versus
625 3409 831 3482 inueniretur3
854 3428 917 3472 non
941 3410 1048 3473 tamen
1070 3408 1248 3472 omnimodo
1270 3407 1326 3472 illa
1347 3425 1550 3472 numerorum

325 3509 568 3574 labefactaretur
600 3511 781 3592 aequalitas.
826 3511 920 3575 Nune
950 3530 1022 3576 vero
1056 3513 1204 3593 quattuor
1236 3513 1413 3593 temporum
1443 3510 1549 3594 pedes,

326 3613 494 3677 dummodo
516 3615 548 3677 in
570 3613 646 3677 loeis
668 3615 849 3679 memoratis
864 3617 1030 3697 ponantur,
1052 3614 1125 3679 licet
1146 3633 1209 3678 non
1232 3614 1335 3678 solum
1356 3613 1387 3676 in
1404 3613 1550 3679 omnibus

326 3733 453 3798 ponere,
487 3716 543 3780 sed
565 3716 619 3779 ubi
642 3717 720 3780 libet
742 3736 851 3782 eorum
873 3719 905 3781 et
928 3717 1050 3799 quoties
1072 3717 1156 3781 libet.
1200 3715 1307 3781 Nostri
1335 3735 1406 3781 vero
1428 3718 1550 3780 veteres

326 3837 384 3883 nee
406 3819 476 3902 ipsa
498 3819 638 3883 locorum
653 3820 820 3884 intervalla
841 3818 1094 3883 intermiscendis
1109 3818 1326 3884 huiuscemodi
1340 3818 1471 3901 pedibus
1488 3837 1550 3882 ser·

326 3941 399 3986 vare
429 3924 606 4005 potuerunt
650 3921 753 4001 Quare
783 3923 815 3986 in
840 3922 898 3986 boc
921 3941 1034 4004 genere
1062 3922 1172 4004 poetae
1195 3923 1257 3986 ista
1280 3922 1477 4005 corruptione
1502 3925 1549 3987 at-

327 4043 387 4106 que
414 4025 541 4089 licentia
567 4025 661 4108 plane
688 4027 823 4090 assecuti
852 4027 940 4101 sunt,
975 4025 1056 4108 quod
1086 4043 1138 4089 eos
1161 4025 1296 4090 voluisse
1331 4025 1549 4090 arbitrandum

328 4130 385 4206 est,
407 4130 445 4191 ut
467 4131 574 4192 essent
596 4128 627 4191 in
652 4127 765 4193 fabulis
788 4131 933 4212 poemata
955 4129 1104 4194 solutae
1127 4129 1292 4194 orationi
1316 4128 1549 4194 simillima.“

413 4230 494 4311 Ergo
510 4250 572 4294 non
587 4231 678 4295 modo
701 4231 813 4313 longae
836 4231 975 4314 syllabae
999 4232 1102 4297 versui
1125 4233 1261 4297 insertae
1284 4231 1323 4297 ad
1340 4232 1461 4296 solutae
1485 4250 1552 4296 ora-

327 4333 420 4397 tionis
443 4332 681 4397 similitudinem
703 4352 776 4397 eum
800 4334 1010 4412 addunemnt,
1034 4336 1089 4399 sed
1116 4335 1200 4400 idem
1222 4336 1368 4400 effectum
1395 4337 1444 4400 est
1466 4334 1550 4399 omni

327 4435 419 4499 metri
446 4435 632 4513 variatione,
664 4456 727 4519 qua
752 4437 902 4522 primaria
929 4438 996 4502 eius
1023 4436 1125 4503 forma
1152 4437 1382 4520 quodammodo
1405 4437 1552 4503 obscura-

327 4539 433 4613 batur;
456 4557 531 4603 nam
555 4558 670 4624 suppar
692 4540 755 4606 fere
778 4543 827 4606 est
849 4541 926 4606 hoec
949 4541 1034 4606 varia
1056 4543 1088 4605 et
1103 4541 1202 4606 mixta
1221 4540 1401 4626 compositio
1416 4541 1552 4606 sermoni
