3560 5242
802 416 845 478 49

213 636 333 701 Paulus
360 635 520 720 deperdita
549 635 605 700 illa
631 655 667 701 ac
689 637 825 720 pleniore
854 636 924 702 libri
947 636 984 702 de
1007 636 1125 720 origine
1148 639 1250 719 gentis
1273 639 1433 704 Romanae

213 740 391 804 recensione
421 758 509 815 usus,
536 739 570 801 in
598 757 694 820 quam
716 737 912 804 Varroniano
934 740 1086 804 memoria
1107 759 1162 823 per
1185 739 1314 824 Vergilii
1338 743 1434 806 inter-

213 845 334 924 pretem
358 840 479 906 ridetur
501 859 713 924 permanasse.
757 841 870 923 Itaque
893 839 1010 906 Paulus
1033 843 1065 910 et
1086 842 1299 909 Tertullianus
1322 845 1432 910 urbem

212 943 395 1009 Saturniam
421 943 642 1008 intellexerunt
664 963 749 1020 eam,
776 961 856 1025 quae
878 942 912 1006 in
933 943 1060 1008 Etruria
1082 944 1143 1008 sita
1164 947 1213 1010 est
1234 946 1433 1028 (Mommsen.

211 1048 231 1110 l.
255 1067 281 1110 c.
305 1067 333 1129 p.
356 1046 448 1126 404),
476 1046 563 1111 cuius
588 1046 696 1110 ruinas
723 1046 820 1110 etiam
846 1065 931 1110 nunc
961 1064 1125 1129 superesse
1153 1050 1293 1124 constat,
1324 1052 1434 1113 contra

212 1150 369 1214 Minucius
397 1148 520 1212 ridetur
547 1147 584 1212 de
611 1148 755 1214 sabulosa
785 1150 861 1213 urbe
883 1149 918 1211 in
940 1148 1018 1212 colle
1041 1148 1230 1232 Capitolino,
1259 1151 1312 1233 qni
1335 1152 1429 1216 etiam

212 1253 380 1318 Saturnius
409 1251 590 1315 nominatus
620 1254 670 1315 est
698 1256 737 1327 (v.
767 1250 917 1333 Schwegl.
947 1251 985 1315 R.
1015 1250 1051 1315 O.
1074 1249 1089 1314 l
1112 1253 1203 1334 213),
1232 1252 1431 1335 cogitassel)

212 1356 279 1420 Nec
302 1374 410 1420 vocem
432 1353 570 1418 civitas
593 1353 753 1436 adoptavit
776 1351 933 1418 Minucius
956 1356 989 1416 et
1010 1353 1237 1421 aTcrtulliano
1253 1359 1285 1420 et
1300 1375 1318 1420 a
1333 1356 1432 1420 Paulo

212 1462 405 1541 usurpatam.
449 1456 544 1521 Porro
577 1455 789 1520 Tertullianus
823 1455 916 1538 paulo
950 1458 1022 1538 post
1054 1456 1159 1533 illum,
1191 1457 1318 1540 dequo
1340 1459 1433 1524 modo

212 1563 320 1625 actum
343 1562 400 1636 est,
423 1558 527 1623 locum
542 1558 635 1622 verbo
659 1558 932 1640 cognominare
956 1558 1062 1631 utitur,
1086 1559 1169 1641 quod
1185 1559 1259 1624 alibi
1275 1578 1433 1642 nusquam

213 1662 389 1746 usurpavit,
418 1679 521 1743 neque
554 1661 650 1725 habet
673 1660 822 1726 Octavius
854 1659 907 1726 illo
936 1661 1013 1730 loco.
1053 1659 1171 1727 Contra
1200 1681 1277 1728 usus
1300 1667 1350 1728 est
1372 1664 1431 1728 hoc

213 1766 308 1830 uerbo
331 1764 463 1846 scriptor
486 1763 623 1844 Originis
646 1765 688 1843 (2,
703 1763 749 1846 4).
788 1762 856 1842 Quo
878 1764 946 1828 loco
969 1764 1028 1828 etsi
1051 1764 1279 1830 sententiarum
1296 1784 1431 1830 conexus

213 1868 295 1932 alius
311 1870 359 1932 est
375 1870 469 1948 atque
485 1865 568 1950 apud
583 1865 821 1942 Tertullianum,
845 1868 953 1930 tamen
968 1866 1127 1949 probabile
1143 1870 1192 1931 est
1204 1867 1285 1933 illud
1301 1868 1431 1933 verbum

213 1968 351 2034 Varrone
376 1973 501 2034 auctore
524 1968 556 2031 in
578 1967 816 2051 Apologeticum
838 1969 1000 2051 migrasse.
1037 1968 1205 2034 Praeterea
1218 1970 1430 2035 Tertullianus

211 2073 351 2156 scripsit:
380 2073 439 2136 ‘Ab
465 2072 534 2154 ipso
556 2071 613 2154 (sc.
637 2069 785 2150 Saturno)
809 2117 815 2132 .
840 2071 1068 2153 ..imagine
1095 2073 1238 2154 sipnatus
1266 2074 1431 2148 nurnmns',

212 2173 385 2240 Minucius:
417 2175 453 2238 is
482 2177 538 2254 (sc.
563 2173 731 2252 Saturnus)
754 2221 761 2234 .
786 2220 792 2235 .
818 2221 825 2234 .
848 2173 942 2237 rudes
969 2174 1041 2238 illos
1069 2175 1210 2238 homines
1238 2175 1432 2240 ...multa

213 2277 318 2342 docuit
346 2326 354 2340 .
379 2326 385 2340 .
410 2327 433 2352 .‚
463 2295 602 2338 nummos
624 2277 749 2358 signare
774 2323 780 2338 .
806 2323 812 2337 .
838 2276 855 2337 .’
880 2276 995 2340 omisso
1018 2276 1230 2341 additamento
1252 2276 1431 2359 imagine.

211 2377 300 2457 Quae
330 2383 436 2444 autem
469 2379 562 2444 hierit
592 2379 648 2444 illa
672 2378 789 2460 imago,
822 2397 895 2442 cum
922 2378 1032 2444 doceat
1060 2379 1153 2460 Origo
1176 2381 1205 2454 3,
1228 2381 1262 2455 4,
1296 2383 1426 2461 apparet

212 2481 415 2563 cogitandum
438 2501 507 2547 esse
530 2481 567 2546 de
590 2480 659 2546 Iani
682 2481 783 2564 capite
806 2485 837 2545 et
858 2499 946 2546 nave.
984 2481 1115 2546 Videtur
1137 2481 1232 2563 igitur
1254 2481 1331 2544 illud
1354 2500 1431 2563 quo

212 2603 272 2666 que
310 2585 560 2649 additamentum
603 2583 734 2648 Varroni
778 2582 990 2648 Tertullianus
1032 2584 1154 2650 debere.
1218 2583 1361 2665 Denique
1398 2584 1431 2648 id

213 2686 401 2751 documento
429 2690 478 2752 est
504 2687 734 2751 Tertullianum
760 2686 888 2750 Minucii
919 2686 1050 2768 vestigia
1071 2706 1134 2751 non
1156 2686 1321 2770 pressisse,
1345 2685 1427 2768 quod

210 2788 262 2852 hic
285 2789 324 2854 ad
347 2789 539 2854 aerarium
562 2790 719 2854 Saturni
743 2792 775 2853 et
798 2790 1021 2854 aTertulliano
1043 2789 1273 2873 etascriptore
1290 2788 1426 2871 Originis

212 2893 255 2973 (3,
277 2892 309 2972 6)
338 2895 617 2958 commemoratum
647 2891 773 2956 omnino
804 2911 867 2956 non
893 2893 1081 2975 provocarit.
1125 2891 1288 2957 Postremo
1315 2911 1426 2957 moneo

209 2995 307 3058 etiam
336 2995 397 3058 alia
427 2995 509 3078 apud
532 2995 762 3060 Tertullianum
786 2994 861 3075 legi,
885 2995 1020 3076 quaein
1044 2994 1173 3060 Octavio
1196 2994 1314 3071 desint,
1342 2995 1428 3060 relut

209 3097 288 3162 haec
310 3097 419 3162 rerba:
444 3098 502 3168 ‘vel
524 3097 614 3175 Iane,
640 3101 674 3162 ul
698 3097 772 3161 Salii
796 3096 929 3174 volunt',
953 3115 1032 3178 quae
1056 3100 1088 3161 et
1109 3097 1178 3180 ipsa
1200 3098 1327 3181 sapiunt
1349 3095 1428 3160 Var-

209 3219 333 3276 ronem,
355 3202 644 3265 ‘commentatorem
665 3199 816 3264 eiusmodi
838 3199 1083 3281 antiquitatum'.

297 3302 359 3367 Sed
384 3322 447 3367 non
475 3305 513 3368 ab
541 3304 608 3386 ipso
638 3303 775 3367 Varrone
798 3302 981 3366 Tertulliani
1003 3303 1109 3367 locum
1132 3303 1231 3386 (Apol
1258 3305 1296 3368 10
1319 3324 1349 3387 p.
1373 3303 1425 3378 80,

210 3406 251 3467 26
275 3408 354 3487 sqq.)
388 3409 551 3489 sumptum
586 3425 653 3470 esse
687 3423 813 3481 censeo,
843 3405 941 3469 immo
975 3405 1184 3488 exscriptore
1216 3405 1426 3470 ecclesiastico

209 3505 359 3572 Varronis
404 3508 543 3590 vestigiis
590 3509 738 3590 ingresso.
803 3507 885 3571 Nam
923 3508 1012 3590 Apol.
1051 3508 1090 3570 10
1136 3512 1261 3591 praeter
1305 3513 1425 3572 ceteros

209 3611 375 3693 scriptores
415 3614 678 3675 commemoratur
713 3611 870 3676 Thallus
908 3609 1053 3692 qnidam,
1096 3611 1150 3692 qui
1187 3630 1259 3675 cum
1297 3610 1427 3675 Ohroni-

209 3731 317 3777 corum
345 3713 440 3778 libros
468 3716 532 3778 tres
560 3718 593 3778 et
618 3713 772 3778 Historias
801 3713 946 3795 Assyrias
979 3717 1051 3796 post
1081 3733 1199 3778 annum
1227 3714 1268 3775 33
1294 3733 1324 3796 p.
1352 3711 1444 3778 Ohr..

208 3816 418 3898 composuerit
446 3814 498 3894 (cf.
524 3816 666 3880 Mueller.
693 3817 727 3880 F.
756 3815 795 3878 Η.
825 3815 862 3880 G.
885 3814 933 3878 III
950 3816 1037 3894 all),
1065 3816 1243 3880 aVarrone
1271 3815 1426 3879 nominari

209 3936 270 3981 non
301 3919 410 4000 potuit.
460 3917 587 4000 Legisse
616 3923 722 3983 autem
749 3917 977 3982 Tertullianum
999 3918 1101 3982 Thalli
1127 3919 1242 4002 scripta
1265 3935 1366 3999 neque
1389 3936 1426 3980 ex

208 4019 279 4096 hoc,
318 4019 355 4084 de
394 4040 455 4103 quo
488 4041 572 4085 nunc
606 4023 722 4104 agitur,
768 4021 835 4086 loco
868 4019 1017 4095 efficitur,
1060 4039 1161 4102 noque
1196 4039 1232 4084 er
1262 4021 1351 4103 Apol.
1386 4021 1425 4083 19

208 4143 238 4205 p.
262 4124 312 4200 97,
334 4124 367 4198 9;
389 4124 486 4189 immo
513 4125 641 4188 nomina
664 4124 768 4188 Thalli
793 4129 1031 4205 ceterorumque
1058 4124 1258 4206 scriptorum,
1292 4142 1426 4205 quorum

91 4211 95 4233 ‘
208 4225 295 4308 Apol.
320 4227 359 4288 19
381 4246 411 4308 p.
434 4227 473 4290 97
502 4227 620 4292 mentio
646 4226 695 4304 fit,
724 4227 763 4290 ab
791 4227 851 4290 alio
879 4226 1029 4308 scriptore
1057 4227 1238 4290 mutuatum
1260 4245 1328 4290 esse
1352 4225 1427 4289 Ter-

207 4327 377 4392 tullianum
410 4329 521 4395 docent
558 4331 590 4394 hi
622 4329 683 4394 loci
719 4329 851 4394 similes:
886 4329 953 4392 Tat.
984 4347 1027 4392 or.
1061 4327 1099 4391 ad
1133 4327 1240 4392 Graec.
1274 4328 1314 4390 36
1343 4347 1424 4409 sqq.;

208 4485 289 4492 *-
303 4487 418 4494 ...———-

291 4586 310 4652 1)
334 4583 375 4638 nd
398 4584 511 4638 eandem
536 4585 629 4638 urbem
652 4587 762 4653 spectat
784 4582 902 4650 Orig.3‚
922 4584 935 4635 1
955 4582 1091 4648 (hlamma.
1111 4582 1128 4634 l.
1153 4587 1198 4646 c).
1230 4581 1260 4635 ln
1284 4581 1426 4650 deperdita

208 4667 328 4736 Originis
345 4669 501 4724 recensione
518 4675 547 4724 et
565 4669 642 4724 huius
660 4675 689 4724 et
706 4668 775 4724 illius
793 4669 867 4723 urbis
886 4669 986 4722 mentio
1004 4667 1079 4722 lacta
1096 4670 1163 4722 erat.

1199 4753 1216 4806 4
