3568 5238
201 651 383 730 cogitemus.
416 650 486 714 flue
509 649 638 724 accedit,
661 649 745 730 qnod
765 649 824 714 Dio
839 646 972 712 XXXVI
994 649 1037 712 44
1057 649 1141 728 (27),
1164 667 1258 730 quam
1278 648 1336 712 hoc
1358 647 1424 730 ipso

200 754 267 818 lcoc
290 771 349 817 sua
370 772 407 817 ea
422 753 509 817 Livio
529 755 709 816 mutuatum
731 770 799 816 esse
823 771 919 835 snpra
934 755 976 834 (p.
993 752 1034 814 33
1050 754 1108 832 sq.)
1132 749 1425 842 demonstravimus,

202 875 394 938 quamquam
416 855 539 918 Pisonis
562 857 696 918 mortem
720 858 957 930 commemorat,
986 854 1024 918 de
1049 853 1107 918 hoc
1130 873 1254 918 rumore
1277 853 1425 936 Pompeio

200 963 269 1024 tam
290 959 404 1024 infesto
426 960 520 1022 tacet.

286 1061 331 1126 Ut
354 1065 461 1125 autem
483 1058 521 1124 de
544 1059 639 1124 caedo
662 1063 822 1124 senatus
842 1059 976 1124 Asconio
999 1079 1071 1124 curn
1095 1059 1244 1124 Sallustio
1267 1078 1330 1122 nnn
1352 1078 1425 1123 oon-

202 1164 337 1238 veniret,
365 1165 411 1227 ita
432 1163 552 1226 factum
576 1162 714 1237 ridetur,
750 1164 787 1226 ut
821 1163 990 1226 scholiasta
1013 1161 1171 1228 Ciceronis
1201 1163 1296 1226 verba
1332 1168 1423 1225 ‘oum

202 1266 262 1331 Cn.
286 1266 424 1330 Pisone
456 1265 559 1330 socio
575 1313 703 1328 ......
738 1265 890 1330 caedem
927 1265 1175 1346 optimatium
1208 1264 1333 1328 facere
1367 1285 1425 1328 ro-

201 1368 333 1444 luisti',
358 1387 437 1450 quae
460 1368 552 1432 modo
576 1370 759 1450 scripserat,
782 1368 876 1432 nimis
899 1367 1086 1450 presserit1).
1125 1367 1231 1431 Iltiam
1255 1367 1424 1432 Sallustius

203 1471 266 1552 ipse
301 1470 406 1550 (Catil.
441 1472 492 1542 18,
518 1471 549 1551 7)
577 1471 647 1534 illos
674 1471 739 1536 iam
770 1473 837 1535 tum
864 1489 938 1534 non
968 1470 1195 1534 consulibus
1217 1471 1336 1545 modo,
1360 1473 1424 1534 sed

203 1573 397 1655 plerisque
420 1573 668 1638 senatoribus
691 1573 861 1655 perniciem
883 1573 1081 1638 machinatos
1105 1592 1173 1638 esso
1197 1573 1361 1654 significat.

524 1845 660 1947 Capiti
685 1846 753 1928 IV.
805 1845 868 1920 De
897 1849 1170 1923 Fenestella.
1202 1847 1206 1854 ’

288 2017 368 2096 Quid
392 2021 424 2083 et
447 2023 601 2100 quantum
624 2018 776 2082 Asconius
799 2017 994 2083 Fenestellae
1017 2019 1139 2094 debeat,
1163 2019 1251 2082 cuius
1275 2019 1424 2082 librorum

201 2139 373 2202 perpaucae
411 2121 559 2202 reliquiae
594 2123 731 2186 aetatem
758 2122 915 2198 tulerunt,
951 2121 1170 2186 difficillimum
1205 2121 1254 2184 est
1288 2121 1424 2201 cognitu.

202 2221 284 2285 Nam
322 2223 348 2286 si
390 2225 429 2287 ab
468 2224 505 2287 iis
552 2224 627 2287 loeis
660 2225 841 2298 recesseris,
891 2225 1005 2305 quibus
1050 2223 1229 2288 Fenestella
1272 2226 1424 2305 expressis

201 2325 304 2388 uerbis
333 2345 352 2389 a
382 2327 550 2391 scholiasta
576 2327 737 2403 laudatur,
772 2347 811 2391 ne
850 2327 942 2390 unius
980 2327 1106 2408 quidem
1142 2327 1225 2407 origo
1253 2326 1425 2390 rationibus

203 2429 296 2491 certis
334 2429 372 2492 ab
414 2429 468 2493 illo
506 2429 638 2493 derivari
679 2433 797 2512 potest;
846 2447 1053 2512 quamquam,
1096 2448 1167 2493 cum
1215 2429 1424 2492 Fenestellam

140 2547 144 2556 ·
202 2531 247 2593 ita
268 2551 340 2595 cum
357 2531 507 2597 Sallustio
528 2531 675 2614 Lirioque
699 2536 879 2615 componat,
902 2535 938 2595 nt
960 2533 1017 2596 hos
1039 2533 1205 2615 scriptores
1221 2531 1354 2595 maxime
1378 2550 1426 2595 se-

202 2636 310 2697 cutum
343 2655 376 2698 se
404 2655 472 2700 esse
494 2635 611 2700 indicet
634 2635 675 2719 (p.
693 2636 743 2711 59,
769 2635 876 2714 1-5),
903 2655 961 2699 nec
987 2653 1057 2699 raro
1079 2635 1270 2699 mentionem
1293 2635 1359 2698 eius
1381 2634 1426 2698 fa-

202 2737 273 2811 ciat,
297 2741 332 2800 ut
354 2739 477 2802 Livium
502 2737 751 2820 Sallustiumque
774 2739 818 2801 ita
840 2737 1052 2802 Fenestellam
1080 2756 1202 2820 quoque
1227 2756 1245 2801 a
1268 2755 1426 2801 commen-

203 2841 302 2901 tatere
331 2841 431 2904 multo
460 2842 585 2923 saepius
613 2843 790 2925 inspectum
820 2859 888 2905 esse
918 2858 1012 2921 quam
1050 2841 1249 2904 nominatum
1273 2841 1424 2924 suspicari

204 2940 285 3003 licet.
330 2943 468 3018 Accedit,
497 2944 579 3024 quod
608 2944 700 3008 huius
730 2944 970 3024 ‘diligentissimi
1001 2943 1203 3026 scriptoris'u
1231 2944 1360 3006 annales
1383 2980 1424 2988 —

203 3059 277 3106 nam
306 3043 343 3106 de
371 3044 567 3109 distantum
593 3065 682 3128 posse
712 3046 841 3128 cogitari
870 3064 906 3109 er
930 3045 1114 3128 fragmentis
1149 3045 1252 3109 elucet
1279 3081 1319 3091 —
1353 3066 1423 3110 curn

203 3145 378 3226 antiquiora
410 3149 496 3212 urbis
519 3153 696 3230 tempora³l
727 3152 796 3212 tum
834 3149 1017 3212 memoriam
1054 3149 1194 3212 cadentis
1225 3148 1342 3214 liberae
1382 3151 1424 3212 rei

203 3248 345 3330 publicae
369 3253 435 3314 tam
457 3251 579 3333 copiose
607 3254 638 3314 et
665 3255 809 3315 accurate
831 3253 992 3314 narratam
1015 3251 1232 3326 continebant,
1270 3257 1306 3314 ut
1329 3253 1424 3316 etiam

205 3351 398 3432 singularum
412 3353 569 3418 Ciceronis
586 3353 788 3436 orationum)
804 3353 883 3416 ratic
899 3353 1068 3417 haberetur
1083 3357 1115 3418 et
1136 3354 1277 3436 scriptori
1295 3355 1425 3424 curioso.

204 3455 305 3534 qualis
329 3459 378 3519 est
399 3457 561 3533 Asconius,
585 3457 690 3540 ampla
713 3457 964 3539 suppeditaretur
986 3458 1126 3521 materia.

290 3575 440 3641 Nominat
454 3579 682 3642 commentator
696 3577 907 3640 Fenestellam
929 3577 978 3640 his
1001 3577 1091 3641 loeis:
1115 3597 1144 3660 p.
1159 3582 1189 3652 4,
1213 3577 1269 3648 20;
1293 3577 1344 3651 27,
1369 3578 1424 3648 14;

205 3677 255 3753 59,
278 3681 312 3750 4;
338 3679 387 3754 76,
412 3682 445 3747 9:
471 3680 525 3754 77,
550 3681 600 3753 10,
624 3680 757 3761 denique
774 3679 856 3762 apud
873 3679 1009 3743 Gellium
1025 3678 1082 3742 XV
1106 3680 1157 3754 28,
1179 3682 1211 3756 4,
1234 3679 1278 3742 ita
1290 3679 1426 3761 pleum-

205 3799 279 3861 que,
314 3786 350 3845 ut
372 3783 461 3846 illum
484 3783 665 3866 impugnet3
700 3781 780 3864 quod
810 3801 881 3845 eum
911 3784 977 3846 iure
1001 3783 1112 3846 iecisse
1140 3782 1333 3864 argumentis
1356 3800 1426 3844 errr-

204 3883 335 3948 minatis
358 3889 483 3950 constat
505 3887 526 3966 ).

277 3991 321 4050 Ao
334 3988 539 4052 Drnmannus
553 3989 689 4070 quidem,
701 4007 772 4053 cum
782 3992 913 4071 poneret
927 3985 973 4069 (Il
985 4008 1014 4071 p.
1028 3989 1068 4050 63
1082 4008 1111 4050 n.
1123 3989 1178 4067 41)
1189 3993 1244 4052 aut
1256 3989 1425 4051 Asconium

204 4093 254 4155 vel
265 4095 367 4176 potius
383 4091 604 4164 Fenestellam,
620 4091 717 4173 ipsius
727 4091 859 4164 Pisonis,
876 4093 1092 4172 contraquam
1106 4091 1424 4164 oratioest,socerum

275 4345 294 4404 ¹)
314 4342 348 4397 cf.
367 4345 398 4398 C.
416 4344 492 4400 John
512 4346 541 4398 in
559 4345 650 4399 annal.
669 4343 764 4415 philol.
783 4344 919 4415 supplem.
938 4343 1013 4398 VIIl
1033 4361 1059 4416 p.
1079 4347 1137 4399 712.

274 4431 296 4488 ¹¹)
316 4427 392 4484 Lacu.
409 4429 496 4484 instit.
514 4429 569 4484 dir.
589 4430 643 4497 16,
661 4430 702 4484 14.

274 4517 294 4578 ³)
314 4515 348 4568 cf.
367 4515 511 4581 Mercklin‚
529 4515 563 4570 de
573 4514 729 4570 Fenestella
742 4515 871 4570 historico
888 4522 916 4570 et
928 4523 1008 4586 poeta
1020 4517 1085 4587 μῦς
1105 4515 1192 4570 Poetlr
1211 4515 1228 4569 l.
1241 4533 1264 4570 e.
1283 4534 1308 4587 p.
1324 4519 1355 4570 13
1367 4533 1425 4586 sqq.

274 4603 295 4664 ⁴)
314 4599 347 4654 cl.
367 4599 551 4656 Fenestellam
570 4601 644 4672 apud
664 4604 727 4655 Aee.
745 4619 772 4670 p.
790 4602 833 4666 76,
851 4603 868 4654 8
885 4609 914 4655 et
931 4601 1005 4672 apud
1024 4601 1096 4656 Gell.
1115 4601 1172 4656 XV
1190 4605 1233 4668 28,
1252 4604 1276 4656 4.

273 4687 294 4754 ⁶)
313 4685 347 4740 cf.
363 4703 449 4758 supra
466 4705 491 4758 p.
509 4688 544 4743 25
561 4705 587 4741 n.
606 4689 630 4740 2.
