3634 5240
958 374 998 436 78

856 647 992 749 Caput
1017 647 1095 728 Ill.

475 835 493 915 ᾖ
515 835 564 897 18.
611 833 663 898 De
685 835 795 900 varia
817 855 996 919 generum
1019 835 1320 918 rhythmicorum
1343 835 1481 900 indole.

453 988 641 1070 Priusquam
664 989 789 1072 singula
811 991 1030 1071 rhythmorum
1053 1007 1169 1071 genera
1188 1006 1365 1071 persequar,
1388 992 1425 1054 ut
1439 989 1534 1073 pedes
1557 993 1590 1054 ct

367 1092 480 1168 metra,
505 1109 584 1172 quac
608 1091 652 1154 eis
675 1093 875 1156 attribuenda
896 1097 986 1168 sunt,
1010 1092 1199 1166 examinem,
1227 1091 1404 1156 adscribam
1427 1111 1464 1156 ea
1485 1093 1588 1168 verba,

367 1195 480 1275 quibus
501 1193 671 1270 Aristiden,
702 1195 777 1276 quid
800 1196 924 1259 omnino
955 1189 975 1279 ἡ
998 1190 1142 1281 διαφορὰ
1164 1191 1247 1258 κατὰ
1269 1191 1359 1280 γένος
1390 1194 1428 1258 ad
1452 1194 1589 1260 indolem

367 1296 589 1379 rhythmorum
612 1297 726 1374 valeat,
749 1298 883 1362 breviter
906 1299 1044 1381 exponit:
1068 1318 1096 1381 p.
1114 1299 1152 1360 97
1170 1297 1203 1360 Μ
1225 1325 1268 1352 =
1291 1299 1342 1374 59,
1360 1297 1399 1360 19
1414 1297 1450 1362 J:
1474 1291 1589 1378 οἱμὲν

367 1395 400 1462 έν
421 1393 484 1483 ἴσιμ
506 1395 590 1483 λόγῳ
612 1395 798 1485 τεταγμένοι
826 1391 869 1463 δι’
893 1391 1082 1485 ὁμαλότητα
1105 1396 1322 1484 χαριέστεροι,
1355 1394 1383 1464 oi
1408 1391 1436 1464 ό
1453 1395 1487 1464 έν
1509 1395 1588 1464 εἰτι-

366 1497 471 1588 μορίηι
488 1492 544 1566 διὰ
566 1493 752 1566 τούναντίον
768 1498 964 1587 κεκινημένοι
976 1505 1014 1583 ¹),
1035 1499 1132 1583 μέσοι
1157 1501 1194 1566 δὲ
1210 1497 1241 1567 oi
1265 1498 1299 1566 ἐν
1320 1505 1367 1588 τῷ
1383 1497 1586 1582 διπλασίονι,

366 1598 554 1687 ἀνωμαλίας
570 1603 630 1686 μὲν
654 1596 709 1668 διὰ
733 1593 792 1691 τὴν
806 1596 985 1691 ἀνισότητα
1002 1601 1239 1692 μετειληφότες,
1265 1599 1463 1691 όμαλότητος
1479 1601 1516 1668 δὲ
1532 1600 1588 1668 διὰ

366 1700 404 1772 τὸ
426 1711 491 1774 τῶν
512 1700 669 1790 όριθμῶν
691 1699 844 1794 ἀκέραιον
864 1705 919 1771 καί
941 1704 1114 1793 τοῦλόγου
1136 1704 1173 1772 τὸ
1195 1700 1475 1794 όιτηρτισμένονλ)
1519 1707 1588 1787 Quo

367 1832 438 1876 cum
456 1812 523 1875 loco
541 1811 729 1875 conferenda
745 1813 828 1888 sunt,
853 1830 932 1893 qnae
954 1812 1037 1875 idem
1052 1811 1208 1894 rhythmis
1224 1829 1297 1876 cunr
1311 1811 1445 1874 hominis
1464 1811 1588 1875 incessu

368 1915 555 1997 comparatis
578 1914 670 1996 paulo
693 1913 775 1979 infra
797 1914 938 1996 disputat
959 1934 988 1996 p.
1008 1915 1048 1977 99
1060 1913 1093 1976 Μ
1109 1941 1149 1968 z
1166 1914 1215 1992 60,
1231 1914 1271 1976 26
1287 1914 1322 1980 J:
1340 1908 1374 1977 ἔν
1388 1934 1424 1997 γε
1438 1903 1502 1998 μὴν
1517 1915 1589 1989 ταῖς

367 2012 518 2102 πορείαις
540 2008 614 2094 τοὺς
635 2015 696 2098 μὲν
717 2011 837 2103 εὐμήκη
864 2038 900 2080 τε
921 2016 976 2080 καὶ
997 2009 1054 2080 ἰ’σα
1077 2007 1160 2080 κατὰ
1181 2007 1239 2081 τὸν
1260 2015 1431 2081 σπονδεῖον
1458 2010 1587 2098 βαίνον-

366 2143 426 2197 τας
441 2114 596 2201 κοσμίους
610 2141 645 2182 τε
665 2110 703 2183 τὸ
725 2106 808 2204 ἦθος
829 2118 884 2183 καὶ
901 2110 1063 2205 ἀνδρείως
1084 2110 1124 2183 dv
1141 2143 1193 2197 τις
1208 2113 1303 2206 stipor,
1327 2112 1402 2197 τοὺς
1424 2111 1452 2182 ὅ
1469 2110 1588 2204 εὐμήκη

365 2221 440 2305 μέν,
475 2213 573 2286 όίνισα
600 2219 637 2286 δὲ
664 2213 748 2286 κατὰ
773 2214 847 2300 τοὺς
873 2217 1045 2306 τροχαίους
1070 2215 1091 2306 ἢ
1115 2218 1266 2300 παίωνας
1292 2218 1511 2308 θερμοτέρους
1531 2223 1588 2284 τοῦ

368 2319 653 2401 cinnamolgus*
675 2317 746 2402 ἰ’σα,
768 2315 871 2412 μικρὰ
886 2323 923 2388 δέ
946 2320 1018 2388 λίαν
1040 2317 1121 2388 κατὰ
1143 2315 1199 2389 τὸν
1222 2319 1395 2408 πυρρίχιον
1416 2315 1588 2400 ταπεινοὺς

367 2425 421 2490 καὶ
444 2417 594 2512 ἀγεννεῖς,
617 2420 689 2505 τοὺς
711 2426 747 2492 δὲ
769 2418 872 2512 βραχὺ
893 2425 948 2491 καὶ
971 2417 1084 2491 όνισον
1106 2425 1162 2492 καί
1185 2425 1275 2513 ἐγγὺς
1297 2419 1430 2511 ἀλογίας
1452 2429 1587 2514 ῥυθμῶν

366 2525 580 2593 παντάπασιν
613 2527 849 2612 ἐκλελυμένους·
883 2525 958 2608 τοός
988 2552 1022 2614 γε
1043 2522 1108 2614 μὴν
1130 2526 1255 2607 τούτοις
1283 2524 1410 2594 ἅπασιν
1444 2519 1588 2604 ἀτάκτοις

363 2628 548 2718 χρωμένους
574 2625 649 2696 οὐδὲ
671 2625 727 2717 τὴν
754 2630 901 2698 όιόνοιαν
927 2636 1153 2711 καθεστῶτας,
1183 2629 1392 2718 παραφόρους
1419 2628 1456 2695 δὲ
1484 2653 1587 2695 κατα-

364 2755 500 2820 νοησεις.

668 2977 686 3057 g
710 2977 759 3039 19.
804 2977 857 3041 Ι)ε
878 2976 1057 3059 rhythmo
1081 2976 1285 3058 dactylico.

455 3147 502 3212 De
526 3148 642 3230 dactyli
669 3147 757 3231 pedis
781 3150 813 3211 et
834 3148 1008 3212 hexametri
1031 3167 1067 3212 ox
1091 3147 1224 3230 dactylis
1248 3145 1410 3230 compositi
1432 3146 1586 3227 gravitate

371 3255 403 3316 et
427 3251 620 3315 sublimitate
644 3269 751 3314 omnes
774 3253 984 3314 consentiunt.

452 3371 719 3453 Antiquissimum
748 3374 854 3434 autem
878 3371 916 3436 de
938 3371 1026 3436 heroi
1049 3370 1202 3453 dignitato
1224 3369 1375 3433 iudicium
1399 3371 1448 3434 est
1469 3369 1587 3432 Aristo

366 3475 437 3539 telis
464 3474 556 3538 Rhet.
583 3473 632 3536 ΙΠ
661 3475 681 3536 8
711 3474 808 3536 1408b
834 3475 885 3549 32,
920 3475 974 3556 qui
1007 3475 1094 3539 locus
1125 3473 1159 3536 in
1189 3473 1348 3538 codicibus
1375 3491 1448 3537 cum
1474 3473 1519 3536 ita
1545 3471 1587 3535 sit

368 3579 517 3660 scriptus:
546 3567 564 3640 ό
587 3573 646 3648 μέν
668 3569 772 3662 ἡρῶος
794 3569 909 3658 σεμνὸς
930 3574 985 3640 καί
1008 3571 1153 3653 λεκτικὸς
1175 3573 1229 3640 καί
1254 3569 1406 3661 ἁρμονίας
1429 3571 1585 3657 δεόμενος,

366 3683 411 3745 sic
434 3679 640 3744 emendentur
663 3681 785 3761 oportet
798 3680 893 3744 verba
910 3678 1033 3756 tradita,
1049 3682 1086 3744 ut
1101 3680 1276 3743 contrarius
1291 3679 1445 3742 efficiatur
1460 3696 1586 3751 sensus;

368 3843 572 3852 —na-..n-..u

437 3939 457 4002 ¹)
474 3951 501 4002 p.
514 3933 585 3988 98bl
604 3955 639 3981 -τ
656 3934 698 4000 60,
712 3935 724 3987 l
740 3933 770 3989 J:
788 3939 846 3990 vois
865 3931 932 3987 dcv
950 3931 1065 4002 ἡμιολίῳ
1082 3931 1155 4006 λόγῳ
1174 3935 1374 4006 θεωρουμένοις
1392 3934 1585 3986 ἐνθουσιαστι-

366 4023 496 4088 ιιαντίραιε
514 4018 585 4071 εἶναι
602 4023 780 4088 συμβέβηκεν,
800 4020 835 4076 ὡς
852 4023 926 4090 ἔφην.

437 4109 458 4176 “)
478 4107 530 4161 Pro
548 4105 702 4176 synonymis
715 4105 873 4175 accipienda
885 4112 949 4162 sunt
966 4107 1000 4159 τό
1017 4107 1076 4160 τῶν
1093 4105 1226 4180 ἀριθμῶν
1243 4105 1374 4178 ἀκέραιον
1391 4111 1420 4160 et
1436 4105 1487 4157 τοῦ
1504 4103 1587 4176 λόγου

366 4192 399 4246 τὸ
419 4190 627 4264 ἀπηρτισμένου
654 4191 700 4257 (ct.
719 4191 868 4246 Hermanni
887 4192 984 4247 Vctter
1012 4192 1156 4260 ‘specimen
1180 4192 1258 4245 lexici
1277 4194 1303 4245 in
1323 4192 1439 4245 musicos
1458 4191 1585 4246 Graecoa'

369 4278 503 4348 [Misenae
534 4277 609 4347 1861]
638 4295 659 4330 a.
679 4295 700 4331 r.
721 4275 866 4348 ἀπαρτίζει
892 4293 917 4346 p.
936 4279 978 4346 4),
1005 4278 1186 4346 intellegenda
1213 4279 1261 4331 illo
1287 4277 1392 4344 quidem
1419 4277 1453 4330 dc
1480 4277 1586 4331 ratione

368 4367 489 4432 σημείων
506 4363 533 4416 in
552 4377 651 4430 genere
669 4364 769 4433 duplici
788 4364 848 4416 1:2
866 4365 906 4418 vel
924 4365 958 4416 2:
971 4369 993 4430 1,
1013 4380 1124 4432 quorum
1143 4379 1312 4418 nunreroruni
1327 4364 1396 4416 alter
1415 4365 1501 4418 altero
1518 4364 1586 4417 mul-

368 4451 492 4519 tiplicato
518 4448 549 4501 fit
567 4449 621 4508 ita,
648 4455 679 4502 ut
697 4449 761 4502 nihil
780 4450 912 4518 supersim
943 4452 1013 4518 quod
1032 4457 1128 4504 contro
1151 4450 1250 4503 accidit
1269 4451 1294 4502 in
1318 4465 1416 4517 genere
1435 4449 1585 4518 sescuplici.

367 4537 442 4589 cuiue
468 4535 571 4588 numeri
596 4536 657 4590 2ι3
680 4551 732 4589 non
759 4535 872 4590 eandem
897 4537 1030 4604 praebent
1048 4534 1163 4590 rationis
1187 4537 1405 4602 simplicitatem
1424 4535 1464 4589 cl..
1485 4537 1586 4590 Onerat

368 4623 520 4688 firuudap
548 4622 606 4672 261.
