3480 5230
763 393 804 458 25

676 479 887 490 ——n—-n

175 609 354 678 Praeterea
377 609 502 678 Tullius
532 611 603 701 ipse
637 613 671 680 in
699 614 793 682 libris
821 615 862 682 de
891 619 1021 682 oratore
1043 614 1104 699 (111
1129 622 1189 686 107
1212 618 1273 701 sq.)
1296 615 1394 684 docet

173 738 306 784 necesse
330 736 402 782 esse
424 721 535 783 orator
558 717 599 784 de
622 718 853 806 qualicumque
875 741 912 786 re
935 719 1040 804 possit
1063 719 1181 786 dicere.
1228 719 1312 800 Quid
1333 719 1394 806 igi-

177 822 255 888 tnr?
278 820 403 888 falsane
418 822 620 906 Augustinus
642 823 800 892 tradiditl
843 823 887 889 At
909 822 982 888 vide
1005 843 1103 906 quam
1126 845 1227 909 prope
1257 824 1395 891 accedat

177 925 220 992 ad
242 923 374 992 theseos
396 925 546 1011 exempla
569 948 590 992 a
612 927 768 994 Cicerone
791 925 896 992 allata
912 927 1087 1010 Augustini
1109 927 1307 1012 exemplum:
1331 948 1393 1009 „an

171 1027 466 1113 philosophandum
481 1030 568 1099 sitr‘
593 1032 642 1097 An
658 1030 856 1115 putabimus,
879 1029 908 1096 si
930 1030 1003 1114 quis
1024 1030 1205 1097 diiudicare
1221 1053 1394 1116 argumen-

172 1132 258 1200 tisve
286 1133 436 1199 evincere
462 1155 528 1199 non
550 1134 671 1217 possit,
701 1140 810 1202 ulrum
833 1133 1130 1218 philosophandum
1157 1134 1201 1200 sit
1220 1155 1335 1216 necne,
1363 1135 1394 1200 ei

175 1232 237 1300 hoc
260 1237 391 1303 nescire
406 1237 526 1321 pudori
548 1259 620 1302 esse
640 1238 736 1320 eique
757 1236 1038 1304 erubescendum?
1061 1236 1095 1302 Si
1119 1237 1199 1320 quid
1216 1238 1319 1320 video,
1341 1259 1394 1304 res

172 1339 220 1404 sic
235 1337 401 1406 sehabet:
428 1341 649 1424 Hermagoras
672 1363 706 1406 re
723 1346 849 1406 verast
870 1337 1027 1406 noluntaria
1050 1337 1218 1428 ζητήματα
1240 1345 1274 1406 et
1294 1336 1395 1407 θέσιν

172 1449 273 1527 atque
293 1437 457 1511 ὑπόθεσιν
477 1448 517 1509 ut
532 1443 702 1509 materiam
726 1444 850 1510 oratori
872 1443 1004 1523 tribuit,
1020 1447 1054 1508 et
1076 1443 1182 1509 thesin
1207 1444 1337 1529 quidem
1354 1465 1393 1510 eo

172 1565 279 1626 sensu,
303 1567 368 1631 quo
391 1547 491 1612 etiam
515 1546 737 1630 quaestiones,
762 1568 843 1630 quas
866 1547 923 1611 alii
947 1545 1144 1631 philosopho
1167 1552 1294 1612 tanturn
1318 1568 1394 1612 con-

170 1650 336 1716 venientes
349 1650 467 1730 dicant,
483 1648 808 1732 comprehendantur.
840 1649 955 1733 Neque
967 1654 1144 1733 propterea
1155 1649 1394 1734 vituperatione

174 1752 289 1836 dignus
323 1752 487 1819 videbitur
509 1753 727 1836 Hermagoras
755 1753 801 1834 ei,
830 1753 887 1835 qui
916 1753 1100 1818 meminerit
1123 1752 1309 1819 Stoicorum
1333 1776 1395 1818 πο-

169 1858 303 1922 λιτικῶν
331 1852 524 1945 ζῃημαίτων
553 1854 769 1926 definitiones.
813 1856 897 1922 Sunt
928 1855 1012 1920 enirn
1047 1855 1157 1922 civiles
1185 1855 1393 1941 quaestiones

171 1981 238 2037 eae,
262 1981 346 2044 quae
367 1960 402 2024 in
417 1979 618 2024 communem
637 1959 737 2024 animi
760 1959 1007 2044 conceptionem
1030 1951 1151 2046 (κοινὴν
1173 1955 1313 2044 ἔννοιαν)
1339 1979 1392 2025 ca-

172 2062 262 2128 dunt.
297 2063 368 2129 Hoc
399 2061 595 2129 vocabulum
630 2061 854 2129 Volkmannus
887 2062 919 2146 (l.
944 2082 970 2128 e.
993 2083 1024 2144 p.
1055 2063 1109 2148 le)
1142 2063 1189 2129 sic
1223 2061 1391 2146 explanat:

170 2203 268 2223 -.—
286 2165 365 2247 „der
387 2165 552 2232 stoischen
577 2163 811 2249 Philosophsn,
841 2165 894 2232 die
916 2171 1014 2230 unter
1034 2164 1140 2230 κοιναὶ
1163 2161 1283 2233 baccus
1311 2163 1393 2231 alles

171 2268 340 2353 dasjenige
374 2269 587 2347 verstanden,
615 2289 680 2334 uas
716 2269 780 2334 den
811 2269 922 2334 Inhalt
960 2267 1018 2332 des
1057 2267 1392 2334 durcbschnittlichen

169 2371 405 2438 Bewusstseins
443 2371 501 2436 des
542 2370 746 2456 Gabildeten
772 2371 956 2450 ausmacbt,
993 2371 1052 2436 wie
1085 2370 1143 2435 wir
1179 2392 1279 2456 sagen
1311 2376 1392 2437 witr-

171 2474 264 2544 den.“
311 2476 382 2542 Iam
407 2496 517 2556 nemo,
546 2475 677 2559 opinor,
705 2497 771 2541 non
806 2479 994 2558 cognoscet,
1027 2473 1212 2542 Stoicorum
1239 2474 1297 2539 illa
1337 2495 1393 2539 vc·

170 2579 290 2644 cabula
309 2577 479 2645 sollemnia
500 2578 618 2662 (καιναὶ
640 2575 770 2666 ἔννοιαι)
782 2599 958 2662 eorumque
973 2577 1140 2644 notionem
1152 2599 1215 2643 non
1231 2582 1299 2642 tam
1311 2577 1392 2642 artis

170 2686 203 2746 et
225 2682 324 2748 certis
347 2681 466 2747 finibus
489 2704 560 2748 esse
582 2683 871 2767 circumscriptam,
895 2686 933 2747 ut
954 2702 1065 2746 omnes
1088 2680 1128 2746 de
1144 2680 1268 2746 eisdem
1291 2700 1391 2764 quae·

170 2784 332 2870 sticnibus
361 2786 541 2871 propositis
567 2786 789 2865 consentiant,
818 2789 928 2849 utrum
955 2783 1076 2848 cadant
1098 2783 1196 2848 etiam
1219 2805 1307 2848 nunc
1329 2782 1390 2848 sub

174 2886 282 2975 κοινὴν
305 2883 429 2956 ἔννοιαν
451 2909 561 2954 necne.
605 2888 712 2968 Quint
736 2886 826 2971 quod
848 2887 949 2952 Stoici
972 2886 1035 2972 ipsi
1058 2891 1237 2970 praecepta
1266 2907 1326 2952 sua
1348 2885 1390 2952 ab

170 2991 245 3056 aliis
267 2989 319 3056 vel
343 2989 600 3078 παραδοξότατα
622 2990 738 3057 habita
759 2989 976 3073 comprobare
999 2989 1154 3055 volebant
1175 2989 1389 3074 significando

170 3114 210 3158 ea
232 3114 412 3178 congruere
440 3116 514 3161 cum
540 3098 665 3174 κοιναῖς
687 3088 875 3176 ε’ννοίαιςῗῑ)
930 3092 1024 3157 Aliud
1046 3093 1180 3177 insuper
1202 3093 1331 3173 addam,
1353 3099 1391 3159 ut

170 3197 339 3265 ostendam
362 3198 447 3263 hanc
469 3198 666 3263 locutionem
684 3197 829 3263 Stoicam
852 3216 917 3260 non
940 3194 1021 3261 bene
1045 3201 1235 3280 usurpatam
1252 3216 1323 3262 esse
1345 3195 1389 3261 ad

170 3301 351 3380 materiam,
375 3321 461 3384 quae
482 3301 607 3366 oratori
631 3300 813 3378 conveniat,
837 3298 1126 3364 determinandam.
1163 3299 1266 3365 Nemo
1289 3319 1389 3383 nega-

171 3402 222 3469 bit
242 3424 351 3469 veram
375 3425 507 3469 causam
531 3409 565 3470 et
587 3403 631 3470 ad
652 3402 808 3468 iudiciale
831 3402 960 3468 dicendi
988 3422 1088 3486 genus
1112 3402 1330 3484 pertinentem
1355 3408 1389 3468 et

170 3512 345 3590 propterea
369 3505 430 3572 sub
453 3504 607 3574 πολιτικὰ
631 3503 798 3594 &scripura
818 3505 1070 3571 subsumendam
1091 3525 1163 3570 esse
1182 3504 1281 3569 hanc:
1304 3504 1387 3568 Mul-

170 3616 264 3695 catur
287 3608 408 3693 aliquis
432 3611 515 3676 adeo
536 3617 574 3676 ut
598 3616 761 3694 aegrotet;
790 3608 849 3674 sed
872 3608 1085 3688 convalescit,
1116 3614 1150 3673 et
1171 3628 1293 3691 paucos
1316 3608 1387 3672 dies

170 3712 302 3795 negotia
325 3735 385 3778 sua
406 3719 445 3778 ut
466 3713 591 3780 assolet
613 3713 698 3794 obit;
720 3710 828 3778 subito
850 3712 970 3776 iterum
992 3713 1026 3777 in
1043 3712 1194 3778 morbum
1215 3709 1333 3776 incidit
1354 3718 1388 3776 et

167 3815 363 3900 paulopost
389 3816 541 3899 moritur;
568 3821 764 3882 accurantur
786 3815 895 3881 caedis
918 3815 976 3900 illi,
1001 3817 1056 3900 qui
1084 3836 1160 3880 eum
1191 3813 1386 3878 mulcarunt.

169 3917 274 3982 Huius
302 3939 420 3985 causae
456 3919 650 3986 diiudicatio
686 3939 792 3984 nonne
822 3919 894 3983 tota
920 3918 1042 4002 pendet
1071 3939 1111 3983 ex
1140 3916 1279 3983 hominis
1307 3916 1388 3980 artis

167 4020 349 4088 medicinae
383 4022 484 4107 periti
517 4023 674 4091 arbitrio?
719 4024 826 4106 Atque
857 4020 940 4086 talia
963 4017 1131 4108 ζητήματα
1164 4025 1260 4086 vocat
1285 4017 1386 4103 μικτά

166 4126 353 4208 Anonymus
377 4125 511 4208 quidam
534 4125 609 4213 (VII
632 4149 662 4212 p.
689 4134 727 4194 15
750 4125 826 4208 W.):
861 4121 1006 4190 ἐνταῦθα
1032 4117 1093 4211 γὰρ
1109 4162 1127 4172 -
1142 4162 1159 4173 -
1174 4161 1192 4172 -
1211 4117 1233 4210 ἡ
1254 4119 1386 4212 ζήτησις

166 4224 327 4315 πολιτική,
352 4223 370 4316 ἡ
399 4226 436 4295 δὲ
458 4225 516 4318 ὅλη
538 4225 675 4318 ἰατρική.
724 4227 817 4294 Idem
844 4226 984 4292 altemm
1012 4225 1108 4292 affert
1135 4246 1263 4291 causae
1277 4245 1384 4292 exem-

165 4328 265 4414 plum,
289 4351 353 4414 quo
376 4332 524 4415 quaestio
548 4331 687 4413 exsistit,
710 4351 796 4414 quae
819 4351 839 4396 a
860 4328 951 4397 nullo
973 4331 1073 4396 nisia
1094 4328 1289 4414 philosopho
1318 4327 1384 4393 dis-

165 4433 292 4515 ceptari
324 4435 439 4518 possit.
495 4434 610 4518 Itaque
641 4434 861 4518 Hermagoras
895 4434 967 4499 iure
1001 4433 1156 4516 quodam,
1185 4453 1382 4515 quamquam

235 4639 257 4712 ¹)
274 4639 307 4693 cl.
326 4637 481 4696 Volkmann
499 4639 517 4696 l.
535 4655 557 4695 e.
576 4655 604 4712 p.
623 4641 663 4697 13.
