3546 5236
698 511 749 517 ,.
774 423 908 518 111,-

189 613 415 697 repetitiouem
439 613 620 680 sententiae
644 617 720 680 bello
738 617 924 699 plusquam
948 619 1047 680 cistlla
1071 615 1234 682 aSeneca
1257 623 1360 700 patre,
1382 621 1418 679 ut

188 718 324 802 videtur,
354 741 424 786 cum
449 719 537 804 apud
560 721 690 786 Florum
714 720 841 799 redcat,
871 721 1022 788 iuventae
1046 722 1111 788 iam
1133 721 1252 788 Fronto
1283 725 1327 806 (p.
1356 723 1416 787 157

187 827 320 901 Nuberit
351 827 432 893 bene
462 827 699 912 animadvertit,
732 847 773 894 ea
804 849 881 894 vero
915 848 998 912 quae
1032 829 1121 914 apud
1147 829 1238 894 illum
1268 829 1418 911 leguntur

188 935 287 1000 multo
303 935 411 1020 aptius
426 934 532 1019 ligura
546 935 750 1019 gradationis
764 935 852 1021 apud
868 956 979 1002 omnes
994 936 1140 1004 rhetores
1155 935 1418 1020 frequentissima

188 1042 308 1108 sensim
333 1063 353 1108 a
377 1041 462 1108 bello
487 1045 567 1108 ciuili
589 1063 691 1126 usquc
715 1043 758 1109 ad
778 1047 851 1128 plor
874 1065 966 1128 quoru
990 1047 1075 1109 civile
1098 1043 1286 1112 ascendunt.

276 1149 341 1214 iam
366 1149 699 1234 circumspicientibus
722 1151 816 1217 uobis
835 1171 910 1216 uum
925 1150 992 1216 alia
1007 1171 1135 1235 quoque
1149 1150 1292 1234 vestigia
1307 1156 1416 1216 extent

186 1254 392 1320 historiarum
408 1257 554 1322 Senecae
578 1257 681 1340 patris
705 1277 725 1322 a
749 1257 961 1342 scriptoribus
979 1258 1144 1324 veteribus
1163 1259 1195 1322 in
1212 1277 1305 1323 usum
1320 1275 1415 1321 voca-

185 1369 291 1426 tarum
315 1369 391 1447 post
413 1370 564 1447 nepotem
588 1371 720 1448 poetam
742 1363 830 1430 filius
854 1361 924 1430 eius
939 1363 1071 1430 offertur
1085 1363 1308 1449 philosophus.
1341 1383 1416 1429 uam

184 1469 294 1534 insunt
317 1469 350 1534 iu
374 1469 465 1536 libris
494 1470 564 1536 eius
593 1490 676 1553 quae
706 1469 946 1556 philosophiam
979 1477 1120 1538 tractant
1149 1470 1233 1536 inter
1265 1469 1414 1554 exempla

185 1575 301 1658 quibus
329 1575 372 1642 ad
402 1576 595 1642 senteutiam
624 1576 767 1660 aliquam
790 1576 1028 1643 inlustrandam
1051 1577 1151 1643 utitur
1173 1583 1305 1662 praeter
1327 1574 1414 1642 haud

183 1701 290 1766 pauca
323 1703 363 1747 ex
391 1681 552 1748 rhetorum
584 1682 704 1749 scholis
737 1684 890 1768 petitu¹⁷)
919 1683 1058 1769 plurima
1091 1703 1175 1766 quae
1209 1703 1249 1748 ex
1279 1682 1415 1749 historia

184 1788 296 1873 populi
337 1789 473 1854 Romani
515 1788 724 1875 deprompsit.
785 1811 823 1856 ex
866 1791 982 1873 quibua
1024 1811 1217 1874 quamquam
1261 1790 1415 1855 nonnulla

183 1895 386 1978 maximeque
401 1915 450 1978 oa,
474 1916 557 1979 quae
572 1895 661 1962 velut
676 1896 802 1982 Reguli,
825 1897 907 1979 Rufi,
930 1897 1030 1982 Bruti,
1052 1898 1186 1964 Catonis
1211 1896 1360 1982 exempla
1382 1895 1416 1961 in

151 1994 325 2068 'locorum
359 2003 572 2070 communium
606 2024 696 2070 usum
730 2005 886 2088 abierant,
922 2025 961 2070 ex
995 2005 1149 2071 memoria
1182 2005 1250 2070 lere
1282 2010 1415 2068 narrata

183 2107 395 2194 videntur1⁸),
423 2110 501 2178 alibi
535 2119 644 2176 tamen
672 2110 844 2177 historicos
873 2132 913 2178 ex
941 2111 1058 2195 quibus
1087 2131 1128 2176 ea
1150 2110 1303 2196 petiverit
1326 2109 1414 2175 velut

183 2215 353 2282 Claudium
368 2215 669 2301 Quadrigarium¹⁹)
695 2225 727 2282 et
742 2218 850 2283 Titum
865 2217 1042 2303 Livium²⁰)
1067 2225 1303 2284 commemorat.
1340 2223 1415 2282 suut

277 2385 308 2445 Π)
337 2387 439 2442 alicubi
469 2387 702 2442 declamationum
730 2387 773 2442 vel
803 2387 1050 2442 controversiarum
1083 2391 1249 2456 argumenta
1278 2390 1413 2453 tanquam

181 2477 308 2544 exemplo
326 2475 406 2530 affert
424 2477 527 2531 Seneca
546 2476 623 2531 uelut
648 2477 681 2530 de
700 2476 787 2531 benet.
808 2477 864 2538 15,
885 2479 914 2540 1;
939 2477 1026 2539 1120,
1048 2477 1076 2532 l:
1102 2475 1125 2529 V
1146 2476 1187 2536 13,
1207 2476 1238 2533 4ς
1263 2473 1301 2528 vl
1324 2475 1363 2538 13,
1384 2477 1412 2536 5;

181 2564 264 2626 38,1.
293 2567 326 2619 cl.
347 2569 490 2636 praeterea
509 2583 550 2636 ep,
570 2584 636 2620 mor.
655 2567 693 2620 lll
709 2569 762 2628 3,6
782 2571 901 2634 atquae
921 2565 977 2619 diri
998 2567 1228 2635 Dispuisr'tr'ouum
1248 2567 1280 2618 de
1300 2565 1413 2618 Senecae

179 2653 234 2719 filii
252 2656 331 2708 libris
348 2659 507 2710 criticorum
526 2673 552 2724 p.
576 2657 614 2710 18.

275 2741 308 2806 ¹⁸)
328 2761 496 2812 quamquam
522 2745 550 2799 in
574 2745 618 2798 his
643 2763 752 2812 quoque
777 2745 873 2798 insunt
898 2744 949 2798 loci
974 2743 1074 2812 quibus
1098 2743 1218 2798 auctoris
1237 2759 1292 2810 quo
1310 2743 1413 2796 Seneca

181 2849 245 2885 usus
264 2837 305 2886 est
324 2834 406 2887 verbo
429 2833 490 2902 ipso
512 2839 623 2888 servata
645 2852 703 2887 esse
726 2834 826 2896 credas,
855 2835 933 2887 velut
955 2851 988 2886 ea
1012 2850 1083 2901 quae
1109 2831 1413 2900 depredamur

180 2921 249 2974 alihi
274 2927 423 2976 narrantur
445 2923 557 2992 egregie
579 2925 728 2978 concinunt
751 2941 813 2978 cum
832 2923 868 2976 iis
886 2940 958 2991 quae
976 2923 1072 2976 Florus
1095 2923 1238 2986 111372
1262 2921 1411 2975 secuudum

180 3011 311 3065 Senecam
331 3015 438 3079 patrem
457 3013 499 3065 vel
516 3012 624 3066 Livium
645 3015 735 3068 refert.
766 3013 825 3066 alia
842 3029 906 3066 vero
925 3012 1052 3080 exempla
1069 3028 1136 3066 suae
1154 3011 1240 3080 ipsius
1259 3010 1360 3064 aetatis
1379 3025 1412 3063 ex

179 3100 313 3154 memoria
341 3118 358 3153 a
385 3101 488 3154 Seneca
515 3102 629 3169 proferri
657 3101 799 3170 probabile
826 3105 876 3156 est.
918 3101 954 3154 ud
977 3117 1048 3168 quae
1072 3117 1105 3154 ea
1128 3101 1248 3154 maxime
1274 3099 1411 3168 pertinere

179 3189 310 3243 ridentur
333 3207 405 3258 quae
428 3189 499 3244 Gaio
522 3191 676 3259 imperante
699 3209 753 3244 nou
778 3191 838 3244 sina
861 3190 959 3244 acerba
981 3189 1039 3244 eius
1059 3189 1241 3244 insectatione
1259 3189 1336 3242 iacta
1354 3205 1411 3242 esse

180 3278 276 3332 tradit.

274 3365 307 3429 ιο1
326 3385 358 3422 ex
378 3369 473 3422 annali
488 3367 598 3422 Claudii
617 3367 835 3422 duodevicesimo
854 3368 946 3422 nobile
964 3367 1034 3421 illud
1053 3368 1209 3436 exemplum
1229 3366 1262 3418 de
1281 3371 1410 3420 matrona

180 3456 300 3522 quadum
320 3457 492 3510 Romanuin
512 3459 638 3511 tirumeti
662 3457 868 3526 expugnatione
891 3475 908 3511 a
930 3457 1035 3510 duobus
1054 3456 1138 3510 serris
1156 3459 1266 3510 servata
1289 3455 1409 3524 petitum

180 3562 237 3598 esse
252 3545 309 3613 ipse
323 3549 426 3600 Seneca
444 3545 512 3600 dicit
526 3545 559 3600 de
572 3547 660 3600 benei'.
677 3547 716 3600 111
731 3547 774 3608 23,
789 3551 815 3599 a.
841 3563 926 3614 quam
945 3545 1183 3600 narratiunculam
1201 3561 1273 3612 quae
1287 3543 1409 3612 proxime

180 3635 306 3700 sequitur
324 3635 357 3688 de
372 3635 492 3688 Vettcno
512 3635 630 3701 (l'ettr'us
648 3636 734 3690 etiam
749 3635 875 3690 Cerbalus
890 3635 1007 3704 scripsit,
1027 3635 1075 3689 sed
1093 3632 1265 3688 restituendo
1283 3631 1410 3700 quamvis

179 3723 389 3778 adversantibus
408 3725 546 3778 historicis
565 3726 613 3794 qui
633 3725 749 3779 eandem
767 3743 824 3779 rem
850 3724 1025 3779 tradiderunt
1054 3725 1144 3778 ultera
1167 3723 1255 3777 forrua
1278 3739 1408 3776 consensu

179 3811 311 3866 librorum
326 3813 409 3866 Nlih
424 3815 593 3873 confirmata,
614 3815 646 3868 ci.
664 3831 747 3883 supra
761 3833 786 3882 p.
806 3815 836 3868 15
851 3815 915 3868 adu.
931 3817 957 3871 it
977 3815 1129 3867 Marsorum
1143 3815 1276 3881 praetore,
1296 3812 1410 3878 quaeat

178 3902 239 3970 ipsu
253 3902 287 3956 od
302 3902 405 3956 bellum
416 3903 516 3957 sociale
530 3904 676 3972 pertineat.
697 3921 729 3956 ex
745 3903 866 3958 eiusdem
881 3902 990 3958 Claudii
1010 3919 1090 3972 opere
1109 3902 1271 3970 deprompta
1290 3900 1407 3953 videtur.

271 3989 306 4058 ¹⁰]
330 3991 439 4044 Livium
463 3992 548 4045 etiam
573 3995 682 4061 praeter
705 4009 749 4046 eos
773 3992 844 4046 locos
863 3993 963 4060 quihus
981 4009 1080 4045 nomen
1100 3991 1159 4045 aius
1177 3993 1407 4044 commemoratur

177 4079 335 4134 adhibitum
354 4097 410 4134 esse
429 4080 491 4135 ideo
510 4081 650 4150 probabile
669 4085 719 4144 est,
738 4081 806 4148 quia
823 4081 882 4135 eius
896 4081 960 4135 libri
976 4081 1094 4134 Senecae
1112 4079 1281 4148 temporibus
1300 4095 1407 4132 summo

177 4171 207 4224 in
226 4170 328 4224 honore
345 4175 433 4224 eraut.
471 4187 557 4238 quare
575 4171 696 4239 pendent
715 4187 747 4223 ex
767 4187 798 4224 eo
817 4187 888 4238 quae
907 4174 964 4224 nat.
985 4173 1092 4237 quaest.
1108 4168 1132 4222 V
1151 4169 1190 4230 18,
1214 4169 1244 4220 10
1265 4167 1298 4220 de
1317 4165 1407 4220 Crassi

177 4263 266 4312 morte
289 4263 446 4313 narrantur.
483 4277 547 4314 uum
577 4263 606 4313 et
628 4259 657 4312 iu
681 4258 775 4314 eodem
799 4259 891 4327 capite
914 4258 1008 4312 Livius
1031 4259 1261 4312 commemoratur·
1283 4259 1311 4309 et
1336 4258 1408 4308 diris

177 4353 327 4403 revocantis
341 4352 446 4402 tritum
460 4349 534 4403 haud
550 4348 632 4402 dubie
646 4349 755 4416 longior
767 4349 904 4416 quaedam
919 4347 1043 4401 namatio
1057 4346 1230 4416 significatur
1252 4345 1296 4402 tol.
1311 4345 1407 4398 Florus

180 4439 250 4502 146,
266 4437 301 4496 81.
330 4455 410 4506 porro
428 4455 462 4492 ea
481 4455 590 4506 quoque
609 4455 680 4506 quae
698 4438 777 4508 epist.
797 4438 892 4491 moral.
908 4437 986 4500 1113,
1002 4437 1036 4490 21
1055 4435 1143 4502 (cide
1156 4435 1234 4490 clem.
1250 4435 1262 4488 1
1278 4435 1321 4498 28,
1336 4435 1409 4501 deq.)

176 4527 334 4580 referuntur
356 4527 389 4581 do
413 4530 539 4596 serpente
561 4527 613 4581 illa
637 4527 754 4596 ingenti,
783 4543 845 4581 cum
869 4543 926 4594 qua
948 4526 1021 4580 bello
1040 4524 1144 4579 Punico
1161 4524 1251 4593 primo
1270 4525 1306 4578 Μ.
1326 4523 1408 4578 Atilii

177 4616 278 4685 Reguli
298 4616 402 4670 milites
421 4633 558 4686 pugnasse
576 4617 748 4680 dicebantur,
767 4633 799 4670 ex
818 4615 895 4669 illius
910 4616 980 4670 libro
993 4615 1085 4668 XVIlI
1104 4613 1195 4682 petita
1214 4617 1286 4666 sunt.
1313 4613 1342 4666 iu
1356 4612 1408 4666 hoo

176 4706 250 4758 enim
271 4723 327 4760 rem
346 4705 426 4760 illam
441 4705 593 4760 fabulosum
611 4705 727 4765 aLivio.
748 4705 796 4774 qui
811 4709 840 4758 et
855 4705 913 4773 ipse
927 4721 988 4760 eam
1003 4703 1173 4758 aTubcroue
1187 4702 1272 4772 (apud
1286 4701 1407 4756 Gellium
