3514 5244
951 357 988 418 12

350 563 469 627 tiaram
491 583 576 629 nexu
600 573 751 630 accurate
775 564 989 649 considerato,
1013 586 1054 630 ne
1078 564 1156 648 quid
1180 585 1220 631 ex
1248 567 1290 632 iis
1319 574 1431 631 contm
1458 565 1584 632 codicis

352 670 381 733 A
403 669 501 735 fidem
523 671 557 735 in
580 671 758 736 orationem
782 671 986 756 admittatur,
1013 673 1076 738 nisi
1105 672 1191 756 quod
1222 673 1380 739 Senecam
1409 673 1584 758 scripsisse

352 776 619 842 verisimillimum
642 779 693 844 sit.
1050 795 1052 798 ·

441 920 579 984 maxime
612 921 735 987 lubrico
764 930 796 987 et
832 923 956 988 infirmo
986 920 1194 988 fundamento
1223 924 1255 988 in
1284 923 1505 990 consolatione
1538 922 1584 987 ad

353 1027 522 1112 Polybium
546 1027 746 1094 recensenda
769 1029 907 1094 nitimur.
952 1030 1083 1094 namin
1108 1031 1134 1094 P
1163 1050 1236 1095 eam
1258 1049 1322 1094 non
1348 1035 1459 1095 extam
1484 1050 1584 1114 supra

356 1133 504 1219 diximus,
528 1136 561 1199 in
584 1135 613 1198 A
635 1156 722 1218 vero,
747 1137 779 1201 in
804 1156 875 1221 quo,
899 1142 934 1201 ut
958 1158 997 1203 ex
1022 1136 1224 1220 dialogorum
1248 1136 1355 1201 indice
1378 1135 1583 1222 perspicitur,

354 1241 437 1306 inter
460 1240 575 1306 librum
599 1242 640 1310 de
664 1243 823 1309 brevitate
853 1251 885 1308 et
913 1243 1167 1309 consolationem
1200 1243 1243 1307 ad
1267 1243 1417 1308 Helviam
1448 1243 1584 1308 missam

353 1348 513 1413 collocata
529 1350 655 1432 erat,¹⁸t
680 1371 751 1415 cum
766 1350 846 1414 folia.
861 1350 1015 1415 nonnulla
1039 1349 1268 1434 interciderint
1293 1351 1346 1416 fol.
1364 1354 1427 1416 lla
1452 1357 1484 1416 et
1511 1351 1584 1416 llb

353 1453 466 1519 ultima
481 1462 604 1520 tantum
619 1455 683 1521 duo
698 1458 808 1542 capita
825 1457 901 1522 inde
916 1477 937 1521 a
951 1457 1059 1523 verbis
1075 1480 1190 1541 rrropco
1202 1463 1395 1524 discrimino
1412 1461 1455 1542 (p.
1466 1459 1583 1540 370,8)

353 1561 522 1644 usquead
546 1561 642 1628 finem
666 1572 846 1649 supersunt.
893 1583 933 1628 ac
956 1584 997 1629 ne
1025 1572 1198 1648 supersunt
1225 1562 1364 1646 quidem.
1416 1571 1482 1628 tam
1511 1562 1586 1628 dili·

355 1675 468 1752 genter
491 1669 575 1734 enim
599 1691 708 1736 earum
733 1671 892 1757 scriptura
922 1670 1036 1737 eadem
1065 1673 1135 1738 sinc
1164 1670 1261 1735 dubio
1294 1691 1399 1756 manu,
1427 1689 1511 1754 quae
1534 1670 1585 1756 in-

356 1776 539 1861 scriptionis
563 1777 675 1842 ultimo
699 1798 795 1844 versu
820 1777 889 1842 folii
915 1780 986 1844 'lssb
1011 1787 1160 1844 servatae
1184 1780 1283 1843 verba
1307 1776 1467 1860 quaedam
1482 1777 1588 1843 erasit

355 1889 396 1962 (v.
413 1883 534 1948 Gertaii
558 1883 703 1949 adnotat.
727 1884 770 1949 ad
794 1906 825 1969 p.
842 1887 921 1970 339,
948 1888 1011 1968 19),
1036 1885 1145 1950 deleta
1164 1893 1222 1968 est,
1246 1893 1281 1949 ut
1304 1885 1366 1950 nisi
1395 1884 1513 1949 acriter
1535 1884 1586 1948 in·

353 1996 443 2054 tenta
467 1991 630 2056 oculorum
654 1992 725 2057 acie
750 1991 816 2075 legi
839 2013 902 2057 non
930 1992 1043 2077 possit
1093 1993 1153 2057 hoo
1186 1993 1284 2074 igitur
1312 1991 1424 2056 folium
1452 1992 1516 2055 iam
1548 1991 1587 2056 in

354 2097 476 2162 Gertaii
514 2098 690 2182 exemplari
732 2099 831 2164 multo
865 2099 1052 2182 diligentius
1085 2099 1237 2164 collatum
1284 2100 1452 2182 babemus,
1485 2119 1588 2181 quam

354 2205 482 2268 Branea
501 2213 533 2269 et
548 2205 694 2288 Bugatus
712 2213 767 2271 aut
787 2205 930 2272 Kochius
950 2205 1103 2290 fecerant,
1127 2208 1160 2271 in
1174 2207 1306 2289 reliquis
1328 2205 1450 2270 codicis
1475 2213 1587 2271 vetus·

353 2311 470 2376 tissimi
510 2311 631 2377 auxilio
674 2332 773 2394 aegre
814 2333 969 2380 caremus.
1022 2314 1132 2396 itaque
1156 2313 1369 2378 certissimum
1401 2321 1451 2378 est
1487 2311 1587 2378 buius

354 2417 479 2500 dialogi
503 2418 776 2503 quamplurimos
801 2419 929 2486 codices
958 2421 1168 2500 recentiores,
1206 2421 1322 2502 quibus
1351 2419 1429 2486 solis
1457 2419 1589 2502 integer

354 2523 482 2590 videtur
506 2533 654 2591 servatus
678 2547 760 2610 esse,
785 2527 997 2593 conferendos
1021 2528 1072 2591 vel
1087 2535 1173 2594 certe
1193 2526 1426 2592 examinandos
1451 2525 1586 2604 esse.¹⁹)

355 2651 460 2714 neque
484 2634 568 2697 enim
591 2632 626 2696 id
649 2654 763 2699 curare
787 2634 929 2699 debebat
943 2634 1097 2718 Kocbius,
1122 2642 1157 2698 ut
1180 2642 1359 2720 apparatus
1381 2633 1587 2698 Fickertiani

354 2739 456 2804 moles
480 2739 718 2805 deminueretur
741 2741 855 2826 (praef.
878 2763 909 2826 p.
933 2742 1096 2824 XXXIV),
1120 2741 1180 2807 sed
1203 2749 1237 2804 ut
1261 2762 1301 2806 ex
1321 2740 1412 2806 libris
1426 2739 1587 2805 recentio-

353 2846 442 2911 ribus
466 2846 752 2932 quamplurimum
775 2847 981 2914 emolumenti
1005 2847 1048 2913 ad
1072 2848 1250 2913 orationem
1275 2847 1510 2912 emendandam
1533 2867 1588 2912 re-

354 2952 524 3019 dundaret.
575 2955 648 3039 plus
678 2961 786 3020 autem
818 2955 890 3039 ipse
921 2965 953 3020 et
985 2955 1134 3021 Gertzius
1168 2954 1361 3038 effecissent,
1394 2955 1422 3019 si
1454 2961 1589 3038 praeter

353 3060 637 3145 B(erolincnsem),
662 3062 893 3128 Ambrosianus
915 3063 957 3144 (D
972 3062 1022 3144 E),
1042 3062 1301 3144 F(lorentinum),
1330 3060 1585 3141 Htauniensem)

354 3169 471 3232 tertiae
505 3168 673 3234 cuiusdam
696 3169 814 3235 classis
847 3169 985 3252 codices,
1019 3169 1135 3252 quibus
1165 3167 1287 3234 similes
1318 3168 1489 3233 nonnullos
1518 3167 1586 3232 iam

356 3273 527 3341 Fickertus
552 3276 745 3360 contulerat,
779 3277 812 3340 in
840 3297 932 3342 usum
957 3277 1172 3341 vocavissent.
1226 3275 1321 3340 buius
1354 3274 1483 3358 generis
1515 3282 1586 3341 tres

354 3383 439 3466 elegi
456 3390 487 3447 ct
503 3383 623 3447 contuli
637 3383 739 3448 libros
754 3383 984 3447 Vaticanum
1011 3385 1107 3449 1769
1124 3383 1246 3448 saeculi
1260 3382 1337 3446 XIV
1354 3382 1418 3465 (T),
1434 3381 1585 3447 Parisi-

353 3509 437 3554 num
462 3489 550 3567 (bibl.
579 3497 656 3570 nat.)
689 3494 786 3556 7698
819 3489 964 3556 eiusdem
996 3490 1115 3556 aetatis
1148 3490 1211 3572 (P),
1244 3488 1472 3554 Urbinatcm
1505 3491 1586 3554 340

354 3597 477 3661 saeculi
500 3597 561 3660 XV
586 3597 650 3680 (U).
706 3598 760 3680 qui
794 3617 989 3680 quamquam
1020 3597 1120 3662 multo
1152 3597 1257 3680 magis
1290 3594 1476 3681 interpolati
1508 3604 1587 3661 sunt

446 3791 480 3860 ¹⁸)
500 3793 598 3846 merito
609 3793 734 3846 Gertzius
752 3793 966 3847 consolationem
986 3793 1022 3846 ad
1040 3792 1195 3859 Polybium,
1214 3809 1276 3845 cum
1295 3791 1368 3859 apud
1387 3790 1523 3845 Kocbium
1542 3792 1584 3844 ul·

353 3883 423 3938 timo
441 3883 500 3936 loco
519 3883 666 3950 legeretur,
685 3885 750 3936 ante
769 3882 983 3936 consolationem
1002 3881 1038 3935 ad
1056 3881 1183 3936 Helviam
1202 3880 1355 3936 collocavit.

446 3987 480 4054 ¹⁹)
500 3989 625 4043 omnibus
638 3989 832 4043 consolationis
847 3989 1015 4058 Polybianae
1030 3989 1115 4051 libris,
1131 3991 1267 4056 quotquot
1280 3989 1332 4042 hoc
1345 3987 1454 4042 saeculo
1465 3987 1584 4056 inspecti

353 4085 426 4144 sunt,
446 4081 560 4133 tortasse
579 4079 676 4132 melior
690 4079 745 4132 fuit
764 4097 834 4132 unus
845 4096 878 4132 ex
896 4079 938 4143 iis9
959 4097 1075 4147 quorum
1090 4079 1239 4147 scripturas
1253 4078 1419 4146 Bougarsius
1438 4077 1583 4145 excerpsit

353 4171 383 4224 id
401 4168 475 4237 quod
493 4187 526 4223 ex
545 4187 575 4224 eo
594 4168 653 4222 loco
672 4169 710 4236 (p.
731 4170 793 4232 349,
814 4171 846 4222 12
866 4167 917 4235 9.),
937 4168 985 4222 ubi
1003 4169 1076 4222 solus
1095 4171 1136 4221 uti
1153 4172 1260 4222 dextere
1276 4170 1348 4220 scius
1367 4167 1496 4230 servierit,
1520 4183 1585 4220 eum

354 4259 484 4322 Fickerti,
504 4257 615 4319 Gertaii,
635 4257 691 4312 mei
721 4258 785 4311 libri
813 4275 906 4312 omnes
934 4259 1057 4326 corrupti
1080 4258 1144 4320 sint,
1173 4257 1240 4310 satis
1263 4259 1387 4324 apparet.
1425 4273 1491 4310 nam
1509 4255 1585 4324 quod

353 4347 473 4402 Kochius
492 4351 520 4402 et
534 4347 659 4402 Gertzius
674 4348 745 4401 hane
760 4347 947 4401 coniecturam
965 4364 1023 4400 esse
1038 4345 1183 4416 Bongarsii
1202 4345 1371 4408 existimant,
1391 4344 1501 4413 decepti
1518 4351 1585 4398 sunt

353 4437 475 4492 Fickerti
494 4437 566 4491 notis
590 4436 769 4490 subobscuris.
815 4440 936 4490 ceterum
963 4436 1049 4489 etiam
1078 4435 1225 4490 Pincianus
1252 4435 1308 4488 tria
1334 4436 1505 4502 exemplaria
1533 4453 1584 4486 ma.

354 4525 586 4590 (Franciscanum
606 4523 808 4588 scholasticum,
837 4525 977 4593 exemplar
996 4524 1117 4578 Facundi
1141 4541 1174 4578 uc
1194 4524 1343 4590 Primitivi)
1369 4527 1506 4578 dextere
1534 4527 1586 4576 uti

353 4619 443 4670 scias
462 4615 619 4684 praebuisse
638 4613 713 4668 dicit.
