3546 5236
996 431 1040 496 80

405 623 525 708 quippe
549 643 631 707 quos
653 644 768 708 parum
791 632 942 690 accurate
967 627 1228 711 examinarem,
1252 632 1361 692 tamen
1376 625 1537 693 affirmare
1556 627 1624 692 licet

342 783 350 797 .
406 729 448 796 de
462 730 650 796 Vaticano
665 730 768 798 inter
781 732 987 800 Palatinos
1001 754 1155 799 numero
1171 735 1247 800 869
1258 732 1412 816 insignito
1423 733 1576 812 (Fickerti
1587 733 1623 814 ll)

405 838 493 904 etin
515 837 637 904 moduli
661 838 791 904 maximi
815 841 1009 908 membranis
1039 848 1182 924 exarato,
1212 860 1306 924 quem
1338 840 1469 907 saeculo
1492 842 1553 906 ΧΠ
1578 863 1624 906 ex-

405 945 492 1011 eunti
516 966 613 1030 quam
636 967 707 1011 cum
723 948 940 1034 Sanctoloni0‚
965 949 1018 1032 qui
1042 970 1149 1034 pauca
1173 970 1213 1014 ex
1230 969 1267 1014 eo
1284 948 1455 1033 excerpsit,
1480 949 1560 1012 Xlll
1575 948 1625 1012 ad-

405 1053 546 1120 scribere
568 1054 664 1119 malo.
704 1056 854 1138 continet,
878 1055 1029 1139 quoniam
1053 1058 1158 1142 prima
1182 1063 1214 1122 et
1238 1055 1352 1122 ultima
1366 1056 1446 1122 folia
1459 1057 1625 1142 perierunt,

405 1181 454 1246 ep.
468 1162 546 1227 XIV
561 1166 591 1247 4,
607 1167 626 1228 9
651 1183 671 1227 a
686 1155 793 1228 verbis
817 1168 970 1229 racionem
993 1169 1113 1230 sertore
1136 1169 1291 1230 iusserunt
1314 1184 1417 1248 usque
1432 1163 1476 1228 ad
1490 1165 1553 1229 XX
1568 1170 1595 1249 o,
1610 1168 1626 1230 2

405 1271 501 1334 boone
516 1273 582 1352 fiet.
608 1274 699 1336 etiam
721 1273 814 1338 iilo-ro.
856 1279 1026 1356 praeterea
1049 1273 1214 1358 perierunt
1237 1271 1398 1357 epistulae
1421 1272 1533 1338 XVI3
1557 1293 1627 1357 pars

406 1384 550 1442 extrema
582 1384 614 1443 et
646 1377 801 1444 tredecim
833 1379 1008 1465 proximae.
1064 1400 1258 1463 quamquam
1296 1388 1404 1444 autem
1441 1377 1494 1444 hic
1531 1379 1628 1444 codex

404 1484 513 1550 multis
545 1485 634 1551 vitiis
667 1492 699 1552 et
727 1487 1029 1574 interpolationibus
1059 1488 1272 1553 recentiorum
1300 1486 1382 1552 liber
1411 1492 1462 1554 est
1491 1493 1523 1552 et
1546 1484 1628 1550 hand

404 1613 528 1677 paucas
545 1593 697 1659 librorum
713 1593 742 1658 Α
756 1595 783 1659 Β
799 1595 977 1682 scripturas
997 1594 1172 1681 confirmat,
1196 1601 1313 1680 tamen,
1338 1615 1408 1660 cum
1423 1595 1629 1678 neglegenter

405 1708 558 1767 exaratus
582 1701 633 1786 sit
656 1701 795 1786 plurima
820 1710 970 1788 corrupta
993 1702 1100 1789 habet,
1125 1724 1208 1787 quae
1232 1703 1266 1767 iu
1290 1703 1355 1768 illis
1371 1709 1459 1769 recte
1473 1704 1628 1786 leguntur.

405 1808 523 1875 deinde
546 1810 647 1874 multa
671 1810 747 1875 olim
771 1820 858 1878 recte
882 1812 1004 1897 scripta
1028 1819 1084 1877 aut
1107 1812 1181 1897 ipsa
1204 1813 1308 1897 prima
1330 1832 1445 1877 manus
1468 1817 1526 1876 aut
1549 1810 1629 1875 duae

404 1916 482 1982 illae
506 1925 723 2004 corruperunt,
747 1919 864 2003 quibus
888 1919 993 1985 codex
1017 1919 1148 1985 saeculo
1163 1919 1227 1984 Xll
1241 1926 1379 1985 exeunte
1396 1926 1559 1985 correctus
1575 1924 1628 1985 est

405 2043 445 2090 ex
468 2025 584 2108 quibus
609 2046 680 2090 cum
705 2027 835 2110 egregie
849 2027 1065 2112 perspiciatur
1080 2027 1240 2110 quomodo
1255 2027 1467 2092 recentiorum
1481 2025 1629 2092 librorum

404 2131 522 2197 menda
546 2139 617 2197 orta
641 2133 713 2217 sint,
738 2140 770 2198 et
785 2134 898 2198 horum
913 2140 945 2200 et
960 2134 1096 2199 aliorum
1111 2134 1262 2200 vitiorum
1278 2134 1426 2219 exempla
1440 2155 1627 2220 proponam:

404 2240 465 2304 XV
489 2242 518 2324 3,
544 2243 585 2306 16
617 2244 798 2306 retorridi
824 2261 935 2307 vocem
966 2243 1070 2310 minus
1095 2242 1249 2308 usitatam
1273 2242 1388 2309 eadem
1411 2263 1526 2309 manus
1550 2261 1629 2326 qnae

405 2348 582 2432 scripserat
609 2347 643 2411 in
669 2352 808 2413 retorti
834 2349 980 2434 mutavit,
1014 2348 1100 2433 quod
1134 2358 1168 2415 et
1195 2351 1300 2434 ipsum
1330 2350 1363 2414 in
1392 2349 1558 2416 codicibus
1586 2369 1628 2414 re·

405 2455 602 2521 centioribus
626 2454 697 2520 GR
720 2456 886 2541 reperitur.
913 2495 953 2504 —
978 2457 1021 2522 ib.
1043 2459 1118 2537 §31
1139 2460 1327 2542 porilctiot
1350 2457 1468 2540 legitur
1491 2457 1523 2522 in
1550 2455 1577 2520 Π
1601 2462 1629 2520 et

405 2563 438 2626 in
453 2562 562 2629 multis
577 2563 809 2630 recentioribus
824 2585 882 2649 pro
894 2567 1069 2650 paludati
1085 2571 1117 2630 et
1131 2564 1229 2650 paulo
1244 2563 1330 2629 infra
1345 2565 1414 2644 (33)
1429 2567 1629 2630 honestetis

404 2689 463 2755 pro
486 2673 639 2752 bonesti,
664 2670 751 2755 quod
773 2678 964 2758 receperunt
984 2673 1012 2737 G
1031 2672 1075 2738 Pr
1100 2672 1144 2738 Pa
1168 2672 1224 2738 Pr.
1240 2707 1282 2719 -
1302 2671 1345 2738 ib.
1361 2674 1403 2738 68
1428 2671 1482 2755 qui
1502 2671 1630 2738 effertur

405 2777 541 2860 Vergilii
565 2779 796 2863 Georgicorum
818 2801 932 2847 versus
956 2781 1003 2844 Ill
1027 2783 1065 2846 81
1098 2801 1162 2845 non
1190 2780 1317 2864 integer
1340 2783 1537 2870 laruurirtqoe
1560 2783 1630 2846 toric

404 2889 576 2951 catinorum
593 2896 702 2972 pectus
724 2885 801 2953 inll
826 2888 965 2972 aliisque
987 2887 1146 2953 vocabulo
1170 2890 1338 2953 calcetum
1362 2888 1509 2974 expletur
1525 2887 1629 2954 simili·

404 3000 516 3076 terque
539 2994 619 3060 XIX
643 2998 672 3080 6,
696 2997 716 3063 5
741 2994 885 3062 eiusdem
908 3004 1028 3080 poetae
1051 3015 1165 3062 versus
1190 2997 1280 3078 (Aen.
1300 2993 1413 3080 1328)
1437 2995 1488 3062 his
1511 2995 1629 3061 verbis:

405 3123 423 3166 o
451 3103 517 3167 deu
544 3111 648 3168 certe.
674 3139 715 3150 —
739 3103 816 3168 XVI
840 3107 869 3188 3,
899 3106 918 3169 6
953 3103 1043 3170 locus
1075 3103 1109 3168 in
1135 3104 1163 3168 B
1196 3104 1370 3170 lacunosus
1403 3107 1436 3168 ia
1467 3123 1563 3188 nepteo
1591 3109 1631 3166 art

404 3217 506 3274 autem
528 3215 688 3276 orniceoe
709 3215 755 3275 rei
779 3220 807 3276 et
829 3215 921 3276 tiator
944 3208 1217 3277 comtotdaoinll
1239 3211 1380 3294 aliisque
1394 3210 1441 3276 ita
1456 3210 1629 3294 corrigitur,

405 3324 440 3382 ut
463 3315 613 3403 orrrjiaaio
638 3319 805 3384 scribetur.
847 3324 959 3383 contra
982 3324 1113 3403 praeter
1138 3317 1278 3383 levicula
1301 3317 1461 3401 quaedam
1490 3325 1524 3384 et
1551 3335 1629 3401 quae

406 3445 426 3489 a
449 3425 590 3490 librariis
621 3425 799 3508 excogitari
826 3425 973 3510 potuisse
1001 3425 1144 3491 concedo
1175 3423 1276 3512 (velut
1299 3425 1362 3490 XX
1386 3427 1416 3510 5,
1441 3430 1459 3492 8
1484 3424 1511 3490 Π
1537 3425 1629 3490 h'abet

404 3535 438 3596 io
462 3536 552 3596 tertie
574 3535 757 3614 doricam,
781 3533 808 3597 B
833 3537 865 3597 iu
889 3541 907 3598 t.
927 3535 1082 3614 doricum)
1107 3553 1172 3597 una
1191 3539 1315 3598 tantum
1335 3533 1495 3617 scriptura
1510 3533 1629 3598 videtur

406 3645 536 3704 servata
569 3659 642 3705 esse
675 3659 759 3722 quae
789 3639 821 3703 in
855 3639 881 3702 B
915 3660 979 3704 non
1009 3646 1105 3726 extet,
1140 3639 1198 3706 sed
1229 3641 1363 3725 propius
1397 3639 1440 3704 ad
1473 3639 1516 3726 id,
1549 3636 1629 3722 quod

407 3746 532 3813 Seneca
546 3745 717 3832 scripsisse
732 3745 869 3832 uidetur,
884 3745 1036 3812 accedat:
1061 3748 1122 3812 XV
1139 3751 1168 3832 3,
1182 3749 1222 3815 51
1235 3752 1464 3832 praecipientes
1478 3743 1628 3831 (homini),

405 3863 440 3919 ut
460 3858 615 3938 ooasropo
639 3876 766 3919 crocum
784 3859 935 3938 porrigat,
965 3858 1083 3920 errordi
1104 3858 1190 3920 oium
1213 3863 1368 3936 incootret,
1393 3877 1462 3921 ocra
1485 3859 1629 3920 ammento

401 3985 517 4050 ponem
539 3983 629 4027 aarum
651 3963 774 4026 diuidat.
822 3965 964 4046 quoodo
988 3966 1092 4028 oracio
1115 3985 1192 4048 quoe
1209 3965 1400 4048 proeetoodo
1426 3985 1463 4028 oc
1485 3963 1628 4028 citando

406 4077 492 4134 auat
515 4071 648 4150 dicum,
673 4091 743 4134 oruc
760 4073 880 4154 possim
904 4072 1033 4135 breuiter
1055 4073 1132 4136 broc
1154 4073 1200 4135 illi
1212 4074 1387 4155 scrinulum
1401 4074 1529 4137 bernarii
1542 4070 1629 4155 officii

406 4179 542 4242 trudere:
566 4215 591 4224 -
608 4215 630 4222 -
646 4215 672 4224 -
687 4218 709 4224 —
724 4179 861 4243 membro
884 4199 992 4243 suroca
1014 4182 1154 4262 corporis
1176 4183 1299 4266 rrroprtii
1330 4177 1407 4244 inll
1431 4179 1515 4244 inter
1537 4195 1627 4245 voces

405 4287 530 4349 cilcario
552 4293 623 4349 aaut
646 4290 679 4349 et
701 4287 801 4350 dicum
823 4285 955 4350 verbum
978 4290 1173 4351 coercuerit
1196 4285 1401 4352 inserendum
1424 4305 1498 4353 esse
1521 4302 1626 4351 manus

405 4391 510 4477 prima
534 4391 730 4475 significavit
753 4392 937 4477 factumque
965 4393 1027 4458 hoc
1055 4400 1106 4460 est
1134 4393 1166 4458 in
1196 4394 1284 4459 libris
1311 4394 1543 4461 recentioribus
1569 4411 1625 4457 non

405 4499 529 4585 paucis.
566 4519 663 4583 quam
686 4499 808 4565 librarii
832 4500 970 4567 alicuius
993 4501 1275 4586 interpolationem
1300 4521 1373 4568 esse
1391 4521 1484 4567 nemo
1499 4501 1625 4588 putabit.

406 4607 516 4691 itaque
531 4608 683 4692 Haedus,
707 4628 778 4673 cum
802 4608 1017 4675 intellexisset
1040 4629 1105 4675 non
1129 4616 1205 4696 apte
1228 4611 1328 4676 verba
1351 4612 1624 4694 quoodo—dicam

407 4735 478 4780 cum
501 4715 656 4800 proximis
680 4715 841 4801 coniungi,
864 4715 924 4780 illa
946 4715 1086 4782 lectione
1110 4737 1187 4783 usus
1206 4723 1282 4801 post
1295 4718 1426 4784 verbum
1440 4720 1540 4784 dicata
1553 4717 1625 4782 haec
