3568 5238
835 403 876 464 43

322 621 387 686 Nec
409 622 516 686 minus
539 621 708 687 scholiasta
729 625 772 707 (p.
786 626 836 700 22,
859 625 956 706 6-8)
981 623 1015 688 Ρ.
1037 625 1191 688 Licinium
1213 625 1363 690 Crassum
1390 624 1461 688 Mu·

234 726 361 790 sianum
390 725 572 809 pontificem
606 727 777 790 maximum
811 726 907 791 fuisse
945 731 978 790 et
1010 727 1093 792 bello
1127 727 1295 792 Aristonici
1321 726 1355 790 in
1384 726 1460 790 Asia

234 827 357 892 dedisse
391 846 534 911 operam,
566 830 603 890 ut
632 828 835 904 occideretur,
860 830 1013 894 adnotans
1052 831 1354 904 cumbaucram1)
1378 828 1460 911 apud

235 929 397 994 Valerium
421 931 593 995 Maximum
616 929 717 1005 1112,
743 932 794 1006 12,
816 932 1003 996 Frontinum
1026 935 1115 997 strat.
1138 932 1183 996 IV
1207 935 1234 1010 5,
1259 932 1309 1006 16,
1333 931 1460 995 Florum

235 1031 251 1095 Ι
275 1033 315 1094 35
338 1029 464 1114 (1120),
488 1031 635 1098 Orosium
657 1033 685 1096 V
705 1035 744 1096 10
767 1035 812 1098 its
834 1034 967 1099 relatam
990 1034 1161 1112 rideamus,
1184 1035 1222 1098 ut
1243 1052 1352 1099 omnes
1375 1033 1460 1096 haud

234 1134 326 1200 dubie
356 1134 395 1199 ad
418 1135 542 1199 Liuium
568 1135 713 1210 redeant,
745 1135 846 1202 eidem
870 1137 947 1201 fonti
976 1156 1034 1202 sua
1057 1137 1169 1201 debers
1195 1137 1227 1200 in
1251 1135 1460 1218 suspicionem

235 1238 329 1302 venit.

317 1341 439 1404 Deinde
469 1342 624 1404 Asconius
660 1345 702 1423 (p.
738 1341 786 1416 51,
821 1343 941 1417 6-12ς
970 1345 1021 1419 22,
1050 1344 1187 1420 12-15)
1221 1341 1255 1404 Ρ.
1285 1339 1460 1421 Sulpicium

233 1443 334 1526 primo
350 1443 384 1508 C.
395 1442 522 1507 Caesari
537 1443 689 1507 restitisse
705 1449 799 1525 atque
816 1446 995 1510 omninoab
1008 1445 1130 1508 initiis
1145 1445 1328 1509 bonarum
1348 1442 1460 1505 actio·

232 1565 320 1609 num
344 1545 390 1608 ad
412 1546 596 1628 perditas,
620 1546 662 1610 ad
690 1546 831 1611 ferrum
858 1566 1040 1628 armaque
1067 1547 1298 1630 processisse
1319 1562 1463 1620 narrans,

234 1653 456 1731 praeterquam
480 1648 562 1729 quod
586 1647 694 1713 Cicero
714 1649 767 1728 (de
783 1650 850 1714 bar.
871 1669 953 1732 resp.
970 1651 1021 1726 20,
1036 1651 1092 1722 43;
1108 1649 1198 1712 Brut.
1216 1649 1267 1723 63,
1283 1647 1359 1726 226)
1373 1645 1459 1709 baud

232 1751 399 1815 dissimilia
411 1751 548 1831 quidem,
565 1752 706 1816 attamen
718 1771 780 1816 non
793 1753 897 1817 omnia
909 1771 989 1834 quae
1002 1752 1170 1817 scholiasta
1184 1749 1324 1834 prodit¹),
1340 1753 1375 1813 ut
1386 1748 1459 1812 huic

237 1854 335 1918 alium
351 1872 476 1934 quoque
493 1853 614 1917 sontem
630 1853 668 1917 ad
685 1873 816 1918 manum
832 1854 928 1919 fuisse
943 1859 1058 1938 pateat,
1081 1855 1237 1918 consentit
1252 1872 1326 1918 cnm
1340 1851 1459 1916 Velleio

230 1953 404 2030 Paterculo,
421 1956 504 2038 apud
520 1975 614 2036 quem
630 1953 673 2038 (ΙΙ
689 1958 737 2032 18,
754 1959 786 2031 5)
801 1957 879 2021 haec
894 1958 1057 2039 leguntur:
1073 1956 1116 2019 ‘P.
1133 1955 1299 2038 Sulpicius,
1315 1955 1459 2020 tribunus

232 2057 342 2140 plebis,
355 2057 500 2135 disertae,
511 2077 592 2132 soor,
604 2060 714 2141 opibus
728 2059 828 2140 gratia
845 2060 989 2124 amicitiis
1001 2059 1105 2140 rigore
1122 2059 1237 2140 ingenii
1254 2061 1347 2138 atque
1364 2057 1460 2121 animi

235 2161 474 2237 celeberrimus,
508 2180 581 2225 cum
604 2165 718 2226 antea
739 2163 956 2226 rectissima
978 2161 1174 2226 uoluntate
1198 2159 1280 2243 apud
1306 2159 1458 2243 populum

235 2281 418 2327 maxumam
440 2265 613 2344 quaesisset
635 2265 833 2346 dignitatem,
857 2265 963 2347 quasi
986 2265 1135 2346 pigeret
1157 2282 1244 2327 eum
1265 2265 1457 2326 uirtutum

232 2383 386 2428 suarum
409 2371 441 2428 et
463 2369 541 2430 bene
565 2367 709 2430 consulta
737 2367 765 2430 ei
793 2368 877 2433 male
900 2367 1062 2442 cederent,
1096 2366 1225 2430 subito
1259 2383 1397 2447 prauus
1425 2367 1458 2427 et

231 2485 389 2550 praeceps,
424 2487 454 2530 sc
478 2469 512 2534 C.
534 2471 633 2534 lllario
650 2519 700 2532 ...
729 2470 834 2534 omnia
856 2470 985 2552 imperia
1009 2473 1041 2532 et
1062 2468 1163 2533 omnis
1186 2467 1360 2551 prouincias
1387 2485 1459 2530 oon-

233 2569 405 2652 cupiscenti
421 2572 540 2636 addixit·
560 2573 724 2654 legemque
749 2573 789 2636 ad
805 2573 955 2656 populum
977 2571 1052 2634 tulit
1069 2619 1193 2633 ......
1216 2571 1355 2651 aliasque
1371 2569 1458 2650 leges

231 2673 419 2754 perniciosas
453 2679 485 2739 et
515 2675 687 2740 exitiabiles
711 2695 812 2756 neque
846 2673 1024 2740 tolerandas
1058 2674 1174 2738 liberae
1208 2673 1324 2737 ciuitati
1365 2671 1459 2735 tulit'

232 2775 277 2837 Ex
300 2775 412 2839 horum
436 2777 621 2858 scriptorum
645 2783 808 2849 concentu,
837 2779 1020 2860 praesertim
1043 2795 1115 2840 oum
1139 2779 1175 2838 ut
1190 2775 1329 2839 Velleius
1352 2772 1383 2835 Il
1409 2775 1458 2858 18,

231 2876 250 2937 6
277 2877 322 2939 ita
344 2878 451 2941 Liuius
480 2881 629 2961 (perioch.
658 2880 713 2958 11)
742 2880 916 2963 Sulpicium
939 2879 1200 2964 ‘perniciosas'
1231 2879 1343 2942 tulisse
1369 2877 1457 2958 leges

233 2979 386 3060 scriptum
417 2980 696 3064 reliquerit-atque
721 2983 797 3046 adeo
820 2983 850 3045 in
867 2982 1071 3062 sequentibus
1088 2980 1188 3046 Vellei
1211 2981 1365 3063 capitibus
1388 2999 1461 3044 oum

232 3078 363 3144 Liviana
386 3083 572 3160 narratione,
608 3087 644 3146 ut
666 3084 815 3149 Klebsius
825 3089 849 3159 1)
872 3084 1107 3159 demonstravit,
1139 3083 1354 3166 apertissimae
1377 3083 1462 3146 inve-

234 3183 364 3247 niantur
399 3186 629 3260 consensiones
664 3187 702 3250 de
735 3188 785 3250 bis
808 3186 934 3268 quidem
962 3186 1088 3265 rebus4)
1115 3185 1239 3249 Livium
1261 3203 1461 3249 communem

236 3292 397 3350 auctorem
421 3305 488 3350 esse
511 3288 732 3370 probabilitate
755 3289 891 3370 quadam
914 3288 1059 3352 concludi
1080 3291 1192 3370 potest.

273 3443 276 3450 ,
318 3389 400 3453 Tum
420 3391 573 3454 Asconius
595 3393 637 3473 (p.
663 3393 713 3466 15,
737 3391 874 3472 21-26)
899 3390 932 3453 L.
957 3389 1148 3472 Opimium
1168 3391 1200 3453 in
1222 3394 1369 3473 praetura
1384 3389 1458 3453 Fre·

238 3532 392 3540 -—-.-——..-

305 3611 324 3672 1)
346 3609 434 3664 Aliter
451 3609 523 3664 hanc
540 3627 597 3664 rem
616 3609 728 3665 exhibet
746 3610 848 3665 Strabo
866 3609 939 3663 XIV
957 3610 999 3664 38.

303 3695 324 3760 ²)
343 3693 486 3749 Praeterea
508 3697 541 3750 cf.
565 3696 667 3751 Oornif.
696 3695 765 3750 rhet.
792 3695 827 3748 ad
852 3695 919 3748 Her.
943 3695 986 3748 IV
1010 3696 1053 3759 22,
1081 3696 1130 3750 31:
1156 3692 1292 3764 ‘Sulpicio
1309 3693 1357 3763 qui
1379 3692 1463 3763 paulo

234 3787 298 3834 ante
315 3780 410 3834 omnia
426 3781 621 3846 concedebant,
638 3797 702 3835 cum
720 3780 796 3836 brevi
813 3781 905 3850 spatio
927 3797 982 3834 non
1001 3779 1084 3834 modo
1102 3779 1200 3844 uivere,
1218 3779 1266 3834 sed
1284 3779 1368 3834 etiam
1387 3795 1463 3848 sepe·

235 3864 277 3918 liri
296 3865 515 3935 prohibuerunt’.

304 3953 325 4014 ⁸)
344 3949 362 4003 l.
380 3967 402 4004 o.
422 3968 449 4020 p.
463 3951 544 4020 bsq.;
563 3951 705 4016 nimirum,
722 3957 815 4005 utrum
831 3950 955 4004 Velleius
974 3951 1086 4006 Livium
1105 3952 1195 4022 ipsum
1215 3969 1250 4005 sn
1268 3951 1387 4006 eundem
1405 3952 1464 4006 son·

236 4041 292 4090 tem
312 4043 395 4106 atque
415 4037 463 4090 ille
485 4035 683 4108 compilaverit,
701 4035 789 4090 Klebs
817 4037 846 4090 in
868 4035 955 4090 dubio
981 4037 1124 4107 relinquit;
1149 4045 1289 4107 praeterea
1314 4037 1349 4090 cf.
1377 4035 1464 4092 Klebs

237 4139 264 4192 p.
284 4123 393 4176 16-18.

304 4209 326 4274 ‘l
345 4207 417 4262 Cum
436 4223 500 4262 vero
517 4213 719 4261 commentator
736 4209 956 4277 )ρ.22,10-12)
974 4223 1089 4262 ceruam
1107 4207 1173 4262 belli
1191 4208 1278 4262 civilis
1296 4207 1381 4262 inisse
1399 4223 1465 4260 con-

237 4292 398 4359 tentionem,
415 4308 487 4362 quae
505 4293 535 4346 C.
549 4291 623 4347 Iulio
638 4292 749 4348 Caesari
767 4293 921 4347 fueritoum
935 4293 965 4347 P.
980 4292 1113 4364 Sulpici0,
1130 4293 1240 4360 scribat,
1258 4293 1397 4364 quomodo
1414 4293 1466 4346 boc

236 4376 451 4448 intellegendum
466 4381 511 4444 sit,
528 4377 595 4448 ipse,
612 4385 709 4449 utpote
728 4379 776 4448 qui
797 4396 824 4448 p.
847 4379 890 4445 51,
908 4381 992 4433 6-11
1011 4387 1084 4434 recte
1101 4378 1209 4450 legibus
1226 4378 1342 4449 Sulpicii
1361 4378 1465 4433 bellum

237 4461 317 4516 civile
335 4469 442 4517 motum
460 4479 519 4517 esse
537 4464 642 4529 tradat,
665 4464 786 4519 dilucide
804 4464 933 4519 ostendit.
983 4463 1062 4519 Idem
1087 4466 1134 4519 de'
1149 4465 1229 4520 initio
1247 4464 1329 4536 primi
1347 4462 1412 4518 belli
1430 4464 1466 4518 ci·

238 4547 301 4602 vilia
318 4549 439 4603 referunt
453 4548 548 4603 Livius
567 4549 696 4620 (perioch.
710 4551 764 4618 11),
783 4551 929 4621 Appianas
947 4550 984 4620 lb.
1002 4567 1025 4606 o.
1045 4550 1059 4604 1
1078 4551 1201 4621 bbsqq.),
1219 4549 1319 4604 Florus
1338 4549 1379 4618 (II
1398 4551 1424 4616 o,
1442 4551 1467 4604 6.

238 4637 254 4690 1
273 4634 332 4705 [ΙΙΙ
350 4635 417 4704 21]),
435 4634 494 4688 alii:
513 4635 548 4690 cf.
568 4635 714 4690 Drumann
734 4634 764 4689 II
784 4653 810 4706 p.
832 4637 884 4690 435
902 4653 942 4706 sq.
