3548 5256
703 511 746 516 ,
788 419 883 516 45,

284 613 336 676 23.
360 610 443 684 ἀξία
466 609 486 698 ἡ
509 615 605 677 κίων
628 623 687 678 τοῦ
710 616 854 698 θρόνου·
877 614 926 678 ἐπὶ
948 623 1006 679 τιῖιν
1028 615 1095 679 κατ’
1116 613 1200 688 ἀξίαν
1221 620 1426 702 τινδςτυγχα-

191 721 301 782 νόντων
328 728 426 783 κακοῦ
459 717 492 798 (l.
520 721 641 800 καλοῦ).
687 720 718 784 D
737 729 764 783 Π
789 723 839 787 78.
884 720 943 786 Bei
973 720 1092 787 Suidas
1124 722 1193 793 ἀξία
1222 721 1241 809 ἡ
1267 727 1345 789 κίιων
1374 731 1424 788 τοῦ

194 825 398 910 βρώματος

285 951 336 1014 24.
360 948 537 1038 ἀγραφίου
562 951 655 1038 δίκη·
681 951 760 1025 εἶδος
783 953 870 1038 δίκης
893 951 973 1018 ἐστὶν
995 957 1077 1018 κατὰ
1099 965 1155 1018 τῶν
1178 953 1355 1040 ὀφειλόντων
1374 959 1425 1040 μέν

192 1067 234 1138 τῷ
257 1057 390 1143 δημοσίῳ
408 1061 461 1122 καί
473 1058 628 1147 ἐγγράφων
642 1058 690 1124 ἐπί
704 1057 821 1147 ὀφειλῇ,
846 1058 1086 1150 ἀπολειφθέντων
1102 1063 1133 1124 δέ
1148 1063 1238 1146 (πρὶν)
1255 1059 1426 1126 ἀποδοῦναι.

194 1158 282 1226 ἐνίοτε
310 1167 446 1228 τάττεται
471 1168 525 1229 καί
551 1169 632 1232 κατὰ
660 1174 717 1230 τῶν
749 1173 919 1252 γραφόντων
951 1169 1020 1240 τοὺς
1051 1173 1094 1255 μὴ
1122 1166 1316 1256 ὀφείλοντας·
1349 1165 1366 1232 ὁ
1396 1170 1428 1232 δέ

193 1277 282 1333 τοῦτο
306 1269 423 1354 πράξας
445 1275 497 1336 καί
521 1269 613 1345 ἁλοὺς
637 1269 724 1345 αὐτὸς
752 1273 924 1362 ένεγράφετο
954 1271 1097 1362 ὀφείλειν·
1126 1272 1142 1339 ὁ
1172 1277 1202 1340 δέ
1230 1279 1272 1360 μή
1301 1276 1427 1347 δεόντως

191 1375 352 1464 ἐγγραφείς
380 1374 505 1465 ἀφ(είθγ
532 1379 622 1465 τῆςθ)
650 1379 810 1468 ἐγγραφῆς.
857 1380 930 1463 Vgl.
954 1380 1015 1446 lex.
1038 1380 1118 1446 rhet.
1142 1381 1245 1446 Bekk.
1278 1383 1349 1466 199,
1373 1383 1425 1448 28.

195 1481 356 1568 Harpokr.
1313 1481 1315 1489 '

286 1609 337 1673 25.
366 1604 577 1674 Ἀνδοκίδου
611 1607 757 1698 Ἑρμῆς·
796 1615 866 1684 τινὲς
904 1617 956 1698 μέν
988 1611 1100 1700 Ἑρμῆν
1132 1609 1208 1677 οὕτω
1239 1616 1424 1699 καλοίιμτνον

193 1712 364 1801 Ἀθήνησιν
388 1715 509 1791 οἴονται,
534 1718 733 1804 πεπλάνηνται
757 1719 802 1782 δέ·
826 1715 861 1782 οὐ
883 1723 941 1803 γάρ
966 1716 1043 1784 ο6τω
1062 1723 1320 1803 προσαγορεόεται,
1344 1719 1426 1786 ἀλλὰ

195 1817 383 1886 Ἀνδοκίδου.
418 1822 492 1895 ἴσως
515 1819 565 1888 οἶιν
588 1829 663 1908 πρὸς
677 1827 740 1910 (τῇ)
756 1822 835 1908 οίκίορ
858 1835 909 1890 τοῦ
923 1824 1097 1891 Ἀνδοκίδου
1109 1825 1222 1911 ἵδρωταί
1235 1851 1278 1900 τις
1295 1823 1424 1914 Ἑρμῆς·

195 1928 346 2013 ἐπιφανῶς
369 1931 399 1992 δὲ
422 1926 507 2002 οὗτος
530 1927 546 1994 ὁ
570 1929 748 2018 Ἀνδοκίδης
771 1930 991 1999 έπολιτεόσατο.
1038 1938 1168 1999 τάττουσι
1190 1939 1242 2020 τὴν
1265 1933 1427 2020 παροιμίαν

195 2035 245 2098 ἐπὶ
267 2044 324 2100 τῶν
348 2033 473 2122 ἠλιθίων
495 2041 549 2101 καί
571 2035 759 2125 ἀναισθήτων
782 2038 959 2124 ἀνθρώπων.
992 2039 1064 2123 vgl.
1079 2039 1254 2126 Harpokr.;
1272 2041 1332 2106 lex.
1347 2040 1427 2105 rhet.

196 2140 300 2207 Bekk.
324 2145 398 2226 212,
426 2145 474 2208 14.
532 2195 533 2198 .

287 2271 339 2334 26.
369 2271 530 2351 βάσανος
558 2270 677 2342 λίθος·
707 2269 754 2334 ἐπὶ
780 2277 839 2336 τῶν
867 2269 1083 2359 ἐξεταζομένων
1104 2273 1135 2336 ἐν
1159 2276 1268 2353 λόγοις,
1296 2277 1428 2357 παρόσον

196 2371 217 2460 ἡ
248 2373 348 2440 Λυδία
375 2377 462 2449 λίθος
489 2380 539 2441 τόν
565 2381 676 2463 χρυσὸν
705 2379 867 2465 δοκιμάζει.
913 2383 966 2443 καί
992 2377 1156 2464 Ἡρακλεία
1185 2379 1284 2451 λίθος.
1337 2377 1427 2443 Suid.

198 2480 296 2548 Coisl.
320 2486 372 2549 46.
396 2483 493 2566 (ἔτος.
516 2484 719 2570 Kypr.193.

288 2609 339 2673 27.
363 2607 515 2696 Βάκχης
537 2615 687 2694 τρόπον·
710 2611 758 2674 ἐπὶ
782 2621 838 2675 τῶν
860 2620 1009 2691 στεγανῶν
1033 2616 1085 2676 καί
1103 2614 1270 2699 σιωπιγλῶν,
1295 2617 1427 2696 παρόσον

196 2710 244 2799 (αἱ
267 2712 400 2802 Βάκχαι)
424 2725 535 2796 σιγῶσι.
581 2715 672 2780 DIH
691 2719 743 2782 43.
781 2715 870 2783 Suid.

288 2841 339 2906 28.
363 2843 529 2923 βίβλινον
553 2839 684 2930 τούμὸν
707 2845 809 2928 μέθυ·
834 2847 909 2927 πρὸς
932 2843 1001 2914 τοὺς
1020 2844 1253 2929 διαφθείροντας
1268 2865 1332 2908 τινα
1346 2842 1427 2927 ἔργα.

198 2944 297 3014 ¹Coisl.
323 2949 374 3012 62.

289 3073 340 3137 29.
365 3074 448 3154 βοῦς
476 3073 514 3136 ἐν
541 3070 668 3157 αὐλίῳ·
697 3080 840 3161 παροιμία
863 3071 954 3161 ὁμοία
977 3086 1024 3160 τῇ,
1056 3077 1126 3156 βοῦς
1153 3075 1202 3138 ἐπί
1225 3079 1348 3160 φάτνην,
1376 3081 1429 3140 καί

199 3179 269 3259 βοῦς
292 3179 341 3242 ἐπὶ
364 3185 490 3266 σφαγάν,
513 3183 567 3245 καί
587 3185 669 3246 κόων
691 3181 740 3244 ἐπὶ
762 3192 852 3256 σῖτον,
876 3183 929 3247 καί
951 3177 985 3254 ὗς
1004 3179 1051 3246 ἐπί
1070 3183 1172 3268 δεσμά.
1203 3180 1273 3263 Vgl.
1289 3181 1428 3265 Hesych.

199 3286 271 3366 βοῦς
294 3284 326 3350 ἐν
350 3283 445 3370 αὐλίῳ
468 3286 535 3351 und
558 3289 630 3369 βοός
652 3286 700 3351 έπί
722 3289 828 3373 δεσμά.
877 3287 967 3354 Suid.
992 3287 1089 3353 Coisl.
1113 3290 1155 3354 56
1187 3290 1258 3371 βοός
1280 3287 1310 3351 ἐν
1334 3285 1428 3371 αὐλίῳ

198 3395 296 3476 κάθῃ.
343 3391 450 3458 Miller
472 3392 545 3458 Μέί.
569 3415 600 3478 p.
624 3396 697 3459 384.

289 3519 341 3582 30.
366 3520 450 3601 βοός
473 3519 713 3606 ἐγχυριμαῐος
736 3517 811 3600 (sic)
835 3522 877 3583 τά
900 3521 1017 3583 πολλά
1040 3518 1107 3591 ἔξω
1131 3520 1269 3602 βλέπει·
1297 3519 1345 3584 ἐπί
1372 3528 1429 3584 τῶν

199 3621 406 3711 ἀμελουμένων
436 3629 489 3691 καί
521 3630 595 3710 πρὸς
625 3627 693 3698 τοὺς
725 3626 927 3714 μελουμένους
957 3624 1144 3711 ἀφορώντων.
1196 3625 1262 3712 Pu
1282 3629 1323 3691 81
1358 3629 1430 3708 βοῦς

200 3727 397 3816 ἀλλότριος
418 3737 455 3796 τὰ
477 3736 578 3798 πολλὰ
601 3731 658 3806 ἔξω
682 3736 792 3816 βλέπει.
839 3733 898 3797 Mit
927 3733 949 3799 S
974 3733 1095 3798 stimmt
1118 3731 1189 3798 cod.
1207 3733 1310 3798 Paris.
1326 3735 1428 3799 2650:

199 3839 271 3920 βοός
293 3840 498 3928 ἐνεχυριμαῖος
520 3843 557 3905 τά
579 3842 679 3905 πολλὰ
702 3839 760 3912 ἔξω
784 3843 897 3923 βλέπει·
921 3842 969 3905 ἐπί
987 3850 1046 3906 τῶν
1062 3839 1265 3928 ἀμελουμένων
1283 3843 1336 3905 καί
1353 3845 1429 3926 πρὸς

199 3946 269 4018 τοὺς
290 3947 521 4034 ἐπιμελομένους
546 3947 735 4036 ἀφορώντων.

290 4073 341 4137 31.
365 4071 539 4145 Βοιωτοῖς
563 4075 794 4160 μαντεόσαιο·
819 4070 894 4159 αῧτγ
913 4075 1204 4160 καταρατικῄέστιν·
1231 4070 1430 4159 Ἡρακλείδης

198 4181 256 4262 γάρ
279 4202 360 4267 φησι,
383 4185 607 4266 μαντευομένοις
630 4191 694 4253 τοῖς
713 4177 894 4267 Ἀθηναίοις
909 4179 984 4266 (sie)
1008 4185 1073 4265 περί
1095 4182 1225 4267 πολέμου
1250 4179 1430 4265 ἀπεκρίνατο

290 4339 325 4393 26
344 4339 401 4394 und
419 4340 453 4393 27
472 4339 565 4393 fehlen
584 4339 614 4393 in
632 4340 655 4392 Β
673 4357 722 4393 vor
740 4340 801 4393 208.

290 4430 325 4484 28
344 4429 415 4484 fehlt
433 4429 463 4483 in
482 4430 504 4482 B
522 4429 657 4484 zwisehen
676 4430 730 4483 220
748 4429 805 4482 und
823 4430 884 4483 221.

290 4519 325 4573 29
344 4519 415 4574 fehlt
433 4519 464 4572 in
483 4519 505 4572 B
524 4519 659 4573 zwisehen
679 4519 731 4573 221
750 4519 807 4572 und
825 4519 886 4572 222.

290 4609 326 4663 30
344 4608 381 4662 ἰοί
400 4609 430 4662 in
449 4609 471 4662 B
489 4608 624 4663 zwisohen
644 4609 697 4661 238
715 4608 772 4662 und
791 4609 843 4662 239
862 4609 1046 4677 ausgelassen.

290 4697 323 4752 31
343 4697 381 4752 ist
399 4697 428 4751 in
447 4698 470 4751 B
488 4697 623 4752 zwischen
643 4697 695 4751 241
714 4697 772 4750 und
791 4697 844 4752 242
863 4697 1046 4766 ουσμοίκτοοιι.
