3598 5226
879 391 1088 485 —ma—

374 613 431 680 Cui
449 614 622 678 sententiae
638 613 712 678 lieet
733 633 794 678 non
818 614 1046 698 adstipulamur
1062 651 1101 660 -
1117 633 1193 679 nam
1217 617 1365 698 quoniam
1381 616 1593 700 rhythmieam

378 717 570 784 Graeeomm
594 720 694 782 artem
717 737 736 781 a
758 717 906 801 temporis
923 717 1070 782 divisione
1092 737 1149 801 per
1171 719 1284 801 quinas
1306 721 1411 804 partes
1427 719 1511 785 faeta
1532 739 1595 784 non

376 820 566 886 abstinuisse
600 821 684 886 eerto
720 820 852 898 seimus,
886 840 926 886 ne
954 821 981 885 ei
1013 821 1139 904 quidem
1162 841 1286 902 versus,
1322 823 1376 906 qui
1407 842 1462 906 pro
1489 841 1596 888 00000-

374 942 481 988 rarum
504 924 624 988 ratione
652 923 683 988 id
704 925 881 1007 patiuntur,
916 925 976 989 alia
998 944 1148 989 mensura
1176 927 1251 990 sunt
1278 925 1505 1008 deseribendi1)
1541 960 1594 1003 -‚

375 1030 484 1092 tamen
500 1027 630 1092 dubium
653 1046 715 1091 non
733 1029 789 1104 est
813 1029 888 1110 quin
902 1031 1023 1092 veteres
1046 1047 1169 1112 quoque
1192 1028 1330 1093 naturali
1347 1028 1483 1111 quodam
1499 1047 1594 1093 sensu

376 1131 462 1196 dueti
485 1130 665 1212 sesoupiiois
688 1130 810 1212 generis
833 1131 927 1213 pedes
949 1130 1068 1195 solutae
1090 1131 1193 1213 potius
1217 1131 1348 1196 orationi
1364 1131 1540 1209 tribuerint,
1563 1130 1594 1194 id

375 1231 457 1316 quod
493 1233 531 1298 de
565 1232 710 1297 omnibus
744 1235 879 1297 testatur
912 1233 1030 1297 Marius
1058 1233 1139 1298 V'iot.
1173 1253 1203 1316 p.
1226 1235 1278 1313 41,
1302 1235 1342 1298 30
1365 1234 1397 1298 K
1420 1235 1476 1316 (=
1497 1233 1594 1300 Iubae

375 1337 485 1420 fragm.
508 1335 671 1400 13*Bed.
692 1334 825 1413 Hense):
855 1336 1016 1418 „paeonici
1039 1336 1135 1420 pedes
1150 1385 1158 1400 .
1174 1385 1180 1400 .
1198 1385 1204 1400 .
1222 1337 1358 1421 seseupli
1380 1386 1387 1400 .
1411 1387 1418 1400 .
1443 1386 1450 1400 .
1473 1337 1594 1401 ratione

374 1439 559 1517 subsistunt,
582 1437 712 1520 ideoque
736 1438 844 1503 metris
871 1439 1001 1504 minime
1023 1440 1118 1504 utiles
1145 1441 1383 1505 aestimantur.“
1433 1439 1595 1524 Copiosius

373 1542 458 1607 idem
485 1542 610 1625 exponit
632 1541 827 1624 Augustinus
852 1542 889 1606 de
912 1561 992 1607 mus.
1015 1542 1060 1606 IV
1085 1543 1122 1606 9:
1157 1545 1230 1620 „isti
1258 1544 1389 1626 quinum
1418 1546 1595 1626 temporum

373 1645 479 1728 pedes,
501 1645 538 1708 ut
561 1644 657 1709 etiam
679 1647 854 1729 septenum,
876 1664 939 1710 non
962 1649 1029 1710 tam
1052 1647 1189 1711 suaviter
1211 1649 1355 1724 eurrunt,
1379 1664 1475 1729 quam
1496 1645 1517 1708 ii
1542 1645 1595 1727 qui

375 1747 485 1811 autin
513 1765 630 1830 aequas
653 1750 757 1832 partes
787 1747 981 1827 diuiduntur,
1016 1750 1124 1813 autin
1154 1749 1300 1832 simplam
1324 1751 1357 1814 et
1378 1748 1523 1831 duplam,
1546 1749 1595 1814 vel

373 1850 405 1914 in
428 1850 557 1935 duplam
580 1853 612 1915 et
634 1851 796 1934 simplam3
829 1853 954 1917 tantum
983 1853 1114 1918 interest
1146 1853 1227 1918 inter
1250 1854 1413 1935 sesquatos
1435 1853 1541 1916 motus
1564 1853 1596 1916 et

375 1954 522 2035 aequales
546 1956 602 2018 aut
624 1955 825 2038 oompiieatos
843 2003 849 2018 .
868 2003 875 2017 .
893 2003 899 2018 .
916 1956 1022 2037 itaque
1045 1955 1103 2020 hos
1125 1955 1231 2038 pedes,
1255 1955 1394 2038 quinque
1416 1973 1452 2020 ao
1474 1956 1597 2038 septem

373 2056 492 2121 seilioet
525 2059 717 2141 temporum,
752 2059 798 2122 uti
832 2060 1051 2142 aspernantius
1084 2061 1207 2142 poetae,
1238 2059 1283 2123 ita
1315 2057 1419 2123 soluta
1446 2057 1595 2122 libentius

374 2159 508 2224 assumit
540 2161 667 2226 oratio.“
712 2161 793 2226 ibid.
816 2160 845 2225 V
874 2162 927 2225 1οε
961 2162 1192 2239 „meministine
1215 2211 1222 2226 .
1247 2211 1253 2226 .
1279 2211 1285 2226 .
1310 2162 1422 2227 dixisse
1445 2179 1502 2226 nos
1525 2209 1532 2224 .
1557 2207 1595 2223 ..

372 2263 443 2328 illos
464 2265 574 2347 pedes,
609 2284 742 2348 qnorum
764 2267 869 2349 partes
893 2265 932 2329 ad
956 2284 1070 2347 sesqua
1093 2265 1297 2343 conueniunt,
1331 2265 1395 2330 sive
1417 2265 1451 2330 in
1473 2264 1595 2329 duobus

374 2369 406 2431 et
427 2367 543 2447 tribus,
577 2371 614 2434 ut
635 2372 685 2434 est
706 2369 840 2434 oretieus
862 2368 912 2433 rel
934 2387 1084 2452 paeones,
1118 2369 1236 2434 sivein
1260 2368 1360 2433 tribus
1385 2369 1595 2449 etquattuor,

372 2471 410 2534 ut
432 2470 558 2553 epitriti,
580 2473 721 2538 enoiusos
746 2491 765 2537 a
786 2472 887 2556 poetis
909 2475 1035 2555 propter
1056 2473 1185 2537 minoris
1208 2471 1382 2538 venustatis
1405 2490 1526 2548 sonum,
1548 2489 1596 2534 so-

373 2572 460 2638 lutae
477 2577 625 2640 orationis
650 2577 850 2641 severitatem
866 2574 1010 2640 decorare
1027 2575 1259 2658 congruentius,
1283 2594 1355 2639 uum
1371 2574 1420 2638 his
1436 2572 1595 2638 clausulas

374 2676 601 2759 colligantur?“
648 2678 730 2759 Quin
747 2681 842 2745 etiam
859 2679 966 2745 Cioero
982 2679 1020 2743 de
1037 2679 1173 2744 doehmii
1194 2698 1255 2743 usu
1275 2679 1406 2743 oratorio
1428 2678 1486 2742 hoo
1507 2694 1597 2760 prae-

375 2780 450 2863 cipit
470 2804 489 2840 u
514 2781 599 2848 Orat.
614 2784 676 2847 218
698 2783 751 2863 (-
766 2781 1026 2861 ‚,est“=Ruiin.
1049 2802 1079 2865 p.
1100 2783 1171 2862 577,
1190 2781 1314 2845 14-16
1330 2782 1390 2861 Κ);
1414 2779 1596 2860 „doehmius

376 2932 383 2946 .
416 2933 423 2947 .
453 2885 590 2967 .quovis
612 2887 680 2952 loon
704 2889 796 2969 aptus
812 2887 868 2962 est
891 2886 967 2949 dum
990 2885 1087 2950 semol
1102 2889 1251 2969 ponatur;
1272 2885 1406 2949 iteratus
1429 2881 1597 2948 00100011-

375 2989 491 3053 0001οε
514 3007 681 3054 numemm
705 2993 849 3073 apertum
858 2991 883 3072 ²)
907 2993 939 3054 et
962 2989 1056 3053 nimis
1079 2989 1234 3071 insignem
1257 2987 1360 3053 saeit“

461 3090 611 3158 Omnium
627 3096 734 3158 autem
756 3093 934 3157 huiusmodi
950 3093 1066 3175 pedum
1088 3093 1229 3157 rhetores
1244 3090 1380 3155 maxime
1396 3088 1598 3155 adfeotabant

375 3213 504 3277 paeana,
528 3218 547 3253 s
570 3181 597 3283 ᾦ
620 3191 757 3280 ἐχρῶντο
779 3186 850 3260 ἇιτὸ
876 3190 1094 3280 Θρασυμάχου
1104 3197 1128 3275 ³)
1162 3185 1347 3280 ἀρξάμενοι·
1378 3182 1538 3273 aristipos
1560 3189 1597 3256 δὲ

375 3293 493 3381 λέγειν,
520 3292 571 3375 τίς
598 3285 636 3384 ἦν
668 3300 810 3380 (Aristot.
834 3298 924 3363 Rhet.
946 3298 996 3363 111
1019 3301 1038 3363 8
1065 3299 1162 3362 1409·
1185 3301 1225 3381 2).
1280 3297 1382 3377 Quem
1413 3295 1518 3361 loeum
1552 3295 1597 3360 ita

375 3402 468 3466 vertit
500 3402 606 3468 Cicero
630 3402 716 3467 Orat.
741 3402 817 3467 193:
853 3421 992 3486 „paeana
1022 3404 1133 3486 probat
1166 3401 1246 3480 (soil.
1268 3400 1465 3480 Aristoteles)
1499 3417 1596 3481 eoque

376 3504 420 3569 ait
440 3505 487 3569 nti
502 3525 621 3583 omnes,
644 3504 699 3570 sed
720 3506 804 3589 ipsos
826 3525 890 3571 non
912 3507 1036 3583 sentire,
1059 3524 1131 3571 oum
1153 3506 1318 3580 utantur“;
1340 3504 1379 3567 of.
1401 3502 1439 3569 de
1455 3504 1532 3568 orat.
1547 3501 1597 3566 111

378 3608 438 3672 183
461 3609 515 3689 (=
537 3609 641 3674 Rufin.
663 3630 693 3693 p.
718 3610 789 3688 569,
814 3610 832 3672 5
856 3628 923 3692 sqq.
946 3609 1000 3692 Κ).
1311 3695 1315 3701 ¹

462 3711 598 3777 Causam
622 3716 729 3778 autem
752 3731 822 3777 eam
844 3713 944 3796 ipsam
968 3731 1050 3791 esse,
1084 3712 1167 3795 quod
1190 3710 1230 3777 ad
1251 3713 1389 3776 metrum
1410 3726 1511 3792 paean
1533 3726 1597 3772 non

377 3813 518 3896 quadret,
541 3815 656 3881 diserte
679 3816 769 3881 uocet
790 3816 974 3881 Aristoteles
996 3817 1017 3880 1.
1038 3837 1065 3884 a.
1082 3839 1101 3875 ι
1126 3815 1223 3879 1409·
1238 3815 1271 3878 a:
1295 3807 1326 3878 ot
1347 3809 1408 3896 μὲι
1429 3796 1482 3876 οὖν
1504 3800 1597 3874 aare

376 3908 606 4004 ...ἀφετέοι
638 3922 693 4000 (so.
727 3919 759 3982 in
793 3919 944 4002 oratione)
999 3913 1148 3985 ..διότι
1176 3911 1338 4004 μετρικοὶ·
1371 3908 1388 3979 ὁ
1423 3911 1460 3980 δὲ
1492 3903 1597 3979 παιὰν

447 4142 466 4210 ¹>
484 4140 659 4197 Heliodorum
677 4140 849 4210 aliquatenus
867 4143 990 4209 sequitur
1009 4140 1107 4202 Christ,
1125 4139 1245 4194 Metrik²
1263 4157 1290 4209 p.
1309 4139 1362 4193 388
1379 4154 1432 4208 sq.;
1455 4136 1596 4206 impugnat

377 4243 438 4283 oum
457 4227 600 4295 Wostphal
617 4227 810 4283 ‘Aristoxenus‘
829 4244 854 4297 p.
874 4229 931 4281 115.
1341 4289 1344 4296 Ι

446 4316 470 4376 ²)
488 4313 632 4383 ‘asperum'
652 4312 758 4369 videtur
775 4313 872 4382 legisse
884 4313 1028 4383 Pompeius
1042 4311 1211 4377 Messalinus,
1230 4312 1275 4380 qui
1293 4311 1439 4366 italorum
1458 4309 1596 4365 Ciceronis

376 4403 510 4454 memorat
527 4414 570 4468 ap.
594 4398 683 4456 Rufin.
702 4417 730 4468 p.
752 4399 812 4467 575,
832 4400 864 4453 14
882 4399 924 4453 K:
953 4399 1122 4466 „doehmium
1140 4402 1234 4465 aptum
1253 4398 1345 4466 quouis
1362 4397 1421 4452 1000
1440 4411 1515 4463 osae,
1533 4394 1595 4450 dum

377 4486 461 4541 semel
478 4491 604 4554 ponatur,
623 4485 747 4553 quoniam
766 4486 940 4541 continuatus
958 4499 1098 4539 numerum
1117 4499 1278 4554 asperum
1297 4482 1426 4538 afficiat.“

446 4575 467 4638 ⁸)
487 4572 516 4626 Iu
540 4571 701 4639 fragmentis
728 4571 923 4642 Thrasymaehi
946 4569 1165 4639 compositionem
1187 4569 1346 4638 paeonicam
1373 4585 1425 4623 non
1451 4566 1596 4622 admodum

377 4672 437 4716 asae
455 4657 626 4731 conspicuam
645 4656 737 4714 docuit
755 4658 832 4714 Blass
852 4660 910 4716 stt.
929 4657 1039 4715 Bereds.
1061 4654 1154 4714 1249.
