3568 5238
930 401 979 487 42

854 511 1062 521 -———-——-

342 646 422 723 λεως
437 643 605 730 ἑπάρξεινς
628 647 771 711 Valerius
795 647 951 712 Maximus
974 645 1063 725 (VIII
1086 648 1115 723 6,
1138 649 1172 726 4)
1193 647 1286 712 haec:
1310 647 1356 726 ‘Q.
1381 651 1487 712 antem
1510 649 1572 712 Va-

341 750 407 812 rius
425 797 431 810 .
448 798 477 814 ..
500 733 645 813 tribunus
672 749 772 832 plebis
800 750 903 833 legem
926 751 1075 814 adversus
1098 751 1355 814 intercessionem
1377 751 1570 833 collegarum

343 853 531 934 pernegavit,
556 871 636 933 quae
659 852 792 915 iubebat
827 853 935 934 quaeri
959 871 1093 933 quorum
1119 853 1188 917 dolo
1211 854 1295 918 malo
1323 855 1397 918 socii
1421 854 1459 916 ad
1484 872 1573 916 arma

344 953 389 1017 ire
412 954 512 1018 coacti
535 956 660 1018 essent'
1574 1026 1576 1030 ¹

429 1057 629 1138 Quamquam
646 1055 789 1119 Valerius
813 1059 1040 1140 auctorisque
1067 1059 1234 1128 utebatur.¹
1250 1059 1345 1122 rerba
1367 1059 1571 1140 neglegenter

344 1159 543 1242 exscripsisse
566 1159 708 1234 uidetur,
737 1159 899 1241 Appianas
922 1163 1028 1224 tamen
1051 1161 1153 1224 isdem
1176 1161 1240 1225 sere
1263 1161 1367 1225 verbis
1391 1162 1494 1242 legem
1516 1159 1569 1222 de·

343 1262 414 1326 finit
435 1280 568 1342 eamque
592 1263 631 1326 ad
654 1261 774 1325 nobiles
797 1263 1017 1344 opprimendos
1040 1265 1140 1327 latam
1164 1283 1233 1328 osse
1257 1266 1379 1336 asserit,
1411 1263 1500 1327 cuius
1524 1262 1569 1325 rei

344 1363 522 1446 exemplum
545 1365 715 1428 scholIasta
737 1365 836 1427 sumit
859 1365 933 1428 aM.
951 1365 1078 1442 Scauro,
1103 1367 1147 1430 rei
1170 1370 1267 1449 patre.
1297 1365 1418 1445 Quibus
1441 1365 1570 1446 scripto-

344 1467 430 1530 ribus
452 1465 534 1529 hanc
562 1467 832 1530 narratiunculam
861 1467 984 1531 Livium
1014 1469 1228 1551 suppeditasse
1258 1468 1409 1551 suspicari
1440 1467 1473 1529 in
1501 1486 1570 1549 pro-

346 1570 416 1634 cliui
440 1573 497 1632 est.

429 1671 591 1735 Postremo
603 1672 734 1735 Liviana
742 1671 873 1736 sortasse
887 1691 1038 1753 agnoscas
1053 1673 1175 1737 collatis
1187 1674 1239 1744 eis,
1254 1691 1333 1754 quae
1349 1673 1387 1736 de
1403 1673 1445 1736 ld.
1461 1671 1569 1736 Porcio

241 1830 244 1834 .
346 1773 465 1839 Catone
487 1775 641 1839 Asconius
656 1776 683 1855 ¹)
711 1776 752 1856 (p.
776 1775 829 1850 25,
864 1776 1014 1856 23-27),
1037 1775 1184 1839 Valerius
1207 1773 1361 1838 Maximus
1385 1773 1446 1851 (Ill
1475 1775 1504 1848 6,
1528 1775 1569 1850 7),

343 1875 621 1958 Plutarchus(x1't
600 1875 715 1941 t.th
692 1878 814 1940 tmin.
838 1897 864 1942 2.
886 1881 941 1956 44)
966 1877 1047 1960 scrip
1049 1877 1301 1959 tareliquerunt,
1323 1895 1382 1942 nec
1396 1896 1501 1940 mmus
1516 1877 1570 1952 eis,

346 1978 487 2060 quaeda
516 1978 550 2057 Q.
575 1979 679 2043 Mucio
703 1978 854 2044 Scaevola
877 1979 960 2063 apud
984 1980 1215 2059 scholiastam⁹)
1237 1983 1278 2062 (p.
1304 1981 1352 2051 13,
1377 1980 1554 2059 15-22)2
1538 1981 1570 2042 22

345 2080 505 2144 Valerium
528 2081 701 2145 Maximum
725 2079 813 2158 (VIII
839 2083 887 2160 15,
911 2083 944 2164 6)
968 2082 1112 2164 legimus.

431 2303 513 2368 Huic
536 2303 755 2386 disputationis
778 2305 860 2386 parti
889 2305 971 2368 hanc
995 2305 1083 2386 quasi
1107 2304 1311 2387 appendicem
1334 2303 1446 2368 addere
1469 2305 1571 2370 liceat.

345 2407 499 2469 Asconius
523 2427 552 2490 p.
577 2409 626 2484 84,
649 2407 734 2468 4-8
768 2407 938 2472 Catilinam
970 2410 1002 2471 et
1034 2407 1207 2470 Antonium
1241 2405 1399 2471 Ciceronis
1429 2408 1570 2482 orationi,

347 2526 443 2589 quam
466 2509 496 2571 in
514 2514 588 2591 toga
603 2509 736 2573 candida
759 2513 870 2572 contra
891 2510 962 2573 illos
986 2510 1104 2585 habuit,
1127 2510 1350 2574 contumeliose
1373 2511 1571 2592 respondisse

346 2611 432 2673 etin
456 2611 674 2675 novitatem
703 2611 783 2674 eius
806 2612 981 2676 invectos
1005 2631 1073 2675 esse
1096 2615 1241 2686 nanas).
1265 2613 1425 2696 Appianus
1442 2613 1522 2692 (bc.
1538 2610 1571 2673 II

346 2713 378 2792 2)
402 2715 522 2788 autem,
550 2717 719 2796 postquam
741 2714 909 2779 Catilinam
945 2733 1026 2778 anuo
1060 2716 1147 2791 ⁶³⁰lm
1179 2715 1378 2778 consulatum
1410 2717 1572 2797 petentem

345 2815 505 2896 repulsam
533 2817 642 2880 tulisse
670 2818 818 2889 narravit,
845 2817 923 2880 baec
946 2817 1084 2881 exhibet:
1119 2813 1173 2878 καὶ
1207 2814 1355 2898 Κικέρων
1385 2814 1446 2898 μὲν
1478 2803 1572 2902 ἦρχεν

345 2907 413 2981 ἀντ’
436 2908 535 2982 αὐτοῦ
563 2918 640 3003 (scil.
665 2917 914 2996 Catilinae),
961 2913 1142 2995 Κατιλίνας
1165 2909 1194 2982 d’
1211 2911 1309 2983 αὐτὸν
1332 2916 1366 2996 ἐς
1387 2915 1479 3002 ιὕβριν
1505 2923 1571 2984 τῶν

347 3014 542 3100 ἑλομένων
527 3017 758 3094 επέσκωπτεν,
793 3017 868 3102 a‘gp
869 3019 927 3085 ιὲν
956 3013 1311 3105 ἀγνωσίανγενοας
1339 3015 1474 3086 καινὸν
1498 3014 1571 3087 ὀνο-

344 3118 456 3204 μάζων
483 3121 629 3200 (καλοασι
653 3114 730 3186 0Η
700 3119 783 3186 22222
804 3147 881 3202 τους
902 3117 961 3210 ἀφ’
986 3117 1110 3187 2222222
1143 3114 1213 3186 dat
1248 3145 1283 3187 oc
1317 3126 1414 3188 adm.
1404 3121 1572 3208 προγόνων

345 3221 585 3310 γνωρίμους),
569 3248 608 3302 2ς
630 3222 714 3289 da
694 3222 823 3306 gaulon
849 3249 916 3312 crg
943 3223 1095 3305 πόλεως
1119 3211 1426 3310 ἰγκοαϊλῖνον,
1398 3239 1425 3312 ῳ
1450 3225 1571 3311 ῥήματι

344 3327 479 3392 καλοῦσι
498 3351 572 3406 τους
588 3325 787 3405 ἐνοικοῦντας
802 3325 835 3390 ἓν
850 3319 1086 3411 αλλοτρίαις
1057 3323 1185 3404 οικίαις.
1222 3326 1291 3392 Iam
1311 3348 1383 3393 vero
1402 3329 1571 3408 Johnius⁴)

344 3431 427 3495 hanc
450 3431 585 3514 Appiani
607 3432 790 3495 relationem
818 3433 857 3494 ad
885 3433 1017 3496 eandem
1045 3432 1218 3496 orationem
1248 3434 1406 3514 spectare,
1440 3432 1478 3496 de
1507 3451 1571 3514 qua

345 3534 498 3598 Asconius
520 3535 539 3596 l.
556 3552 582 3597 o.
598 3535 693 3597 rerba
715 3533 820 3609 factat,
843 3553 945 3616 neque
969 3539 1025 3598 aut
1047 3553 1084 3598 ex
1098 3535 1232 3598 Asconio
1256 3536 1311 3598 aut
1333 3553 1370 3598 ex
1386 3533 1534 3599 Sallustio
1543 3537 1571 3615 δ)

347 3637 450 3714 (Catil.
472 3637 522 3712 31,
547 3638 581 3712 73
604 3639 655 3712 23,
680 3638 708 3698 5.
724 3637 757 3716 6)
780 3637 982 3720 compilatam
1005 3657 1074 3702 esse
1097 3637 1262 3720 perspexit.
1297 3636 1358 3700 Sed
1380 3637 1475 3712 idem,
1498 3657 1572 3701 cum

345 3739 488 3820 Appiano
511 3758 564 3803 222
588 3739 742 3805 Catilinae
767 3741 799 3803 et
820 3739 950 3803 Antonii
973 3741 1129 3804 orationes
1160 3740 1198 3803 ad
1229 3758 1343 3803 manus
1377 3739 1474 3805 inisse
1498 3761 1572 3805 con-

345 3843 469 3918 tendat,
502 3861 580 3923 quas
612 3843 740 3906 illorum
770 3843 896 3906 nomine
924 3842 1024 3906 editas
1054 3861 1121 3906 esse
1145 3843 1315 3906 scholiasta
1337 3847 1572 3920 commemorat,

346 3943 391 4008 stc
414 3945 452 4008 ad
475 3944 606 4008 uerbum
629 3945 751 4009 scribit:
786 3945 922 4025 ‘bleegen
948 3964 1014 4008 nun
1044 3946 1092 4009 die
1122 3947 1213 4008 unter
1236 3945 1335 4010 ihrem
1359 3945 1481 4010 Numen
1505 3947 1574 4010 lau-

345 4046 460 4110 senden
485 4047 532 4110 die
556 4048 676 4111 aechten
700 4066 842 4129 genesen
865 4049 932 4112 sein
954 4047 1029 4111 oder
1050 4049 1138 4111 nicht
1156 4083 1195 4094 —
1220 4048 1392 4126 Quintilian
1415 4047 1461 4112 IX
1477 4051 1507 4125 3,
1531 4051 1573 4112 94

416 4236 437 4298 ¹)
454 4233 488 4288 ci.
506 4232 621 4302 Madvig
637 4231 655 4286 l.
674 4249 696 4286 2.
715 4250 741 4303 p.
760 4235 801 4288 69.

413 4320 435 4384 ς)
455 4317 498 4372 Dc
515 4318 646 4373 Cicerone
664 4317 711 4380 (ad
734 4319 793 4373 Att.
806 4317 834 4372 V
856 4320 898 4386 17,
916 4320 994 4382 2-5)
1012 4318 1115 4372 similia
1132 4319 1258 4373 tradente
1280 4319 1337 4372 iam
1355 4335 1440 4389 supra
1470 4322 1507 4389 (p.
1525 4321 1572 4388 24)

344 4401 555 4474 disputavimus.
582 4403 726 4458 Praeterea
743 4403 778 4458 cf.
796 4405 944 4458 Drumann
961 4405 1006 4459 VI
1024 4421 1049 4473 p.
1068 4405 1101 4460 53
1123 4421 1150 4458 n.
1168 4405 1193 4459 5.

417 4493 438 4558 ³)
457 4489 501 4543 Ad
521 4489 672 4544 Asconium
691 4490 762 4544 redit
781 4489 936 4545 Scholiasta
954 4489 1096 4544 Bobiensis
1114 4507 1140 4561 p.
1160 4491 1220 4556 363,
1238 4490 1350 4543 21-24.

417 4579 438 4643 ⁴)
458 4575 560 4629 Annol.
578 4575 674 4646 pbliol.
694 4575 829 4646 supplem.
846 4576 924 4630 VIII
943 4591 968 4646 p.
986 4576 1045 4630 770.

414 4664 435 4729 ⁵)
454 4661 498 4714 Ex
516 4659 568 4715 hcc
585 4660 747 4730 Appianum
764 4677 816 4715 sun
832 4661 946 4716 finrdsse
962 4661 1093 4732 opinatur
1110 4661 1309 4732 Schliephaclre
1326 4659 1344 4715 l.
1362 4675 1386 4715 2.
1404 4677 1430 4732 p.
1449 4663 1474 4717 5.
