3568 5238
721 421 929 513 *⁶2st

222 646 378 726 quantum
401 644 529 726 quidem
552 643 705 721 ridemus,
728 645 906 710 tacentibus
929 645 1083 708 Asconius
1107 645 1291 708 summatim
1315 644 1442 725 quidem

222 746 323 811 Clodii
349 765 517 810 numerum
546 765 708 810 servorum
736 747 860 812 exhibet
882 751 925 829 (p.
949 747 1000 822 22,
1031 747 1170 827 19-24)
1200 750 1294 828 atque
1319 747 1442 811 Milonis

222 850 409 913 comitatum
445 867 573 931 prorsus
607 849 698 913 aliter
725 868 762 914 ac
790 849 898 914 Cicero
921 850 953 912 in
981 849 1119 912 oratione
1147 850 1209 924 (10,
1234 851 1290 919 28;
1314 851 1365 920 21,
1390 851 1443 928 55)

223 953 382 1028 describit,
405 954 568 1033 praeterea
591 953 698 1016 antem
720 971 781 1016 non
805 952 898 1016 modo
920 951 1046 1015 Milonis
1071 957 1127 1016 aut
1138 951 1238 1016 Clodii
1262 952 1443 1025 andoenum,

223 1054 276 1135 qui
299 1055 331 1116 in
354 1054 506 1118 comitatu
530 1055 633 1130 erant,
662 1055 717 1118 sed
741 1056 837 1118 ctiam
866 1055 1061 1135 singolorum
1083 1054 1293 1135 gladiatorum
1315 1055 1444 1119 nomina

224 1157 461 1221 accuratissime
483 1159 627 1220 recenset
649 1159 690 1239 (p.
707 1158 758 1232 27,
775 1157 913 1233 21-28,
937 1160 972 1231 4;
995 1159 1047 1232 28,
1072 1157 1121 1219 10.
1145 1157 1208 1234 11),
1233 1177 1310 1238 quos
1334 1177 1443 1221 omnes

222 1259 305 1324 viros
329 1260 496 1323 annalibus
519 1259 651 1322 traditos
674 1259 771 1323 luisse
794 1261 843 1323 vix
866 1259 940 1324 licet
962 1259 1112 1324 conicere.

308 1360 396 1440 Quod
421 1365 528 1426 autem
552 1361 590 1424 ad
614 1381 651 1426 ea
672 1363 819 1444 pertinet,
843 1381 922 1444 quae
934 1361 1087 1427 Asconius
1112 1365 1153 1444 (p.
1178 1363 1227 1437 28,
1252 1363 1367 1438 1-29,
1392 1364 1442 1424 ll.

224 1465 361 1544 17-20)
373 1466 511 1548 praebet,
522 1484 595 1528 cnm
607 1464 690 1527 haud
703 1483 803 1547 pauca
814 1466 846 1528 ln
862 1466 1034 1544 oraticne1)
1047 1464 1281 1548 ipsalegsmus
1298 1466 1442 1547 plurima,

222 1571 260 1631 ut
279 1567 479 1642 Plutarchus
502 1567 674 1649 Appianas,
697 1566 756 1630 Dio
772 1567 954 1645 docuerunt,
977 1567 1154 1643 annalibus,
1177 1568 1340 1642 nonnulla,
1357 1568 1444 1631 velut

222 1688 302 1750 quae
333 1670 415 1753 apud
438 1669 609 1734 Ascanium
634 1690 665 1751 p.
689 1656 869 1746 rasi-10
892 1673 1031 1745 exstant,
1060 1670 1137 1733 adeo
1159 1670 1208 1733 his
1231 1670 1304 1734 solis
1327 1671 1444 1734 tradita

223 1793 292 1838 esse
316 1776 448 1850 constet,
471 1771 545 1854 quid
570 1790 606 1835 ex
621 1773 719 1836 ‘sotis’
736 1772 810 1836 solis
826 1776 990 1856 sumptum
1005 1773 1054 1849 sit,
1077 1774 1170 1836 certis
1187 1773 1313 1854 quidem
1328 1773 1443 1836 linibus

222 1877 390 1942 terminare
406 1877 585 1958 nequimus;
609 1875 699 1938 ‘acta'
723 1878 829 1938 tamen
852 1875 889 1939 de
913 1876 963 1938 his
984 1895 1106 1958 quoque
1129 1877 1222 1940 rebus
1246 1877 1284 1940 ab
1300 1877 1443 1952 Asconio,

224 1980 277 2062 qui
308 1982 403 2043 ‘acta
440 1979 561 2042 totius
593 1977 700 2040 illius
734 1979 927 2060 temporis'
968 1998 1001 2043 se
1029 1981 1229 2061 persecutum
1257 1997 1325 2042 esse
1353 1979 1445 2060 profi-

222 2085 327 2146 teatur
350 2083 392 2164 (p.
416 2083 467 2157 39,
491 2082 519 2142 3.
542 2082 585 2160 4),
607 2099 675 2143 esse
698 2081 798 2145 accita
820 2101 875 2164 pro
897 2082 1056 2164 explorato
1077 2080 1258 2145 habendum
1281 2082 1338 2145 est.

309 2183 429 2248 Deinde
457 2184 534 2246 haec
557 2185 642 2264 (Asc.
662 2204 691 2266 p.
715 2185 765 2260 29,
789 2185 929 2260 27-30,
955 2185 1007 2264 12)
1037 2184 1076 2248 ad
1103 2187 1193 2248 ‘acta‘
1222 2183 1375 2265 respicere
1397 2183 1444 2245 iu-

224 2288 307 2352 dico:
337 2285 590 2350 ‘Postulaverunt
613 2286 696 2368 apud
722 2305 795 2351 eum
821 2287 902 2368 (scil.
918 2286 1118 2370 Pompeium)
1141 2285 1292 2350 familiam
1307 2285 1443 2362 Milonis,

223 2391 299 2454 item
322 2390 457 2453 Faustae
481 2390 584 2452 uxoris
608 2388 674 2452 eius
698 2389 904 2454 exhibendam
927 2390 989 2453 duo
1012 2389 1252 2464 adulescentuli,
1275 2388 1327 2469 qui
1351 2389 1443 2470 Appii

224 2492 346 2558 Claudii
369 2493 460 2555 ambo
484 2491 741 2574 appellabantur;
770 2491 824 2572 qui
846 2492 936 2576 <filib
962 2496 1052 2556 erant
1074 2491 1107 2556 C.
1131 2491 1251 2567 Claudi,
1275 2491 1328 2572 qui
1351 2489 1446 2554 frater

223 2595 327 2658 haeret
349 2593 448 2670 Clodi,
478 2597 510 2658 et
532 2595 571 2658 ob
594 2594 626 2656 id
648 2595 753 2677 patrui
776 2595 824 2658 sui
847 2597 982 2658 mortem
1006 2595 1094 2658 velut
1116 2598 1243 2658 auctore
1266 2596 1355 2676 patre
1378 2613 1446 2675 per·

223 2699 446 2779 sequebantur.
501 2697 637 2760 Easdem
665 2698 800 2760 Faustae
836 2699 868 2760 et
894 2697 1019 2761 Milonis
1047 2695 1182 2760 semihas
1207 2697 1447 2780 postulaverunt

224 2800 285 2862 duo
308 2799 437 2874 Valerii,
461 2799 565 2881 Nepos
580 2803 612 2862 et
626 2800 699 2874 Leo,
723 2803 754 2862 et
776 2799 811 2862 L.
835 2801 1013 2863 Herennius
1034 2799 1163 2862 Balbus.
1200 2799 1235 2862 P.
1260 2799 1348 2864 Clodi
1370 2818 1446 2880 quo·

223 2921 284 2982 que
306 2901 459 2964 familiam
482 2904 514 2964 et
537 2903 688 2965 comitum
717 2902 784 2964 eius
817 2903 989 2984 postulavit
1011 2901 1118 2966 eodem
1142 2905 1280 2985 tempore
1305 2901 1444 2974 Caehus;

292 3107 312 3171 ι)
330 3104 413 3172 Quod
438 3101 576 3157 Asconius
601 3105 637 3172 (p.
655 3104 699 3169 28,
716 3104 830 3172 20-23)
858 3104 953 3158 scribit
975 3121 1032 3158 uno
1054 3104 1098 3158 die
1120 3110 1198 3174 post,
1222 3120 1306 3175 quam
1329 3104 1443 3160 Clodius

222 3192 328 3246 occisus
353 3197 421 3257 erat,
439 3188 594 3259 complures
619 3194 717 3244 notos
740 3189 895 3244 homines
920 3189 1025 3244 elisos
1049 3206 1135 3256 esse,
1161 3189 1233 3243 inter
1251 3207 1320 3260 quoe
1338 3191 1370 3246 C.
1389 3192 1443 3244 Vi·

221 3277 358 3331 bianum
378 3281 584 3340 senatorem,
604 3273 656 3328 hoc
673 3273 779 3328 cumiis
789 3281 905 3346 pugnat,
922 3292 993 3346 quae
1001 3275 1119 3346 legimus
1128 3274 1203 3345 apud
1214 3275 1373 3330 Ciceronem
1384 3283 1443 3347 (pro

222 3363 282 3417 Mil.
302 3364 346 3430 14,
367 3363 412 3431 37)
429 3361 510 3415 illum
523 3366 676 3414 senatorem
696 3361 781 3414 vitam
800 3361 932 3427 amisisse,
950 3377 1013 3415 cum
1033 3360 1068 3428 Q.
1081 3361 1248 3415 Hortensius
1265 3361 1293 3414 in
1312 3360 1441 3416 Clodium

223 3448 331 3502 adesset
349 3447 481 3503 Ciceroni.
518 3445 601 3513 Quod
619 3447 758 3516 quomodo
775 3446 972 3517 explicandum
987 3447 1037 3512 sit,
1060 3445 1204 3500 hominurn
1224 3447 1367 3500 doctorum
1386 3445 1442 3500 dis·

225 3534 316 3588 sident
333 3533 490 3588 sententiae.
534 3533 594 3602 Ego
617 3548 706 3602 neque
723 3531 874 3586 editoribus
893 3531 1008 3586 Halmio
1027 3531 1189 3586 Richterove
1210 3532 1313 3599 (adnot.
1332 3532 1368 3586 ad
1385 3533 1441 3586 Cic.

222 3619 240 3673 l.
259 3625 292 3678 ο.)
311 3619 361 3673 illo
379 3619 439 3674 loco
451 3618 609 3674 Ciceronem
627 3623 679 3672 aut
699 3617 826 3672 consulto
849 3625 899 3672 aut
916 3618 1033 3674 invitum
1052 3633 1155 3672 enasse
1171 3618 1334 3687 putantibus
1351 3635 1443 3674 assem

221 3706 283 3772 tior,
305 3721 369 3759 cum
391 3711 419 3758 et
440 3703 494 3758 hoc
516 3703 656 3758 Ciceronis
684 3702 859 3758 mendacium
886 3705 980 3758 statim
1005 3704 1146 3774 cognitum
1164 3705 1264 3759 Miloni
1287 3704 1376 3774 magis
1394 3704 1442 3758 oh·

221 3790 347 3843 loturum
361 3789 444 3844 luent
456 3807 539 3860 quarn
552 3789 738 3859 profuturum,
757 3796 784 3843 et
805 3806 839 3844 ea
856 3805 974 3859 quoque,
992 3806 1075 3859 quam
1094 3789 1242 3845 scholiasta
1260 3797 1362 3858 tuetur,
1380 3807 1441 3843 nar·

222 3875 328 3929 ratione
346 3881 438 3930 orator
455 3874 491 3928 ad
508 3875 637 3930 clientem
655 3891 737 3929 suum
756 3874 1018 3941 commendandum,
1036 3875 1126 3930 Clodii
1145 3882 1237 3945 partes
1255 3875 1441 3930 criminandos

220 3959 352 4014 facillime
367 3961 408 4014 uti
422 3961 550 4030 potuerit,
565 3976 654 4030 neque
667 3959 829 4015 Rinkesium
847 3961 991 4024 (bibemos.
1001 3961 1030 4014 X
1041 3978 1066 4031 p.
1076 3962 1127 4015 216
1137 3967 1200 4031 sq.),
1218 3961 1265 4032 qui
1281 3979 1348 4016 voce
1364 3961 1441 4016 ‘elisi’

221 4052 330 4101 mutata
345 4047 375 4100 in
388 4045 456 4100 ‘visi’
469 4047 552 4101 verba
560 4045 640 4099 ‘inter
651 4063 721 4116 quoa
740 4087 746 4100 .
766 4088 772 4100 .
792 4089 797 4100 .
815 4047 933 4102 senator'
951 4051 984 4100 ut
1000 4047 1165 4116 interpolata
1173 4047 1327 4118 proscribit,
1345 4047 1440 4118 probo,

221 4132 295 4202 quod
314 4132 371 4186 sive
388 4133 464 4186 ‘elisi’
489 4132 547 4186 sive
573 4131 642 4186 ‘risi'
665 4131 796 4202 legimus,
822 4148 923 4186 nomen
946 4131 1059 4202 ailquod
1076 4131 1186 4186 illorum
1204 4139 1333 4188 notorum
1352 4134 1439 4189 homi-

220 4234 288 4271 num
308 4217 487 4284 desideratur,
513 4219 553 4272 ita
570 4223 603 4272 ut
620 4217 664 4283 iis,
682 4234 753 4286 quae
777 4217 882 4271 Rinkes
900 4216 974 4284 vult,
995 4217 1085 4272 verbis
1103 4218 1201 4272 deletis
1219 4236 1260 4286 ea,
1272 4236 1344 4290 quae
1363 4227 1438 4274 ante-

219 4303 330 4370 cedunt,
347 4319 550 4374 supervacanea
567 4303 721 4358 videantur.
765 4302 902 4373 Eqmdem
920 4303 992 4357 hanc
1010 4303 1148 4358 Ciceronis
1166 4309 1194 4357 et
1210 4305 1322 4358 Asconii
1340 4305 1439 4360 discre-

220 4389 344 4458 pantiam
372 4389 499 4443 codicum
529 4388 646 4443 lectione
677 4405 732 4442 non
760 4388 909 4444 sollicitata
932 4391 973 4444 sic
995 4389 1188 4460 expediverim,
1216 4395 1248 4443 ut
1271 4397 1439 4445 commenta·

220 4481 316 4540 torem,
334 4490 398 4528 cum
417 4475 446 4528 in
464 4475 550 4530 ‘actis'
567 4475 618 4530 illo
641 4475 685 4529 die
702 4474 940 4530 turbulentissimo
961 4475 1117 4546 complures
1139 4474 1264 4529 homines
1282 4491 1340 4530 esse
1357 4476 1438 4530 elisos

219 4565 247 4612 et
264 4559 437 4614 simillimum
459 4560 488 4614 in
507 4561 621 4616 modum
640 4560 790 4615 Vibienum
815 4561 928 4632 periisse
954 4562 983 4614 in
1005 4562 1128 4616 oratione
1152 4559 1279 4631 legisset,
1300 4561 1350 4616 has
1368 4561 1438 4617 duas

219 4661 262 4698 res
281 4645 352 4699 inter
370 4663 399 4700 se
416 4645 538 4700 diversas
556 4645 769 4701 confundentem
787 4663 890 4702 enasse
907 4648 1048 4703 coniciam.

1225 4735 1243 4789 b
