3514 5244
993 449 1035 512 56

385 638 668 724 interpolationes
691 639 869 706 crebriores
894 649 968 706 sunt
992 661 1088 724 quam
1111 642 1144 706 in
1167 642 1234 707 ullo
1258 641 1369 708 codice
1394 643 1533 709 saeculo
1557 643 1621 708 duo

401 744 525 810 decimo
547 746 783 832 vetustiore.“)
1518 760 1519 768 ’

489 872 600 917 omnes
630 851 728 935 igitur
755 853 788 917 hi
816 853 887 917 libri
921 861 1050 938 praeter
1078 854 1145 919 alia
1174 854 1208 920 id
1236 876 1401 921 commune
1429 855 1566 922 habent.
1596 863 1624 920 nt

400 965 456 1022 eut
480 959 621 1043 epistula
644 959 758 1025 ultimo
781 961 855 1026 libri
878 961 981 1042 quinti
1004 961 1156 1026 finiantur
1180 970 1237 1026 aut
1260 969 1334 1047 post
1358 983 1431 1026 eam
1455 969 1529 1027 toto
1552 963 1622 1027 libro

356 1111 361 1122 ·
403 1072 494 1131 sexto
519 1066 638 1132 omisso
663 1075 839 1150 sequantur
862 1068 936 1132 libri
958 1067 1152 1134 VII-XIII.
1196 1068 1318 1134 codicis
1341 1077 1450 1134 autem
1472 1071 1515 1152 A,
1541 1089 1624 1152 quem

400 1172 498 1257 paulo
514 1175 697 1240 accuratius
713 1195 809 1256 qnam
823 1175 990 1241 Parisinus
1005 1175 1181 1242 contulisse
1195 1176 1332 1260 videtur,
1352 1177 1531 1242 Fickertus
1552 1177 1624 1240 satis

398 1278 519 1345 multas
535 1280 712 1366 scripturas
727 1280 918 1366 protulit⁴⁵)
956 1283 1072 1365 quibus
1096 1282 1312 1350 consideratis
1336 1303 1538 1366 quamquam
1561 1303 1625 1347 eum

398 1392 434 1450 et
462 1385 652 1452 lacunosum
685 1407 759 1454 esse
787 1396 924 1473 apparet
951 1409 1055 1472 neque
1084 1391 1125 1455 ab
1159 1390 1463 1475 interpolationibus
1494 1389 1625 1456 liberum

397 1493 515 1570 (14,'⁴l
539 1514 598 1578 pro
616 1497 784 1579 pupillus
806 1495 906 1562 babet
923 1501 1047 1581 pusio3
1072 1501 1102 1582 8,
1123 1499 1143 1564 9
1167 1519 1244 1582 quoe
1266 1500 1355 1562 modo
1372 1501 1455 1581 soit
1477 1501 1513 1562 in
1537 1499 1626 1560 moui-

399 1603 454 1666 bas
477 1602 613 1666 mutavit
636 1603 668 1666 in
692 1624 769 1685 quac
791 1605 881 1667 modo
904 1612 957 1668 eat
981 1607 999 1668 i.
1024 1627 1080 1686 aa,
1110 1607 1139 1688 9,
1166 1607 1183 1670 7
1212 1609 1246 1668 in
1272 1608 1352 1688 ipsa
1375 1608 1578 1688 occupatione
1599 1603 1626 1665 in

398 1711 432 1771 in
454 1731 519 1773 aaa
542 1713 751 1793 occupati-one,
780 1708 867 1775 adde
888 1709 1039 1776 editionis
1058 1711 1288 1777 Fickertianae
1311 1733 1342 1795 p.
1356 1713 1433 1794 soa,
1459 1713 1533 1776 3921
1553 1717 1585 1775 et
1601 1709 1626 1776 b.

398 1815 484 1895 43b,
519 1816 614 1899 lib),
653 1823 760 1882 tamen
793 1817 944 1882 librarius
977 1818 1047 1883 eius
1079 1817 1179 1883 multo
1212 1817 1401 1901 diligentins
1433 1825 1467 1882 et
1500 1815 1627 1882 fidelius

396 1922 611 2007 archetypum
639 1943 731 1988 snum
759 1925 919 2009 expressit
946 1924 1110 2009 plerisque
1138 1925 1209 1990 eins
1233 1925 1349 1991 elassis
1377 1922 1559 2005 codicibus,
1592 1921 1627 1986 de

398 2049 463 2112 qua
487 2050 517 2113 p.
532 2033 575 2094 47
588 2050 655 2113 sqq.
671 2029 790 2095 dietum
806 2038 865 2096 est.
898 2031 954 2097 ille
977 2051 1053 2097 vero
1078 2030 1283 2115 archetypus,
1306 2031 1361 2114 qui
1376 2031 1406 2096 ei
1421 2051 1493 2096 cum
1510 2032 1534 2096 b
1550 2051 1627 2095 com-

398 2135 504 2201 munis
526 2135 655 2201 videtur
678 2136 788 2221 fuisse,
812 2136 961 2203 diversus
985 2145 1055 2202 erat
1079 2139 1120 2203 ab
1144 2139 1300 2220 omnibns,
1325 2137 1503 2220 dequibus
1524 2137 1627 2202 adbuc

399 2243 533 2326 egimus,
557 2242 731 2309 codicibus.
771 2245 900 2329 optimis
925 2245 1008 2310 enim
1033 2244 1226 2328 quibusdam
1251 2244 1417 2330 scripturis
1435 2244 1627 2324 excellebat

399 2369 533 2431 quarum
568 2349 657 2414 nulle
693 2352 726 2415 in
760 2351 825 2418 illis
864 2359 994 2418 servata
1031 2359 1089 2418 est.
1135 2352 1203 2434 16,
1233 2355 1253 2417 5
1286 2350 1388 2416 forma
1427 2349 1627 2416 deminutira

299 2489 301 2494 ·
395 2458 545 2521 notulas
570 2477 666 2539 quam
689 2459 717 2522 A
740 2457 840 2524 habet
863 2457 946 2523 adeo
970 2465 1117 2543 praestat
1141 2457 1180 2542 ei,
1209 2478 1293 2540 qnae
1321 2457 1354 2522 in
1377 2457 1513 2540 reliquis
1539 2458 1627 2523 libris

395 2571 450 2628 est
472 2571 595 2644 coloe,
620 2571 654 2628 nt
678 2565 937 2650 interpolationis
962 2565 1179 2650 suspicionem
1198 2585 1327 2631 movere
1342 2572 1492 2648 nequeat,
1518 2585 1627 2648 quarn·

394 2689 496 2752 qnam
518 2691 623 2752 neque
641 2670 812 2738 Fickertus
835 2692 940 2754 neque
958 2672 1102 2738 Haasins
1126 2691 1196 2736 eam
1221 2673 1364 2756 recipere
1389 2671 1462 2736 ausi
1487 2679 1625 2736 sunt-

400 2779 472 2859 7,6
506 2775 627 2841 dudum
659 2780 868 2862 comprobata
901 2786 950 2843 est
981 2777 1103 2844 codicis
1135 2779 1164 2842 A
1196 2777 1395 2861 aliorumque
1425 2777 1628 2860 quorundam

395 2883 493 2948 lectio
508 2906 640 2948 morem
654 2907 768 2966 auum,
794 2885 885 2950 onius
905 2886 1008 2951 locum
1029 2895 1176 2950 mortem
1195 2908 1297 2950 suom
1316 2885 1440 2950 obtinet
1452 2885 1627 2949 inima-

401 2993 451 3066 11,
477 2993 497 3056 2
521 3011 592 3055 cum
620 2991 735 3074 reliqui
765 2991 838 3057 libri
866 3012 977 3058 omnes
1005 2995 1092 3057 illos
1114 2996 1190 3056 ollio
1213 2996 1263 3056 sni
1285 2996 1373 3057 etiam
1398 2991 1628 3056 robustissimos

398 3098 540 3161 admouet
562 3097 713 3182 habeant,
737 3099 826 3165 solus
850 3100 886 3182 A,
915 3098 948 3163 id
973 3098 1059 3182 qnod
1084 3099 1209 3164 Seneca
1234 3099 1363 3184 scripsit
1385 3099 1437 3162 illo
1459 3101 1539 3164 ultio
1564 3119 1627 3181 eqs.

400 3204 549 3268 servavit.
577 3242 612 3250 -
641 3205 671 3269 ll
695 3209 724 3290 2,
748 3209 768 3272 2
792 3226 855 3290 quo
879 3207 950 3271 loco
974 3207 1027 3291 Pp
1051 3207 1192 3291 corrupti
1216 3215 1298 3289 sunt,
1322 3213 1409 3270 reete
1432 3205 1461 3268 A
1486 3226 1561 3270 eum
1587 3205 1627 3270 Sb

398 3331 611 3340 ..-—-‚.—„.—

491 3380 529 3449 ⁴⁴)
551 3399 606 3436 non
629 3384 744 3438 eundem
769 3385 869 3438 librum
890 3385 924 3439 ab
944 3384 1072 3439 Oberlino
1092 3388 1120 3438 et
1139 3384 1398 3454 Schweighaeusero
1417 3383 1554 3438 collatum
1575 3399 1627 3436 esse

396 3471 422 3524 is
440 3474 551 3526 tentum
571 3473 750 3536 existimabit.
775 3473 823 3542 qui
846 3493 930 3542 quom
954 3475 1134 3544 neglegenter
1155 3477 1223 3528 tunc
1247 3473 1351 3528 codices
1370 3472 1486 3528 conferri
1505 3474 1584 3527 soliti
1602 3478 1626 3526 et

395 3579 483 3628 qnam
502 3579 582 3631 saepe
602 3580 620 3617 a
637 3563 764 3618 Fickerto
779 3581 871 3618 eorum
890 3567 973 3618 notae
992 3564 1065 3618 inter
1084 3581 1111 3617 se
1126 3564 1254 3618 confusae
1268 3563 1325 3617 sint
1339 3563 1442 3616 oblitus
1455 3562 1518 3616 erit.
1545 3579 1627 3630 quare

396 3650 484 3704 etiam
507 3651 555 3705 ubi
578 3652 852 3722 Schweighaeuserus
875 3653 971 3707 erroris
993 3652 1137 3706 incusatur
1159 3653 1225 3706 huie
1247 3651 1328 3705 fidem
1351 3651 1452 3705 babere
1474 3652 1560 3705 malo.
1597 3655 1626 3703 nt

396 3757 484 3792 urium
504 3741 658 3809 exemplum
677 3741 798 3804 afferam,
818 3760 843 3810 p.
863 3743 921 3796 ssa
939 3742 1060 3796 Fickerti
1079 3741 1131 3810 (ep.
1147 3742 1211 3806 118,
1235 3742 1276 3806 ll)
1296 3741 1474 3795 enuntiatum
1494 3741 1570 3808 quod
1588 3743 1625 3793 est

397 3846 446 3882 nec
472 3849 518 3897 epo
546 3834 665 3898 Epicuri
686 3860 721 3868 —
744 3834 871 3886 inciderit
899 3832 928 3885 in
957 3832 1059 3900 Arg.b
1086 3831 1219 3900 seriptum
1247 3829 1330 3884 fuisse
1357 3829 1624 3898 Schweighaeuser.
1692 3821 1693 3872 ]

396 3919 525 3986 quamvis
553 3920 694 3975 Fickertus
722 3922 899 3989 obloquatur,
928 3921 1069 3975 credamus
1097 3937 1204 3974 necesse
1232 3923 1280 3974 est.
1318 3937 1383 3972 nam
1406 3936 1467 3972 eum
1493 3919 1523 3972 in
1555 3921 1624 3972 Pr.b.

396 4025 481 4076 quem
509 4010 543 4062 ab
571 4010 619 4063 illo
647 4029 709 4064 cum
738 4011 831 4080 Argb
854 4011 997 4064 confusum
1021 4027 1077 4063 esse
1105 4009 1248 4064 Fickertus
1271 4008 1420 4072 contendit,
1445 4008 1517 4062 desit
1543 4038 1574 4048 -
1599 4008 1624 4062 id

397 4099 472 4166 quod
491 4100 570 4153 testis
589 4101 713 4154 oculatus
736 4101 842 4154 affirmo
865 4128 904 4163 -,
923 4099 982 4153 veri
1001 4099 1092 4152 simile
1110 4103 1152 4152 est
1171 4099 1281 4152 eumin
1300 4098 1373 4152 hune
1395 4099 1487 4166 ipsum
1510 4115 1623 4152 errorem

398 4188 525 4243 incidisse
544 4190 620 4243 euius
639 4189 929 4259 Schweighaeuserum
947 4189 1128 4242 insimulavit.
1148 4191 1256 4242 constat
1269 4192 1364 4242 tamen
1377 4187 1452 4241 huno
1470 4204 1581 4256 quoqne
1597 4186 1621 4238 in

399 4277 542 4332 afferendis
562 4280 678 4333 aliorum
698 4279 821 4334 codicum
839 4279 1003 4333 lectionibus
1021 4296 1076 4331 non
1094 4295 1157 4332 rnro
1175 4278 1315 4332 erravisse.

491 4367 526 4435 ⁴⁶)
544 4372 610 4422 sunt
627 4369 713 4423 etiam
731 4369 805 4422 inter
824 4368 905 4421 huius
924 4367 987 4421 libri
1007 4367 1157 4435 scripturas
1172 4385 1189 4420 a
1203 4365 1330 4420 Fickerto
1344 4365 1467 4434 prolatas
1481 4365 1620 4434 quaedam,

399 4457 550 4524 dequibus
570 4457 678 4512 dubites
723 4477 749 4527 p.
770 4458 826 4511 lla
846 4464 900 4526 lep.
921 4457 991 4521 115,
1012 4457 1038 4522 3)
1063 4457 1210 4525 postquam
1230 4455 1278 4508 ille
1301 4455 1330 4508 in
1350 4455 1373 4507 A
1392 4453 1465 4508 neue
1484 4455 1514 4508 in
1533 4473 1559 4506 w
1572 4453 1621 4522 gB

399 4546 462 4599 aliis
485 4565 542 4600 curn
566 4549 681 4614 aliquo
706 4549 912 4601 ccrsclomato
935 4555 975 4599 eet
998 4545 1054 4615 legi
1079 4545 1241 4609 affirmavit,
1266 4543 1350 4613 paulo
1373 4542 1488 4598 inferius
1512 4543 1620 4598 eundem

398 4655 457 4690 cum
471 4638 584 4704 aliquo
599 4639 836 4690 conclamatum
850 4645 889 4688 est
905 4634 1005 4688 habere
1019 4635 1110 4689 refert.
1140 4633 1264 4688 confudit
1279 4633 1401 4701 antipae
1416 4637 1467 4686 aut
1480 4632 1621 4702 typothela

398 4727 495 4796 priore,
514 4726 544 4780 ni
562 4726 652 4787 fallor,
671 4725 730 4779 loeo
748 4729 828 4778 notas
847 4725 870 4777 A
889 4728 918 4777 et
937 4725 1001 4793 Arg.
1009 4725 1035 4778 b.
