3514 5244
679 421 890 520 „3³¹-

171 614 281 697 goneri
310 613 440 679 dicendi
469 615 573 679 soluto
598 623 630 681 et
653 615 854 700 paratactieo
878 617 933 682 ille
957 617 1125 684 verborum
1150 617 1227 683 orde
1257 618 1396 682 maxime

171 721 329 787 convenit.
377 721 484 805 eapite
508 721 762 806 decimoquarto
780 733 930 808 extremo,
954 725 1008 790 ubi
1028 726 1050 790 S
1076 726 1160 790 male
1179 724 1291 790 habet:
1315 749 1396 809 spes

170 833 251 893 sine
279 836 470 914 effectum,
496 829 580 913 quod
605 831 778 898 Rhenanus
802 840 835 898 et
859 833 1043 899 Schefferus
1075 833 1107 898 in
1139 837 1295 918 speciem
1318 837 1397 897 siue

171 941 311 1021 esserto
344 944 563 1021 mutaverunt,
595 939 729 1023 propius
753 941 780 1002 V
804 940 848 1005 ad
875 940 1044 1025 archetypi
1066 940 1208 1022 vestigia
1241 939 1396 1006 accedere

172 1052 259 1128 puto,
283 1043 315 1107 in
332 1065 395 1126 quo
409 1044 491 1109 lraeo
510 1045 673 1128 leguntur:
698 1070 779 1131 spes
802 1052 962 1131 sinesinr
986 1053 1133 1131 effectu.
1180 1046 1277 1112 facile
1294 1047 1395 1111 omitti

171 1157 299 1236 poterat
321 1152 512 1217 vocabulum
529 1158 605 1236 flue,
630 1153 684 1217 vix
709 1153 795 1218 addi.
835 1155 975 1220 fortasse
994 1155 1094 1238 igitur
1108 1153 1311 1220 scribendum
1331 1161 1394 1220 est:

169 1262 297 1342 sperius
320 1263 400 1323 stoc
422 1263 507 1343 fiae
530 1269 562 1325 et
585 1266 739 1344 effectu,
774 1261 860 1344 quod
889 1269 938 1328 est
966 1262 998 1326 in
1026 1261 1172 1346 plurimis
1201 1260 1396 1327 editionibus

170 1373 246 1432 ante
269 1366 455 1432 Fickertum
479 1368 615 1441 emissis.
646 1376 715 1434 aut:
749 1373 877 1454 proauo
904 1374 983 1434 siue
1009 1373 1104 1452 sibe,
1138 1373 1217 1434 sino
1244 1374 1395 1452 effectu.

170 1492 265 1556 porro
288 1473 322 1536 in
351 1473 458 1558 capite
488 1473 613 1540 decimo
637 1476 731 1540 tertio
755 1476 855 1541 multo
882 1475 998 1542 melius
1022 1483 1080 1558 est,
1117 1475 1203 1559 quod
1226 1477 1255 1540 V
1283 1476 1395 1541 babet:

170 1583 347 1668 prromodo
379 1603 450 1646 uos
482 1584 548 1646 buc
579 1587 760 1647 irruistis?
793 1604 888 1666 quam
922 1583 1009 1666 quod
1046 1583 1087 1648 S:
1120 1587 1301 1671 prronrodo
1332 1587 1398 1648 buc

169 1691 331 1752 trenistis
360 1692 447 1752 uos?
493 1695 532 1764 (v.
558 1709 641 1772 quae
672 1689 889 1756 Buechelerus
912 1691 944 1754 in
974 1689 1115 1755 editione
1147 1691 1269 1756 minere
1302 1691 1397 1756 tertia

170 1793 276 1868 dixin.
325 1803 498 1879 supersunt
522 1794 585 1861 duo
610 1796 681 1879 loci,
705 1797 820 1880 quibus
841 1797 998 1880 ambigas,
1022 1806 1127 1862 utrum
1151 1797 1183 1862 in
1207 1797 1231 1863 S
1255 1818 1297 1863 an
1321 1798 1396 1862 inV

169 1902 268 1967 verba
291 1903 410 1969 rectius
426 1902 586 1969 collocata
601 1904 681 1969 sint:
707 1907 754 1979 (7)
778 1910 932 1970 uerrriucot
955 1908 1026 1970 sibi
1048 1929 1276 1990 roruepurem
1292 1909 1396 1990 fuisse

170 2008 371 2075 Vasmirmm
395 2013 532 2076 Romuc
563 2013 633 2075 sibi
661 2035 788 2095 pure-m
813 2016 920 2095 ⁸fuisse
952 2013 975 2077 S
1009 2019 1042 2078 et
1073 2012 1144 2094 (14)
1177 2021 1283 2077 uetus
1316 2017 1397 2078 eius

170 2120 364 2182 conuictos
386 2117 416 2183 V
438 2126 544 2183 uetus
567 2123 757 2184 conuictos
780 2123 859 2184 eius
883 2119 915 2186 S.

752 2427 815 2504 IV.

422 2562 470 2644 tte
499 2563 661 2661 epistulis
689 2563 880 2643 moralibus
908 2565 1147 2644 recensendis.

258 2707 478 2792 Epistularum
506 2709 705 2784 moralium¹i
734 2729 754 2772 a
783 2709 907 2774 Seneca
937 2729 1014 2775 sene
1042 2709 1123 2774 mira
1147 2708 1286 2792 quadarn
1311 2710 1396 2776 vele-

169 2815 268 2880 oitato
292 2815 452 2881 seribente
479 2823 510 2880 et
534 2817 776 2882 amanuensium
802 2837 899 2900 opera
926 2823 1035 2882 utente
1060 2821 1101 2889 (v.
1118 2815 1310 2893 Quintiliani
1325 2818 1396 2883 inst.

168 2927 246 2986 orat.
271 2922 302 2985 X
330 2927 355 2998 1,
389 2920 465 3001 128)
500 2921 541 2986 ad
575 2923 732 2987 Lucilium
766 2923 935 2988 missarum
970 2921 1094 2988 Gellius
1126 2923 1209 2988 libro
1242 2924 1396 2990 vicesimo

168 3028 309 3093 seeundo
333 3049 411 3094 usus
435 3037 492 3112 est,
519 3030 612 3096 nobis
636 3030 750 3112 viginti
768 3037 891 3095 tautum
906 3029 980 3094 libri
996 3039 1169 3114 supersunt
1184 3052 1242 3116 per
1256 3031 1396 3097 medinm

168 3155 282 3199 aevum
312 3135 549 3202 studiosissime
578 3145 610 3202 et
638 3137 793 3220 descripti
823 3146 854 3201 et
886 3136 1033 3204 lectitati.
1090 3138 1396 3204 commendabantur

167 3241 252 3306 enim
275 3263 338 3307 non
362 3242 464 3308 solum
489 3242 718 3327 disputationis
743 3245 907 3326 elegantia
936 3252 967 3308 et
999 3245 1229 3310 sententiarum
1254 3247 1394 3311 maxima

167 3348 270 3434 eopia,
295 3349 353 3414 sed
377 3351 532 3435 praeponi
558 3351 597 3416 iis
622 3351 748 3416 solebat
771 3352 839 3414 vita
863 3352 905 3416 ab
930 3351 1126 3435 Hieronymo
1159 3353 1339 3438 composita
1364 3361 1396 3418 et

168 3455 313 3522 Senecae
328 3463 361 3520 et
379 3457 472 3522 Pauli
490 3457 649 3542 epistulae
664 3457 844 3538 ficticiae').
884 3479 982 3541 quare
1002 3458 1111 3542 plures
1134 3479 1243 3523 earum
1266 3459 1396 3526 codices

258 3633 278 3695 ¹)
299 3637 490 3702 Epistularum
509 3639 653 3688 moralium
671 3637 823 3704 inscriptio,
849 3655 933 3704 quam
953 3641 1063 3706 practer
1081 3637 1149 3690 alios
1169 3637 1273 3691 codices
1291 3639 1397 3692 Meten-

166 3724 201 3776 sis
221 3725 274 3778 300
291 3723 393 3777 sarrculi
413 3725 449 3777 xl
470 3725 561 3785 titubet,
581 3725 665 3779 Gellii
685 3727 851 3779 auctoritate
872 3727 931 3782 llill
944 3727 968 3788 ⁸2,
980 3727 1004 3786 3,
1021 3729 1056 3779 ct'.
1069 3727 1151 3794 prael.
1165 3725 1192 3789 9)
1212 3728 1394 3781 confirmatur.

165 3813 192 3866 in
218 3813 342 3867 Parisino
364 3815 458 3868 sessa
488 3815 530 3876 (Ρ)
558 3817 710 3868 litterarum
737 3819 883 3870 moralium
911 3833 1009 3869 nomon
1038 3819 1138 3884 gerunt
1170 3815 1298 3884 idemque
1326 3817 1395 3870 libro

164 3905 263 3970 quarto
286 3902 315 3956 in
340 3903 525 3957 Laurentiano
545 3904 656 3956 LXXVI
675 3907 709 3957 40
733 3905 834 3959 saeculi
859 3905 958 3958 lli-X
982 3905 1135 3958 subiectum
1159 3923 1215 3958 esee
1240 3925 1283 3959 rne
1311 3905 1394 3960 inter·

164 3995 309 4060 rogantem
333 3993 485 4046 Ludoricus
508 3993 648 4046 Zdelumer
671 3993 789 4048 officiose
812 3994 929 4048 edocuit.
963 4012 988 4047 r.
1017 3997 1161 4063 practerea
1187 3995 1306 4049 similem
1333 3997 1394 4049 sub·

166 4081 341 4150 scriptionem
361 4082 396 4135 sb
418 4083 492 4135 dem.
513 4082 659 4136 Chatelain
679 4083 778 4144 (lienus
795 4086 826 4136 de
838 4085 984 4152 pbilotcpie
1005 4083 1071 4136 1877
1092 4101 1118 4152 p.
1141 4083 1201 4150 1⁶26)
1219 4102 1252 4136 ex
1272 4085 1394 4138 Parisino

163 4170 235 4224 8540
258 4173 296 4239 (p)
324 4170 469 4240 prolatam.
516 4175 612 4225 contra
640 4172 709 4226 libro
737 4172 854 4226 secundo
882 4173 1083 4226 Laurentianus
1111 4175 1139 4226 et
1163 4191 1181 4240 p
1208 4174 1393 4227 subscribunt:

163 4261 194 4312 L.
215 4262 323 4313 Arruuei
347 4261 459 4314 Saturae
484 4263 628 4314 morutium
654 4263 778 4324 (Senecae
801 4263 984 4316 mentorutium
1009 4261 1040 4330 pl
1064 4263 1101 4314 ud
1123 4263 1258 4316 ereilium
1283 4266 1394 4330 explicit

161 4350 229 4402 liber·
247 4352 379 4402 secundus
398 4348 454 4409 (lit.
475 4350 511 4402 ll
525 4351 636 4417 explicit
656 4351 693 4418 p).

254 4435 274 4504 Ι)
298 4439 381 4492 tertio
405 4439 463 4492 loco
488 4439 635 4506 antiquum
661 4457 749 4507 neque
774 4439 951 4493 invenustum
975 4439 1149 4508 epitaphium
1173 4441 1290 4494 Senecae
1312 4458 1393 4508 saepe
1482 4447 1484 4450 '

161 4527 280 4582 edicitur
299 4529 388 4590 (anth.
409 4527 468 4582 Lat.
489 4528 575 4581 ltiesii
595 4529 666 4594 667).
686 4529 759 4596 quod
778 4529 840 4596 quis
860 4529 1042 4596 composuerit
1060 4547 1231 4597 quamquam
1250 4529 1392 4592 nescimus,

162 4621 255 4672 tamen
278 4617 301 4670 si
325 4616 354 4670 in
377 4635 406 4670 re
430 4617 536 4671 incerta
560 4616 744 4672 coniecturam
770 4619 860 4670 facere
883 4617 957 4676 licet.
986 4617 1074 4671 eidem
1099 4618 1215 4687 tempori
1240 4618 1392 4681 tribuerim,

164 4724 218 4774 qno
237 4706 402 4760 Buechelero
420 4709 572 4774 praeeunte
591 4707 672 4767 (Mus.
693 4707 816 4760 Rhenus.
837 4706 938 4760 XXVll
959 4706 1022 4770 474)
1047 4707 1192 4761 Octaviam
1215 4707 1392 4776 compositam
