3546 5236
951 386 1013 450 112

366 580 568 644 coniunctum
602 587 660 645 est.
711 579 850 662 denique
888 579 929 645 ib.
959 583 976 643 i
1014 599 1119 662 neque
1151 579 1252 644 verba
1288 581 1343 644 boc
1378 599 1475 642 uuum
1511 581 1594 644 decet

366 705 470 768 neque
493 687 640 770 proxima
665 686 785 752 babent
808 707 870 770 quo
895 685 1134 766 referantur22).

455 812 519 875 iam
548 831 611 894 quo
639 819 783 897 tempore
811 811 940 876 libellus
970 811 1171 895 conscriptus
1200 811 1242 875 sit
1270 809 1359 875 dictu
1381 811 1435 875 vix
1459 816 1510 875 est
1532 808 1592 874 dis·
1720 903 1721 906 Ἴ

364 917 458 983 fioile.
505 938 576 983 cum
605 920 689 983 enim
718 917 821 984 codex
846 918 1079 1001 Salmasianus,
1108 917 1162 1000 qui
1187 915 1318 983 saeculo
1343 917 1480 1002 septimo
1505 915 1593 981 attri-
1720 949 1721 954 κ

364 1025 484 1109 buitur,
511 1025 600 1090 baud
628 1025 675 1090 ita
705 1025 819 1110 paucis
848 1026 929 1092 locis
958 1033 1126 1110 corruptus
1155 1026 1198 1090 sit
1226 1031 1259 1090 et
1281 1026 1310 1091 is
1335 1025 1389 1108 qui
1412 1024 1526 1089 librum
1552 1023 1593 1088 de
1720 1117 1721 1122 γ

364 1132 505 1198 moribus
538 1133 734 1218 compilavit,
768 1153 862 1216 quem
895 1133 959 1196 iam
992 1152 1076 1197 anno
1110 1135 1174 1199 667
1209 1131 1356 1197 extitisse
1386 1138 1514 1197 constat
1552 1133 1593 1211 (r.
1720 1167 1721 1174 .

363 1238 495 1323 Lipsius
518 1240 620 1324 praef.
645 1239 720 1305 edit.
743 1261 774 1325 p.
797 1239 947 1323 XXXVI,
971 1239 1115 1305 Haasius
1139 1240 1201 1304 vol.
1224 1239 1273 1304 Ill
1295 1239 1397 1326 praef.
1420 1260 1450 1323 p.
1473 1237 1536 1301 XX
1561 1245 1595 1302 et

363 1347 462 1409 cheoe
490 1348 649 1411 lectionum
679 1349 960 1412 Vrutialcciertsium
990 1351 1065 1412 unat
1093 1347 1232 1432 1859s60
1258 1369 1290 1432 p.
1315 1350 1344 1430 ὃ,
1372 1347 1498 1410 Publilii
1521 1344 1595 1428 Syri

363 1456 529 1518 sententiae
552 1476 611 1518 rec.
634 1455 787 1538 Woelfflin
804 1454 910 1538 praef.
925 1475 955 1538 p.
971 1459 1066 1536 40sq.
1091 1462 1123 1518 et
1136 1475 1167 1538 p.
1185 1455 1270 1538 139),
1293 1453 1470 1538 pleniorem
1495 1451 1594 1517 etiam
1720 1503 1721 1544 3

362 1567 428 1623 tum
460 1560 575 1624 librum
608 1560 731 1644 legisse
762 1560 925 1644 videatur,
963 1561 1038 1644 quin
1072 1561 1203 1626 saeculo
1236 1566 1328 1626 sexto
1367 1566 1504 1625 exeunte
1540 1557 1594 1623 vel
1720 1575 1721 1634 t

363 1667 499 1751 septimo
523 1668 654 1734 ineunte
678 1669 876 1753 compositus
902 1669 1031 1734 sitnon
1055 1667 1176 1734 dubito.
1214 1668 1374 1750 integrum
1386 1687 1463 1732 vero
1478 1667 1595 1730 librum

361 1773 394 1838 in
427 1772 631 1857 dialogorum
666 1774 779 1840 ordine
811 1774 995 1859 ponendum
1028 1795 1102 1841 esse
1139 1775 1218 1840 alibi
1251 1774 1319 1839 dixi
1350 1794 1456 1859 neque
1488 1794 1539 1838 me
1574 1793 1594 1836 a

362 1881 526 1946 sententia
549 1903 623 1946 mea
647 1882 808 1948 deterrere
832 1883 945 1967 potuit,
970 1881 1057 1965 quod
1080 1883 1112 1946 in
1126 1882 1303 1965 Reginensi
1327 1887 1360 1946 et
1383 1881 1413 1946 ei
1428 1880 1595 1946 simillimo

359 1986 514 2054 Leidensi
547 1989 590 2074 (v.
618 2012 648 2074 p.
677 1990 720 2055 95
753 1989 827 2054 adn.
855 1989 908 2071 17)
947 1989 1135 2055 sollemnem
1174 1989 1386 2074 epistularum
1422 1986 1595 2052 formulam

360 2098 426 2160 cole
457 2095 489 2159 in
517 2095 581 2161 fine
610 2095 756 2160 additam
784 2096 901 2161 inveni.
948 2117 1021 2161 nam
1053 2097 1172 2179 exigua
1201 2103 1252 2161 est
1280 2115 1389 2162 eornm
1413 2094 1594 2160 auctoritas

361 2222 433 2267 cum
462 2203 667 2268 Salmasiano
702 2211 892 2289 comparata
921 2210 953 2268 et
981 2223 1053 2268 cum
1081 2205 1114 2268 in
1143 2212 1280 2286 utroque
1308 2203 1520 2288 epistularum
1549 2200 1593 2265 ad

359 2309 519 2374 Lucilium
541 2311 712 2376 missarum
735 2330 814 2395 pars
837 2311 925 2395 prior
943 2309 1129 2396 praecedat,
1153 2311 1251 2376 facile
1266 2316 1404 2396 apparet
1419 2309 1462 2373 ad
1476 2309 1594 2374 barum

360 2415 603 2482 similitudinem
630 2418 763 2483 verbum
791 2417 872 2482 illud
901 2439 921 2482 a
949 2418 1149 2483 rubricatore
1177 2418 1287 2501 aliquo
1316 2416 1478 2481 adiectum
1507 2435 1592 2484 esse.

447 2540 588 2607 medium
613 2541 774 2626 quendam
797 2543 902 2609 locum
926 2543 1009 2608 inter
1025 2543 1089 2607 duo
1104 2550 1327 2627 excerptorum
1341 2547 1592 2606 Annaeancrum

360 2669 481 2731 genera
510 2670 549 2715 ea
578 2656 689 2716 tenere
717 2648 847 2729 dixeris,
881 2670 965 2734 quae
998 2670 1038 2716 ex
1065 2650 1157 2715 libris
1186 2648 1233 2713 de
1257 2648 1464 2714 clementia
1486 2646 1593 2732 petita

359 2755 615 2823 Hildebertus
654 2755 958 2823 Cenomanensis
1005 2755 1049 2820 ad
1086 2756 1259 2842 epistulam
1295 2755 1369 2821 libri
1396 2756 1460 2820 13
1499 2760 1540 2839 (p.
1571 2756 1592 2820 6

359 2862 594 2946 Beaugendrii)
620 2863 768 2929 adhibuit
792 2865 972 2948 quibusque
994 2863 1098 2949 partis
1122 2863 1249 2928 illomm
1272 2862 1424 2928 librorum
1441 2859 1591 2946 deperdi-

360 2979 414 3035 tae
447 2971 629 3054 fragmenta
661 2971 816 3036 nonnulla
848 2977 978 3037 servata
1007 2979 1089 3037 sunt.
1141 2969 1184 3034 ad
1213 2989 1296 3054 qnae
1322 2975 1399 3054 post
1425 2989 1474 3052 ea,
1506 2987 1595 3050 quae

360 3079 617 3162 Disquisiltoucm
654 3079 898 3144 Annaeocorum
944 3079 1052 3162 capite
1097 3077 1201 3142 altero
1247 3076 1383 3162 exposui
1429 3081 1461 3141 et
1505 3095 1592 3158 quae

358 3184 516 3251 Aemilius
545 3185 688 3252 Thomas
716 3186 750 3250 in
782 3187 899 3250 Annali
920 3188 1074 3270 philologo
1102 3184 1178 3249 anni
1209 3187 1294 3251 1884
1322 3204 1353 3269 p.
1378 3185 1495 3266 bbisq.
1524 3180 1591 3246 dis-

358 3293 494 3378 putavit,
522 3313 607 3358 nunc
635 3313 742 3378 pauca
764 3292 926 3377 quaedam
949 3292 1064 3376 habeo,
1093 3312 1177 3375 quae
1201 3313 1242 3357 ex
1264 3291 1356 3356 libris
1380 3289 1509 3375 scriptis
1533 3288 1591 3352 ad-

359 3399 443 3465 dam.
494 3407 592 3483 atque
627 3400 764 3485 primum
798 3399 928 3484 quidem
964 3399 1081 3465 mirere
1117 3398 1205 3482 quod
1241 3399 1274 3463 in
1310 3397 1372 3463 boc
1408 3395 1591 3461 Hildeberti

358 3507 541 3572 enuntiato:
580 3509 617 3571 dc
649 3509 806 3572 clerncatio
837 3529 953 3591 quoqne
985 3509 1197 3591 compendioso
1229 3505 1423 3590 princepibuc
1457 3505 1596 3588 capitula¹

359 3615 475 3680 Seneca
498 3616 647 3697 crripilcoit
671 3613 818 3698 (Senecae
837 3616 967 3698 utpilout
989 3611 1116 3700 Paria),
1140 3616 1173 3678 ia
1196 3615 1303 3698 quibus
1324 3615 1391 3677 ideo
1414 3613 1589 3676 breuitatem

359 3725 467 3787 dilectit
502 3744 566 3786 occ
603 3723 764 3788 obscurum
799 3730 834 3786 ut
869 3724 989 3804 mapula
1024 3729 1184 3806 occupatos
1222 3721 1318 3803 legere
1352 3741 1416 3784 coru
1447 3719 1589 3797 taederet,

356 3848 473 3894 nomen
502 3829 664 3895 Senecae
690 3829 754 3894 nisi
781 3829 815 3893 in
842 3849 907 3894 uno
936 3827 1082 3893 codicum
1111 3847 1192 3911 qnos
1219 3826 1348 3912 inspexi
1374 3845 1439 3891 non
1461 3824 1588 3906 legitur,

356 3936 541 4002 Parisino
566 3935 655 4018 (bibl.
678 3942 753 4021 nat,
777 3941 853 4002 ante
873 3935 1073 4016 victoriano)
1102 3937 1225 4001 14867
1251 3933 1374 4000 saeculi
1397 3929 1587 4014 duodecimi,

357 4064 429 4108 cum
476 4043 594 4127 reliqui
640 4043 704 4108 duo
741 4043 956 4109 Vaticanus
994 4043 1169 4125 Reginae
1207 4043 1280 4108 236
1327 4046 1360 4106 et
1399 4041 1590 4104 Romanus

355 4150 554 4216 basilicae
578 4150 609 4216 S.
624 4150 736 4216 Petri
756 4150 785 4216 G
804 4157 845 4216 ll
872 4170 935 4216 uno
961 4149 1091 4217 saeculo
1115 4149 1311 4216 recentiores
1325 4149 1466 4231 cipiboit
1480 4143 1586 4231 (Regi-

357 4257 471 4325 nensis
499 4258 533 4323 in
560 4279 662 4342 marg.
687 4257 762 4323 add.
784 4259 924 4342 uulgauit
951 4263 984 4323 et
1013 4263 1089 4322 ante
1120 4256 1257 4342 primam
1284 4277 1306 4320 u
1334 4275 1432 4340 supra
1463 4272 1589 4318 versum

355 4405 567 4412 .-.-.—.--.——-

451 4489 489 4559 ¹¹)
513 4491 629 4546 forsitan
657 4491 727 4545 baec
753 4491 849 4544 verba:
882 4497 976 4543 utrum
1007 4491 1085 4544 illam
1111 4491 1205 4557 lupeno
1236 4505 1274 4542 aa
1302 4503 1367 4552 aaa,
1396 4485 1482 4539 simili
1508 4483 1590 4538 modo

355 4586 485 4652 corrupta
512 4581 570 4635 sint
598 4584 683 4648 atque
711 4597 744 4635 aa
767 4595 838 4647 quae
868 4580 909 4645 10,
930 4581 946 4633 3
969 4579 1110 4648 leguntur.
1147 4580 1221 4633 certe
1249 4576 1345 4632 dubito
1368 4575 1401 4630 de
1423 4574 1505 4630 modo
1526 4589 1586 4628 con·

354 4671 488 4727 iunctiro.
527 4688 552 4724 v.
571 4674 717 4740 praeterea
738 4669 778 4734 16,
801 4671 813 4723 1
834 4672 863 4724 et
881 4668 918 4723 ad
935 4669 1031 4738 Polyb.
1052 4669 1077 4736 9,
1100 4669 1121 4722 1.
