3522 5248
856 370 1068 466 *28-

438 565 509 630 104.
532 567 584 628 τάν
607 562 797 651 ἀμφινεικη
821 561 1006 650 Δηίάνειρανι
1029 567 1083 651 την
1107 568 1315 652 περιμάχητον.
1339 563 1412 648 Vgl.
1431 564 1578 650 Hesych:

346 671 531 759 ἀμφινεικής·
555 676 764 758 περιμάχητος.
789 669 934 743 ἐναντίους
957 670 1036 757 έχων
1058 673 1174 752 λόγους.
1212 669 1372 758 Σοφοκλῆς
1396 670 1574 758 Τραχινίαις.

438 789 508 854 140.
532 785 600 873 Ζῆν’
623 785 790 870 ἄβουλονι
819 789 976 870 δόσβουλον
998 790 1051 852 καὶ
1072 789 1272 870 κακόβουλσν,
1296 791 1339 874 μὴ
1370 790 1578 874 βουλευόμενον

344 907 406 967 τοῖς
429 892 510 967 ἰδίοις
534 897 615 957 παισὶ
636 898 669 959 τό
693 899 849 980 συμφέρον.

440 1013 508 1078 188.
533 1009 585 1076 Ἐν
617 1013 783 1094 βουθερεῖ
815 1013 942 1096 λειμώνιε
976 1016 1053 1096 μέγα
1086 1013 1177 1096 θέρος
1204 1009 1317 1097 ἔχοντι,
1345 1009 1362 1076 6
1390 1009 1448 1076 ἐστι
1475 1014 1576 1098 λήϊον·

345 1123 377 1182 τό
400 1121 457 1203 γὰρ
480 1120 533 1201 βου
556 1117 719 1183 ἀπιτατικόν
741 1115 823 1182 ἐστιν.
849 1116 924 1202 ἢτῷ
939 1119 1055 1205 σφόδρα
1077 1119 1251 1204 βαλλομένιρ
1275 1122 1328 1182 καὶ
1345 1121 1577 1205 καταθερομένιρ

345 1223 434 1312 ἤγουν
457 1228 676 1312 θερμαινομένῳ
699 1220 755 1288 ἀπὸ
778 1233 829 1289 τοῖι
853 1221 945 1310 ἡλίων.
974 1223 1084 1297 ἄλλως.
1115 1227 1249 1309 βουθερεῖ
1272 1223 1292 1310 ἢ
1316 1223 1411 1310 ὄνομα
1436 1234 1489 1289 τοῖν
1515 1227 1576 1289 λει-

346 1343 452 1417 μώνος,
477 1329 496 1418 ἢ
520 1335 683 1416 πολυθερεῖ,
706 1335 738 1396 τὸ
762 1335 818 1416 γὰρ
842 1333 895 1414 βου
918 1329 1080 1396 έιτιτατικόν
1103 1329 1186 1410 ἐστιν,
1211 1330 1227 1396 ὅ
1246 1330 1304 1396 ἐστι
1326 1333 1471 1406 πολλάκις
1494 1333 1576 1416 θεμ-

346 1444 467 1526 ζομένιρ,
487 1437 524 1503 ἵν’
549 1437 616 1523 είπη
640 1441 807 1527 πολυφόρῳ.
834 1434 924 1523 ἢάπδ
945 1441 1022 1521 βοών
1037 1441 1213 1525 θεριζομένιρ
1235 1449 1298 1511 τοῖς
1320 1437 1429 1514 ὁδοῖσι,
1452 1443 1577 1504 τουτέστι

346 1549 417 1629 βοῦς
438 1551 576 1632 τρέφοντι.
601 1583 645 1592 -
668 1544 813 1630 Hesyeh:
842 1531 990 1630 βουθερεῖ·
1019 1543 1050 1610 έν
1072 1545 1096 1630 ᾧ
1120 1547 1187 1629 βόες
1210 1548 1316 1631 θέρους
1338 1543 1403 1630 ώρορ
1429 1551 1575 1631 νέμονται·

346 1657 399 1718 καί
414 1656 559 1738 ,βουθόρῳ
581 1657 615 1718 τό
639 1649 720 1718 αὐτό.

435 1771 510 1836 200.
526 1768 564 1833 Ὦ
588 1768 643 1833 Ζεῦ
666 1772 715 1832 τὸν
737 1766 829 1854 Οἴτης
852 1767 1005 1854 ἄτομονι
1028 1771 1079 1834 τὸν
1103 1767 1282 1854 ἀπόρθητον.
1307 1770 1505 1853 συμβαλόντες
1518 1771 1576 1852 γάρ

346 1873 374 1940 οί
396 1877 542 1962 δυσμενεῖς
566 1877 669 1961 δηοῖισι
695 1879 732 1938 τὰ
754 1879 859 1961 χωρία.
899 1875 1041 1961 Ἀμεινον
1069 1877 1101 1938 δὲ
1128 1878 1176 1940 τὸν
1199 1874 1395 1963 ἀφιερωμένον
1417 1877 1500 1948 θεοῖς
1523 1877 1576 1939 καί

346 1981 530 2068 ἀγεώργητον
553 1985 585 2048 ὃν
607 1979 675 2047 οάδέ
698 1986 771 2066 βοτὰ
794 1984 1020 2064 καταβόσκεται.

434 2101 509 2166 212.
533 2101 620 2182 βοᾶτε
634 2101 685 2162 τάν
698 2095 913 2184 ὁμόσπορονι
933 2146 940 2161 .
962 2146 969 2161 .
991 2146 998 2161 .
1019 2103 1072 2184 τἠν
1088 2097 1151 2184 ἀμα
1170 2111 1211 2183 τῷ
1226 2097 1393 2164 Ἀπόλλωνι
1406 2107 1573 2182 σπαρεῖσαν.

435 2217 510 2281 284.
535 2213 683 2300 ἀζηλοντ
711 2215 932 2302 κακοδαίμονα,
956 2215 989 2278 δν
1012 2211 1067 2279 οάκ
1094 2213 1130 2280 ἄν
1152 2237 1195 2287 τις
1218 2216 1381 2300 ζηλώσειεν.
1419 2211 1574 2298 Ὅμηρος·

346 2320 490 2410 ἀμέγαρτε
512 2326 638 2404 συβῶτα.
676 2321 748 2405 Vgl.
772 2320 838 2387 sch.
864 2323 925 2387 747
951 2321 1074 2407 ἄζηλονι
1108 2323 1229 2410 φαώλων,
1253 2323 1269 2387 ὃ
1293 2319 1388 2397 οὐδεὶς
1411 2323 1572 2407 ζηλώσειεν.

437 2441 511 2505 504.
536 2437 707 2526 ἀμφίγυοι
743 2442 799 2523 πρὸ
822 2441 926 2522 γάμων
947 2441 1089 2522 κατέβανι
1115 2437 1264 2502 ἀντίπαλοι
1287 2436 1307 2525 ἢ
1329 2435 1446 2524 ἰσχυροὶ
1469 2435 1575 2510 έντσῖς

346 2550 444 2624 γυίοις,
472 2550 672 2632 μαχεσάμενοι
698 2549 782 2631 χερσί
808 2549 861 2609 καῖ
889 2551 979 2610 ποσίν.
1025 2543 1045 2631 ἢ
1069 2544 1229 2632 ἀμφότεροι
1254 2547 1467 2631 τεθεωρημένα
1494 2539 1575 2629 (εἰογ

345 2655 591 2738 τεθωρακισμένοι
614 2649 663 2718 σθ.
687 2649 790 2738 Rom.)
813 2649 834 2738 ἢ
856 2651 948 2739 ἄμφω
970 2651 1199 2739 παρωξυμμένοι.

435 2771 509 2836 609.
533 2766 629 2856 ἡμέρα
651 2765 895 2856 ταυροσφόιγιρ]
920 2767 994 2832 καθ’
1015 2769 1176 2855 ἣνμέλλυι
1198 2772 1320 2854 ταίιρους
1343 2771 1432 2834 θώειν.

435 2887 510 2952 614.
535 2883 604 2972 σῆμ’
626 2886 642 2950 δ
665 2895 760 2957 κεῖνος
784 2882 956 2970 εάμαθέςι
981 2881 1141 2965 εὔγνωστον
1163 2897 1292 2972 σημεῖον.

435 3002 511 3067 632.
535 2999 559 3064 ώ
582 3003 755 3087 ναίιλοχαι
781 3002 1008 3086 παραθαλάττια
1039 3003 1156 3086 λουτρόι.
1203 3000 1276 3084 VgL
1308 2999 1374 3066 soh.
1409 3000 1458 3068 Αἰ.
1492 3001 1571 3068 46οτ

345 3110 508 3194 ναυλόχους
535 3109 625 3172 λιπὼν
652 3105 751 3196 ἕδρας]
779 3113 829 3174 τόν
855 3111 1056 3194 ναίισταθμον.
1103 3111 1245 3195 ναῖιλοχοι
1276 3111 1388 3196 λιμένες
1419 3107 1495 3174 ἔνθα
1517 3109 1573 3194 δη·

345 3218 440 3280 λονότι
462 3213 493 3278 αἱ
511 3227 577 3300 νηες
598 3214 727 3282 ἵστανται
749 3218 827 3279 κατὰ
849 3217 943 3302 λόχον
965 3221 1090 3280 τουτέστι
1112 3219 1190 3279 κατὰ
1208 3215 1295 3288 τόιξιν.
1333 3219 1386 3280 καὶ
1400 3214 1459 3280 ἀπὸ
1471 3217 1574 3280 τοίιτου

346 3324 487 3408 νοώλσχοι
510 3321 592 3408 ἕδραι
613 3321 703 3409 ἤγουν
725 3327 865 3387 ναυτικαί.
911 3322 1071 3405 Dagegen
1094 3321 1205 3392 fassen
1233 3321 1286 3389 die
1309 3323 1574 3388 Homererklfirer

215 3437 218 3444 '
346 3432 492 3515 ναόλοχον
513 3452 535 3494 κ
560 3433 621 3495 141
654 3429 767 3495 verbal
799 3427 868 3493 auf:
903 3426 995 3494 εὔδιοι
1027 3427 1169 3516 (εάδιηνόν
1201 3427 1302 3516 Ηει.),
1335 3429 1365 3496 έν
1393 3429 1417 3516 ᾧ
1445 3427 1476 3496 αἱ
1501 3439 1572 3504 ναῖις

346 3539 467 3623 λοχῶσι
491 3539 551 3622 Αρ.
575 3534 673 3621 Soph.
719 3535 859 3618 Hesych.

435 3655 509 3720 693.
533 3652 694 3739 ἀλαμπὲς
722 3649 817 3738 ἡλίου]
848 3655 891 3738 μὴ
918 3655 1133 3734 καταυγασθέν.
1182 3653 1379 3718 Schwerlioh
1403 3653 1464 3718 auf
1482 3652 1573 3720 diese

346 3759 440 3826 stelle
463 3758 632 3842 bezflglieh
656 3758 710 3824 die
734 3759 776 3842 gl.
801 3757 859 3824 des
883 3759 1029 3844 Hesych:
1055 3759 1205 3848 ἀλαμπὲς·
1229 3766 1261 3826 τό
1285 3765 1328 3848 μὴ
1352 3764 1478 3848 λάμπον.

436 3879 509 3944 703.
532 3871 713 3962 προπετές]
739 3873 907 3962 ἐρριμμένον
928 3879 982 3940 καὶ
1005 3881 1149 3961 προπεσδν
1171 3883 1278 3964 χαμαί.

436 3994 508 4059 770.
532 3994 694 4076 πλευραῖσιν
717 3990 949 4075 ἀρτίκολλοςι
985 3991 1026 4066 ὡς
1050 3989 1106 4056 ἀπὸ
1129 3997 1262 4065 τέκτονος
1285 3995 1387 4068 καλῶς
1412 3995 1573 4074 συγκεκολ-

345 4101 482 4186 λημένος.
530 4098 601 4181 Vgl.
626 4096 693 4165 neh.
716 4097 832 4164 Aesch.
857 4098 935 4167 Oho.
960 4101 1027 4166 580
1050 4097 1221 4187 ἀρτίκολλα]
1247 4099 1389 4188 σόμφωνα
1411 4103 1464 4164 καὶ
1485 4096 1573 4181 ιἰγιώς

345 4210 583 4291 συναρμοζόμενα
616 4217 681 4278 ταῖς
717 4210 816 4269 νεωστί
852 4208 1015 4291 σινθίγκαις
1057 4204 1142 4293 ἡμῶν
1183 4205 1357 4292 (Ηεεχοῖικ
1396 4206 1571 4292 ἀρτίκολλα·

345 4311 539 4400 ἡρμοσμένα).

435 4423 510 4487 796.
534 4419 569 4484 ἐκ
596 4421 796 4505 προσέδρου
828 4416 953 4507 λιγώος]
987 4421 1034 4485 διὰ
1066 4433 1120 4508 της
1152 4427 1318 4508 κεχυμένης
1348 4431 1400 4486 τοῖν
1433 4426 1572 4508 σώματος

344 4529 457 4608 λιγνίιος
473 4575 480 4590 .
497 4575 504 4591 .
523 4577 530 4592 .
547 4525 635 4614 ἢτῆς
659 4533 875 4612 παρακειμένης
900 4525 1125 4614 ἀναθυμιάσεως
1149 4533 1202 4593 καί
1224 4539 1348 4605 καπνοῦ,
1371 4527 1460 4615 ἢτῆς
1475 4550 1573 4615 παρα-

344 4639 478 4722 κειμένης
502 4638 555 4699 κοιὶ
577 4640 805 4721 περικεχυμένης
828 4631 916 4698 αὐτόν
938 4635 1109 4720 φλογώδους
1131 4642 1225 4702 νόσου.
