3634 5240
252 661 270 741 §
296 661 345 723 15.
390 660 435 724 In
456 661 591 725 metris
614 663 814 728 vitandum
843 684 926 730 esse
954 668 992 730 et
1018 666 1218 748 longarum
1246 667 1284 730 et
1305 665 1474 729 brevium

253 762 493 846 syllabarum
537 763 848 832 continuatarum
886 768 1092 842 cumulum3
1138 768 1233 850 quod
1279 768 1352 832 nisi
1390 768 1475 848 fiat,

295 884 426 930 versus
449 864 536 931 fieri
556 865 669 931 duros
692 869 753 932 vel
775 869 893 935 etiam
914 871 1065 935 solutae
1088 871 1255 935 orationi
1277 871 1431 936 similes.

336 1038 453 1103 Breues
484 1039 622 1121 syllabas
649 1038 820 1104 identidem
850 1040 983 1105 diximus
1013 1061 1080 1106 esse
1108 1043 1293 1118 concitatas,
1328 1041 1474 1117 abiectas,

251 1141 394 1218 humiles,
417 1142 527 1223 longas
551 1142 749 1224 tranquillas,
775 1143 885 1219 elatas,
908 1144 1068 1208 sublimes.

335 1261 455 1326 Tamen
465 1261 596 1325 minime
608 1261 636 1325 ei
650 1281 758 1327 versus
770 1263 956 1346 proceritate
967 1267 1092 1346 praeter
1107 1267 1225 1328 ceteros
1238 1265 1403 1340 excellunt,
1421 1266 1474 1346 qui

251 1364 400 1446 plurimas
416 1365 576 1429 continent
584 1365 703 1447 longas.
747 1365 831 1430 Nam
854 1368 922 1443 „est
943 1366 1055 1431 modus
1077 1368 1110 1430 in
1131 1369 1244 1432 rebus“
1266 1370 1299 1432 et
1320 1367 1352 1430 in
1368 1367 1474 1430 metris

250 1467 395 1531 vitandae
437 1469 512 1531 sunt
550 1467 669 1532 multae
710 1467 823 1550 longae
867 1470 953 1534 brevi
987 1470 1075 1534 nulla
1107 1470 1271 1535 interiecta
1317 1488 1386 1533 sese
1424 1488 1475 1532 er-

250 1569 410 1652 cipientes.
455 1570 548 1634 Matri
576 1571 661 1634 enim
690 1573 805 1636 natura
833 1591 969 1637 cumea
997 1574 1047 1648 sit,
1083 1575 1119 1637 ut
1147 1575 1307 1638 varientur
1334 1572 1474 1656 syllabae

251 1673 292 1752 (v.
324 1671 450 1736 Aristid.
483 1671 612 1752 Quintil.
644 1694 674 1756 p.
697 1675 739 1736 49
761 1673 795 1737 Μ
821 1701 864 1729 =
896 1677 945 1752 32,
969 1677 987 1737 5
1010 1675 1046 1740 J:
1079 1672 1197 1761 με’τρον
1225 1673 1286 1758 μὲν
1318 1663 1370 1740 οὖν
1402 1671 1474 1740 ἐστι

251 1770 401 1862 σύστημα
429 1774 544 1840 ποδῶν
567 1771 603 1854 ἕξ
629 1767 773 1858 ἆνομοί
779 1799 828 1839 ων
850 1776 1021 1860 συλλαβῶν
1049 1775 1266 1862 συγκειμένων
1294 1775 1353 1843 ἐπὶ
1375 1781 1476 1864 μῆκος

251 1875 453 1964 σύμμετρον),
469 1879 651 1962 compositio
662 1878 796 1942 habetur
811 1899 846 1943 ex
859 1880 932 1944 solis
947 1881 1049 1962 longis
1062 1881 1190 1964 syllabis
1203 1901 1282 1964 quae
1297 1883 1342 1958 fit,
1355 1872 1476 1968 δρριθ-

250 2003 323 2064 μοςε
340 2005 359 2043 κ
383 1981 523 2046 Demetr.
536 1981 573 2046 de
592 1981 667 2046 eloc.
684 1981 792 2064 §1172
817 1977 973 2061 σύνθεσις
988 2031 1017 2048 ..
1035 2033 1042 2047 .
1063 1974 1169 2070 ψυχρὰ
1191 1978 1211 2070 ἡ
1232 1975 1275 2066 μί
1301 1974 1473 2069 εῶρυίίμος,

249 2075 318 2149 ἀλλ’
339 2075 512 2171 ῶρροδμος
527 2070 608 2148 οὖσα
629 2079 684 2147 καί
708 2079 763 2148 διὰ
782 2079 915 2148 πάντων
935 2075 1065 2168 μακρὰν
1088 2077 1215 2165 {boacca
1238 2087 1344 2152 Ioann.
1360 2087 1419 2152 Sic.
1442 2087 1475 2150 in

248 2189 396 2270 Hermog.
413 2187 458 2251 VI
481 2189 553 2264 350,
566 2187 673 2250 24W:
694 2189 832 2270 χρῶνται
856 2185 894 2251 δὲ
915 2189 984 2265 τοῖς
1008 2183 1198 2266 σπονδείοις
1220 2181 1257 2254 οὗ
1279 2185 1365 2274 λόγῳ
1386 2179 1476 2266 τινὸς

249 2292 412 2377 ῥυθμικῆς
440 2281 629 2374 ἀναλογίας·
662 2281 834 2377 ῶρροδμος
860 2281 919 2374 γὰρ
947 2283 966 2376 ἡ
997 2287 1109 2376 πλοκή,
1143 2283 1227 2356 ἀλλὰ
1253 2283 1336 2355 κατὰ
1363 2287 1473 2378 φύσιν.

249 2392 352 2473 Quare
374 2393 520 2457 evitanda
541 2396 589 2457 est
611 2394 666 2458 illa
680 2393 809 2458 durities
832 2393 864 2456 in
883 2395 1001 2468 metris,
1024 2393 1064 2458 ci.
1080 2394 1207 2458 Aristid.
1222 2394 1330 2474 Quint.
1346 2414 1375 2477 p.
1390 2396 1429 2458 53
1442 2395 1475 2458 Μ

248 2525 291 2550 --
324 2497 374 2572 34,
398 2497 440 2558 24
461 2495 497 2560 J:
531 2485 601 2561 τὸ.
626 2546 632 2560 .
657 2546 664 2560 .
689 2487 858 2582 τροχαϊκδν
890 2493 1017 2576 δέχεται
1040 2545 1047 2560 .
1071 2545 1078 2560 .
1103 2545 1110 2560 .
1135 2496 1311 2562 σπονδεῖον
1341 2547 1349 2561 .
1374 2546 1380 2561 .
1405 2545 1413 2562 .
1441 2493 1475 2560 ἐν

248 2601 321 2675 ταῖς
342 2589 467 2684 ἀρτίοις
481 2594 598 2680 μόναις
620 2595 677 2664 διαί
697 2620 733 2663 τι
755 2591 814 2676 τὰς
837 2594 896 2662 ἐπὶ
918 2599 974 2662 τοῦ
989 2592 1109 2681 ἰάμβου
1133 2593 1382 2686 προρρηθείσας
1398 2593 1475 2684 ᾗμῖν

249 2695 358 2778 αἰτίας
380 2699 434 2764 καί
459 2695 510 2765 ὅτι
534 2697 649 2787 ἐφεξῆς
671 2701 804 2766 πολλῶν
825 2697 978 2783 κειμένων
992 2703 1126 2786 μακρῶν
1148 2695 1168 2788 ἡ
1189 2705 1370 2788 τῆςφωνῆς
1386 2699 1476 2767 συνί-

247 2827 322 2886 χεια
342 2806 413 2882 τοῖς
435 2801 633 2890 ἐπαλλήλοις
653 2799 814 2888 μεγέθεσι
837 2805 900 2867 τῶν
925 2801 1095 2885 συλλαβῶν
1117 2801 1341 2869 διακόπτεται.
1385 2805 1475 2871 ldem

248 2911 281 2972 in
304 2908 413 2972 metris
435 2908 544 2973 ionicis
568 2927 586 2972 a
608 2909 737 2985 minore,
761 2909 787 2972 si
809 2907 947 2972 trochaei
963 2907 1208 2984 admisceantur,
1232 2910 1305 2972 ante
1328 2927 1380 2972 eoa
1403 2927 1475 2991 pae-

249 3030 341 3076 onem
363 3011 506 3088 tertium,
540 3030 604 3075 non
625 3009 762 3075 ionicum
784 3029 803 3074 a
825 3010 944 3074 minore
968 3009 1111 3074 collocari
1133 3010 1210 3086 vult,
1247 3016 1288 3093 (p.
1313 3011 1353 3072 55
1377 3011 1410 3074 M
1432 3037 1475 3066 =

250 3117 300 3193 35,
313 3117 354 3178 28
366 3115 402 3197 J)
424 3104 545 3199 ἵναμὴ
567 3115 666 3198 τριῶν
688 3107 802 3198 ἑφεξῆς
822 3114 956 3198 μακρῶν
977 3109 1133 3195 κειμένων
1156 3109 1323 3199 σκληρὸν
1345 3107 1474 3199 γίνηται
1527 3197 1528 3200 ¹

248 3213 287 3283 τὸ
315 3213 452 3304 ποίημα.
495 3218 598 3298 Atque
626 3217 665 3281 ob
695 3216 828 3281 eandem
851 3234 994 3294 oausam,
1022 3214 1048 3279 si
1076 3215 1151 3298 quid
1180 3216 1283 3293 video,
1317 3217 1474 3282 molossus

249 3321 347 3385 durus
374 3321 498 3385 videtur
520 3318 664 3384 Diomedi
693 3338 724 3402 p.
747 3319 820 3396 513,
845 3319 884 3381 15
908 3317 953 3382 K:
987 3319 1208 3396 „molossioum
1237 3321 1374 3384 metrum
1397 3319 1474 3384 mibi

250 3423 493 3488 durissimum
529 3423 668 3498 videtum
710 3422 804 3486 huius
841 3421 1021 3504 exemplum
1055 3421 1110 3485 dat
1149 3422 1278 3488 Caesius
1317 3422 1437 3487 Bassus
1450 3427 1473 3504 ¹)

248 3527 312 3591 tale
336 3529 413 3591 etc.“
460 3525 611 3591 Similiter
634 3525 672 3589 de
690 3524 905 3609 Hipponacteo
928 3525 1046 3589 iudicat
1060 3523 1251 3606 Hephaestio
1273 3525 1403 3608 p.19,2
1422 3525 1473 3590 W:

249 3623 302 3712 (τὸ
327 3678 333 3693 .
359 3677 365 3692 .
388 3678 395 3692 .
417 3619 523 3710 χωλὸν
551 3677 558 3691 .
586 3677 593 3691 .
617 3677 624 3691 .
654 3623 797 3710 δέχεται)
831 3618 906 3692 ἔσθ’
943 3621 997 3692 ὅτε
1024 3677 1030 3692 .
1055 3676 1061 3690 .
1086 3676 1093 3690 .
1121 3624 1176 3691 καί
1209 3626 1384 3692 σπονδεῖον
1416 3629 1473 3710 (sc.

249 3727 501 3819 παραλήγοντα),
522 3725 577 3796 ὅτε
598 3728 655 3795 καὶ
676 3725 914 3816 τραχύτερον
935 3725 1068 3815 γίνεται.
1114 3730 1293 3814 Spondeum
1315 3731 1347 3793 iu
1364 3731 1475 3812 quinta

249 3835 417 3900 choliambi
443 3834 516 3900 sede
542 3833 616 3918 poni
642 3835 751 3898 vetant
778 3833 907 3898 Caesius
934 3835 1055 3898 Bassus
1089 3853 1118 3916 p.
1143 3833 1215 3909 257,
1238 3833 1277 3894 21
1302 3833 1346 3896 K:
1381 3851 1474 3910 „cum

249 3936 340 4003 facile
362 3941 468 4003 rectus
490 3937 645 4003 iambicus
669 3936 816 4002 admittat
839 3938 947 4020 quinto
969 3938 1036 4001 loco
1060 3936 1252 4019 spondeum,
1288 3936 1339 3999 bic
1362 3953 1473 3999 scazon

249 4041 405 4124 pessimus
429 4041 504 4118 erit,
539 4041 592 4122 qui
614 4040 761 4104 habuerit
786 4041 882 4104 alium
906 4039 1014 4123 quinto
1038 4038 1105 4103 loco
1130 4057 1225 4120 quam
1246 4038 1408 4102 iambum“
1443 4041 1475 4102 et

249 4144 335 4208 hunc
362 4143 720 4208 secutusTerentianus
741 4143 872 4207 Maurus
896 4163 922 4207 r.
946 4143 1044 4206 2408:
1069 4179 1072 4186 «

462 4261 583 4342 „Quare
607 4262 781 4328 cavendum
805 4265 863 4340 est,
885 4282 925 4328 ne
948 4261 1075 4327 licentia
1097 4264 1188 4326 sueta

462 4365 627 4450 Spondeon
650 4368 706 4432 aut
727 4366 781 4448 qui
803 4367 1006 4449 procreantur
1028 4383 1065 4428 en
1086 4363 1141 4428 illo

250 4534 460 4544 ———

321 4646 341 4707 ¹)
361 4641 424 4696 Veri
442 4641 526 4710 igitur
544 4638 632 4695 simile
651 4643 693 4694 eat
712 4639 795 4693 etiam
814 4637 941 4692 iudicium
961 4637 1026 4691 illud
1047 4639 1131 4690 Basso
1154 4651 1212 4689 esse
1232 4635 1409 4690 tribuendum.
