3560 5242
838 407 875 470 tt

753 498 963 506 *—

238 627 361 703 siveris,
384 631 629 694 consentaneum
652 633 701 693 est
716 628 837 694 Octavii
859 629 965 694 locum
980 646 1017 694 er
1031 629 1234 712 Apologetico
1249 649 1313 694 uon
1327 629 1465 696 duxisse.

243 729 309 794 Nec
331 731 433 813 magis
457 729 587 795 Minucii
609 735 719 796 auctor
740 732 801 798 tuit
822 731 1045 807 Tertullianus,
1068 730 1224 813 siquidem
1246 731 1340 798 huius
1362 733 1465 798 verbis

238 835 399 916 *tempora
415 833 466 899 ubi
483 833 646 910 finiuntur,
664 835 839 918 incipiunt',
856 852 936 916 quae
952 852 1025 898 cum
1040 833 1202 917 Theophili
1217 835 1321 900 verbis
1337 835 1467 917 quibus-

244 935 319 1000 dam
347 936 562 1020 componenda
587 955 656 1002 esse
680 938 954 1020 supradiximus,
982 936 1013 1000 in
1037 935 1166 1002 Octavio
1189 937 1268 1002 nihil
1290 938 1465 1022 respondet

241 1036 312 1102 Iam
339 1057 409 1102 vero
437 1057 533 1120 quam
560 1038 726 1105 infeliciter
748 1041 884 1105 Ebertus
908 1039 941 1115 (l.
965 1057 990 1104 c.
1013 1058 1042 1122 p.
1065 1039 1401 1119 ermeneumata
1424 1040 1466 1106 sit

237 1141 472 1206 Tertullianum
500 1141 579 1206 haec
604 1144 716 1207 verba:
746 1143 879 1208 ‘semina
907 1161 969 1206 non
998 1141 1059 1206 nisi
1088 1145 1235 1227 corrupta
1257 1146 1290 1207 et
1311 1141 1465 1208 dissoluta

243 1242 408 1306 fecundius
431 1245 575 1326 surgunt*
597 1245 735 1310 Minucio
751 1247 877 1310 auctore
894 1244 1097 1328 scripsIsse,²)
1120 1249 1264 1328 apertum
1279 1247 1336 1310 est
1373 1246 1465 1328 Apud

241 1345 416 1410 Minucium
446 1347 531 1410 enim
560 1346 674 1411 desunt
697 1349 792 1412 verba
814 1338 988 1412 ‘dissoluta'
1013 1349 1045 1412 et
1067 1347 1268 1422 ‘iocundius';
1293 1351 1403 1414 contra
1425 1349 1464 1414 ad

238 1448 403 1534 'Theophili
432 1449 562 1514 verbum
592 1443 700 1514 tiarae
729 1453 853 1533 spectat
873 1450 1074 1534 participium
1098 1449 1177 1514 illud
1200 1450 1387 1526 ‘dissoluta’;
1411 1451 1466 1516 ad·

244 1552 455 1617 ditamentum
493 1557 599 1617 autem
634 1552 818 1618 ‘fecundius'
851 1553 955 1618 nescio
986 1571 1026 1617 au
1059 1553 1283 1618 conferendum
1318 1554 1359 1618 sit
1390 1573 1464 1620 cum

240 1655 344 1718 verbis
367 1651 421 1718 καὶ
444 1649 567 1738 γίνεται
591 1650 716 1734 στάχυς.

328 1755 441 1838 Itaque
462 1757 620 1822 Minucius
649 1762 681 1822 et
702 1758 916 1823 Tertullianus
939 1759 1039 1822 secuti
1061 1759 1137 1822 sunt
1159 1759 1355 1842 apologetam
1374 1759 1464 1824 illum

239 1877 338 1942 quem
372 1858 543 1924 statuimus
574 1860 740 1937 Latinum,
775 1860 828 1942 qui
862 1863 918 1925 aut
950 1861 1112 1944 Theophili
1146 1861 1243 1925 verba
1277 1864 1331 1926 aut
1359 1861 1464 1926 locum

241 1961 450 2046 Theophilino
472 1962 610 2027 similem
633 1963 664 2026 in
680 1982 774 2027 usum
791 1982 885 2028 suum
900 1965 1106 2028 converterat.
1144 1967 1189 2030 Ac
1205 1984 1244 2030 ne
1260 1965 1321 2029 alio
1337 1963 1464 2046 quidem

243 2065 311 2128 loco
342 2065 406 2128 ullo
433 2062 606 2130 Minucium
633 2065 795 2149 Theophili
830 2067 961 2148 uestigia
988 2066 1138 2149 pressisse
1167 2065 1369 2132 Schwenlrius
1396 2071 1464 2132 tam

245 2167 423 2230 luculenter
450 2169 606 2251 exposuit,
636 2171 672 2232 ut
698 2185 761 2232 non
790 2168 940 2244 habeam,
974 2187 1054 2252 quae
1082 2168 1206 2234 addam.
1254 2169 1321 2234 Nee
1342 2169 1465 2233 Tertul-

244 2269 365 2332 lianum
386 2269 550 2352 Theophili
570 2270 761 2335 imitatorem
784 2270 882 2335 fuisse
904 2271 1026 2336 ostendi
1049 2273 1193 2355 potest.³)
1216 2309 1257 2318 -—

330 2372 421 2455 Apud
464 2372 781 2455 Athenagoram&
824 2377 855 2438 et
890 2374 922 2438 in
961 2374 1177 2440 Clementis
1214 2373 1466 2440 Alexandrini

247 2511 447 2519 —-——

316 2598 338 2650 ¹t
358 2591 390 2645 ci.
412 2591 552 2646 Hastati.
571 2607 593 2645 c.
612 2607 638 2659 p.
656 2595 716 2648 364.

315 2678 336 2746 ²)
355 2677 473 2734 libertus
499 2682 593 2732 censet
619 2677 687 2733 haec
713 2680 795 2735 verba
817 2680 890 2734 iuter
912 2694 945 2733 ea
967 2694 1039 2746 esse,
1067 2681 1102 2734 ‘in
1127 2680 1244 2736 welches
1267 2680 1310 2736 die
1334 2681 1466 2746 einiache,

242 2762 323 2818 lrlare
346 2763 522 2832 Daratellung
545 2763 594 2818 des
617 2763 751 2818 Minucius
774 2764 859 2818 durch
883 2763 927 2818 die
950 2764 1010 2818 dem
1035 2764 1187 2820 Tertullian
1209 2765 1305 2834 eigene
1323 2766 1465 2832 Rhetorik,

241 2849 331 2902 aumal
356 2848 398 2902 bei
423 2849 482 2902 dem
506 2849 569 2902 sehr
587 2849 757 2904 natttrlichen
778 2849 893 2904 Strehen
913 2849 1068 2916 desselben,
1093 2850 1177 2917 grsde
1195 2850 1231 2905 da
1250 2850 1410 2918 wenigstens
1429 2852 1465 2906 im

244 2933 387 2987 Ausdruch
406 2933 529 3001 originell
548 2950 580 2987 zu
597 2937 669 3000 sein,
688 2933 715 2988 in
735 2933 785 2989 das
803 2936 886 3002 grade
904 2933 1066 3002 Gegentheil
1085 2935 1216 2990 verirehrt
1233 2935 1318 2990 wird’.

317 3019 338 3083 ⁸)
359 3019 455 3073 ‘lisine
478 3018 527 3074 der
544 3019 696 3074 Parsllelen
721 3019 758 3074 ist
781 3035 811 3074 ac
834 3019 996 3087 schlagend,
1019 3021 1083 3074 dass
1101 3020 1145 3074 die
1163 3021 1304 3076 Aunahme
1322 3024 1397 3077 einer
1415 3025 1466 3077 lle·

243 3109 364 3172 nutzuug
383 3105 531 3172 peitatem
548 3105 594 3160 ist'
614 3105 763 3172 (Harnaclr.
780 3105 797 3158 l.
817 3121 838 3160 c.
859 3121 884 3171 p.
902 3107 953 3160 297
973 3105 1035 3159 adu.
1053 3107 1126 3174 488).

315 3192 337 3258 ⁴)
363 3191 557 3258 Athenagorae
576 3189 806 3258 Supplicationam
825 3205 875 3258 pro
894 3189 1059 3246 Christianis
1078 3189 1226 3246 Minucium
1244 3197 1271 3246 in
1290 3209 1367 3248 usum
1386 3210 1464 3250 auum

244 3276 411 3330 convertisse
438 3273 537 3329 iniuria
567 3276 685 3329 Ehertus
712 3275 781 3344 Allp.
811 3274 909 3330 Gesch.
936 3275 962 3328 d.
991 3275 1057 3330 titt.
1084 3275 1111 3332 d.
1136 3275 1465 3346 Mittelalt.125,3et

246 3360 395 3415 Loeschius
413 3361 509 3415 Jahrb.
528 3361 546 3414 i.
566 3367 634 3428 prot.
656 3361 749 3416 Theoi.
769 3360 832 3414 Vlll
849 3363 915 3414 1882
933 3377 958 3430 p.
974 3363 1024 3414 168
1041 3361 1247 3426 contenderunt,
1266 3363 1323 3418 iure
1342 3364 1464 3419 Schwen-

245 3446 307 3500 hius
326 3447 341 3500 Ι.
354 3462 376 3500 u.
395 3461 422 3513 p.
434 3446 485 3499 279
497 3461 554 3514 sqq.
573 3451 600 3500 et
612 3445 645 3500 Κ.
659 3446 679 3500 1.
691 3446 867 3503 Naumanuus
880 3446 954 3501 Gdtt.
968 3448 1106 3502 (iel-Ana.
1123 3449 1190 3502 1884
1206 3463 1232 3516 p.
1243 3449 1296 3504 ees
1307 3465 1363 3518 sqq.
1382 3465 1465 3518 uaga·

244 3538 349 3596 petunt.
385 3530 480 3585 Etiam
508 3529 682 3586 Harnsckius
706 3533 723 3588 l.
747 3549 769 3587 c.
797 3549 823 3600 p.
850 3535 894 3588 181
921 3535 985 3588 adn.
1012 3535 1061 3588 18⁵
1084 3534 1223 3588 coufessus
1245 3540 1289 3590 eat
1311 3537 1383 3591 nullo
1405 3538 1464 3592 loco

242 3622 321 3671 certo
343 3616 525 3671 demonstrari
542 3618 691 3674 Minucium
716 3633 750 3672 ex
767 3617 947 3688 Athenagora
969 3619 1096 3689 pendere.
1134 3619 1259 3676 Omnium
1278 3621 1464 3689 copiosissime

245 3703 316 3758 hanc
341 3702 526 3771 quaestionem
552 3709 710 3771 persecutus
737 3711 780 3758 eet
797 3704 985 3770 Schweulrius,
1008 3703 1083 3760 cuius
1107 3704 1286 3774 disputationi
1311 3721 1399 3774 pauca
1416 3709 1464 3762 ad-

241 3787 334 3842 denda
357 3787 424 3842 mihi
446 3796 517 3844 sunt.
559 3788 636 3859 Quod
658 3789 778 3858 pertinet
800 3789 836 3844 ad
860 3789 926 3844 Min.
945 3793 988 3854 21,
1007 3783 1039 3844 t'0
1056 3795 1084 3844 at
1101 3791 1236 3859 Athenag.
1256 3791 1350 3860 Suppl.
1368 3793 1411 3858 23,
1429 3795 1465 3849 28

242 3874 360 3940 (servavi
379 3873 423 3928 hic
442 3875 594 3930 Schwenlrii
611 3875 764 3943 exemplum
783 3883 893 3930 secutus
911 3891 1037 3930 numeros
1056 3876 1263 3931 adnotationum
1282 3877 1410 3934 editionis
1427 3879 1463 3934 ab

247 3961 348 4013 tlttone
366 3962 506 4026 curatas),
531 3959 706 4016 Schweulriua
728 3961 762 4014 ad
786 3977 811 4030 p.
830 3963 883 4016 aas
901 3961 1139 4017 commentationis
1156 3977 1222 4018 suae
1241 3963 1371 4018 lectorem
1389 3980 1463 4020 reuo-

243 4059 309 4098 care
328 4044 430 4100 debuit.
453 4074 486 4086 —
511 4045 553 4100 lie
576 4045 637 4102 Oct.
654 4047 689 4100 23
712 4047 756 4114 (ci.
775 4047 914 4114 Athenae.
933 4047 1027 4116 Suppl.
1045 4049 1094 4115 21;
1120 4047 1259 4103 Schwenk.
1278 4050 1296 4102 l.
1315 4064 1338 4102 c.
1356 4065 1382 4117 p.
1400 4051 1464 4115 280)

242 4130 314 4184 satis
332 4145 466 4198 superque
484 4146 501 4185 a
520 4131 597 4186 nobis
614 4130 783 4202 disputatum
803 4139 846 4186 est
863 4138 901 4201 (p.
919 4135 954 4186 aa
971 4135 1048 4202 squ).
1080 4132 1270 4201 Athenagoras
1289 4135 1305 4187 l.
1324 4149 1346 4188 a
1366 4140 1394 4189 et
1407 4135 1463 4190 Pa.-

245 4215 365 4270 Instiuua
380 4217 438 4270 coh.
457 4215 493 4270 sd
512 4223 585 4284 pent.
604 4219 622 4270 2
640 4217 711 4272 inter
729 4233 758 4272 se
776 4217 861 4272 multo
879 4217 968 4286 megia
989 4224 1149 4286 congruunt,
1168 4234 1248 4286 quam
1261 4235 1322 4274 cum
1335 4219 1463 4288 ldiuucio,

244 4317 331 4370 neque
355 4303 400 4356 tric
424 4303 508 4359 habet
531 4318 623 4358 versus
641 4302 813 4366 Homericos,
838 4303 911 4358 sicut
933 4303 981 4357 illi.
1016 4303 1095 4358 Licet
1117 4303 1201 4372 igitur
1219 4305 1410 4373 Athenagoras
1433 4313 1464 4362 et

244 4387 423 4442 Pa-luetiuua
451 4404 532 4443 unum
557 4388 724 4456 eandemque
748 4389 835 4444 secuti
859 4393 914 4443 sint
938 4393 1093 4454 auctorem,
1120 4389 1267 4444 Minucium
1287 4389 1333 4445 illo
1352 4391 1411 4446 loco
1429 4407 1463 4447 ex

242 4477 339 4528 eodem
364 4479 476 4528 auctore
502 4474 632 4543 pendere,
657 4474 729 4543 quod
753 4473 913 4529 Schwenkio
936 4473 1020 4528 visum
1042 4481 1085 4530 eat
1110 4473 1156 4544 (ef.
1180 4474 1212 4528 K.
1232 4477 1253 4529 l.
1271 4476 1463 4534 Naumannum

244 4557 330 4627 tc),
355 4558 477 4626 squidem
500 4576 578 4628 nepo.
601 4589 635 4602 -
658 4560 714 4615 Hos
741 4561 814 4616 locos
837 4576 854 4615 a
876 4558 1009 4614 Loeschio
1034 4567 1261 4616 commemoratos
1286 4563 1463 4619 Schueakius

243 4659 297 4698 non
316 4644 449 4712 respexit:
470 4646 535 4732 Min.
554 4647 596 4710 80,
614 4650 643 4707 63
663 4646 798 4714 Athenae.
818 4645 910 4715 Suppl.
928 4647 971 4710 as,
988 4647 1012 4700 8.
1035 4647 1075 4701 12.
1093 4677 1127 4688 -
1145 4646 1264 4712 Minas,
1277 4650 1307 4716 6;
1326 4648 1463 4718 altenag.
