3568 5238
951 413 986 473 10

865 501 1073 510 ———

356 635 475 718 etipse
500 633 670 710 Globulus,
694 635 747 715 qui
771 636 996 714 intercesserat,
1021 635 1129 699 aderat
1152 635 1293 701 Cornelio
1319 631 1378 700 fet>
1403 684 1409 697 .
1433 685 1440 698 .
1463 685 1470 698 .
1494 635 1582 717 quod

356 737 519 802 Cornelius
546 737 683 818 Pompeii
706 737 810 820 Magni
839 740 986 818 quaestor
1012 737 1116 802 fuerat
1123 787 1254 814 .....
1279 758 1331 800 reo
1354 738 1517 822 proderat,
1548 737 1580 800 id

355 839 491 922 opinioni
520 859 538 904 a
564 839 654 902 nobis
682 839 821 921 prolatae
849 841 1037 914 velificatur3
1066 841 1115 904 his
1143 843 1227 905 enim
1254 841 1358 904 verbis
1387 841 1583 921 significatur

356 942 584 1023 quodammodo
615 941 810 1006 defensorem
841 943 904 1006 illis
937 943 1031 1006 rebus
1058 943 1202 1007 innixum
1228 949 1341 1018 essesr.
1392 942 1510 1006 lladem
1540 943 1581 1006 de

357 1064 451 1110 causa
472 1044 544 1110 illas
566 1063 615 1108 res
639 1045 732 1128 ‘apud
756 1043 833 1109 duas
846 1053 955 1127 portes
970 1065 1022 1107 reo
1038 1045 1190 1128 profuisse
1206 1047 1348 1128 equitum
1365 1047 1581 1110 Romanorum

356 1151 388 1213 et
418 1149 614 1213 tribunorum
649 1150 851 1209 cerariorum
885 1151 916 1212 et
944 1167 980 1211 er
1008 1149 1101 1213 tertia
1131 1168 1253 1231 quoque
1281 1151 1370 1232 parte
1396 1155 1580 1210 serratorum

357 1252 439 1335 apud
454 1253 619 1336 plerosque
635 1251 772 1334 exceptis
793 1251 845 1327 eis,
868 1251 921 1332 qui
933 1254 1039 1315 essent
1056 1251 1224 1315 familiares
1239 1252 1416 1336 principum
1433 1250 1579 1314 eivitatis'

357 1355 559 1418 scholiastam
590 1355 633 1437 (p.
668 1355 717 1430 54,
746 1354 843 1434 6-9)
879 1373 916 1417 er
949 1354 1087 1418 oratione
1121 1355 1300 1436 cognovisse
1337 1354 1580 1418 autumar'erim.

357 1456 464 1520 Cicero
492 1456 576 1520 enim
605 1457 645 1520 ad
673 1456 815 1538 singulos
843 1457 983 1520 iudicum
1011 1456 1149 1532 ordines,
1178 1461 1213 1520 ut
1240 1477 1348 1523 eorum
1371 1457 1493 1521 animos
1516 1456 1579 1520 sibi

358 1559 546 1636 conciliaret,
571 1577 604 1622 se
627 1559 815 1623 convertisse
838 1563 933 1642 atque
954 1560 1169 1624 demonstrare
1182 1560 1340 1624 studuisse
1355 1560 1431 1622 milri
1447 1559 1582 1634 ridetur,

358 1661 538 1726 Cornelium
573 1662 641 1727 ideo
674 1663 871 1745 potissimum
904 1663 1078 1727 maiestatis
1111 1681 1201 1726 reum
1230 1681 1299 1726 esse
1329 1663 1461 1738 factum,
1496 1660 1582 1742 qnod

358 1765 450 1829 horno
486 1765 644 1848 popularis
683 1767 781 1841 esset,
826 1784 906 1848 quae
940 1765 1118 1829 coniectura
1151 1765 1362 1847 compluribus
1396 1763 1582 1846 fragmentis

361 1867 436 1948 (Cic.
459 1887 515 1950 pro
538 1868 628 1931 Corn.
651 1868 667 1932 I
690 1867 727 1933 fr.
751 1869 790 1931 32
813 1889 842 1952 p.
866 1869 942 1942 250;
971 1868 1008 1932 fr.
1030 1869 1071 1931 43
1094 1889 1123 1952 p.
1146 1869 1223 1942 2523
1251 1867 1287 1931 ir.
1310 1868 1349 1930 61
1374 1889 1403 1951 p.
1426 1867 1502 1942 2563
1524 1885 1582 1949 pro

359 1969 499 2034 (111111
526 1969 598 2034 114
619 1991 647 2054 p.
672 1973 751 2046 257;
779 1971 815 2035 11.
841 1972 890 2035 10.
916 1973 953 2034 11
979 1991 1007 2054 p.
1024 1971 1086 2033 259
1109 1969 1156 2035 ed.
1179 1969 1213 2035 C.
1228 1970 1262 2035 F.
1277 1969 1325 2035 W.
1341 1969 1474 2034 Mueller
1487 1968 1530 2032 IV
1548 1969 1583 2052 3)

357 2074 586 2156 comprobatur.

443 2176 491 2240 De
514 2177 698 2241 turbulenta
721 2179 827 2240 autem
850 2177 1001 2254 contione,
1024 2177 1056 2239 in
1081 2194 1144 2258 qua
1159 2175 1330 2252 Cornelius,
1355 2194 1427 2240 oum
1443 2175 1584 2240 codicem

360 2279 518 2356 recitaret,
551 2280 752 2344 maiestatem
773 2278 928 2355 laeserat,
957 2297 1153 2361 quamquam
1183 2277 1291 2342 Cicero
1303 2279 1329 2361 ²)
1357 2279 1447 2356 dixit,
1473 2280 1582 2342 tamen

358 2399 429 2444 cum
459 2382 496 2445 de
525 2382 634 2446 eadem
666 2401 698 2445 re
725 2382 757 2444 in
788 2382 953 2446 annalibus
982 2383 1085 2446 verius
1117 2384 1149 2445 et
1178 2381 1292 2444 clarius
1320 2383 1456 2446 relatum
1486 2382 1584 2446 fuisse

358 2483 441 2547 infra
463 2485 735 2549 demonstraturus
759 2485 827 2562 sim,
849 2503 934 2548 nunc
957 2486 1052 2549 verba
1073 2503 1137 2548 non
1161 2483 1249 2548 facio.

444 2586 544 2651 Aliter
566 2587 806 2650 existimandum
831 2590 879 2652 est
901 2589 938 2651 de
961 2587 1074 2652 iudicio
1095 2587 1279 2652 Corneliano
1303 2588 1335 2651 et
1358 2587 1533 2652 disturbato
1549 2590 1582 2651 et

356 2691 483 2772 peracto
513 2690 597 2772 (Asc.
624 2711 653 2773 p.
683 2691 733 2766 52,
763 2691 802 2752 12
849 2691 899 2768 53,
928 2692 976 2773 6),
1009 2691 1098 2754 cuius
1127 2689 1196 2754 fons
1224 2690 1323 2764 solus,
1351 2709 1424 2754 cum
1452 2690 1583 2754 annales

357 2793 509 2856 eiusmodi
531 2811 582 2856 res
604 2793 727 2856 levioris
748 2795 899 2857 momenti
922 2795 971 2856 vir
992 2801 1138 2858 accurate
1160 2793 1344 2876 copioseque
1360 2793 1583 2866 continuerint,

358 2894 516 2960 Ciceronis
545 2899 576 2960 11
604 2895 736 2961 Cominii
764 2897 955 2960 accusatoris
983 2897 1139 2960 orationes
1169 2896 1315 2960 videntur
1342 2894 1449 2959 fuisse.
1500 2894 1584 2960 Sane

360 2998 435 3079 quid
464 3017 480 3062 1
511 2999 672 3075 Cicerone,
708 2998 781 3081 quid
814 3019 830 3063 e
860 2999 1001 3063 Cominio
1029 2999 1168 3074 durarit,
1196 3017 1232 3062 eo
1261 2997 1418 3062 difficilius
1447 2997 1582 3062 discerni

361 3101 483 3184 poterit,
507 3102 589 3183 quod
614 3101 783 3166 scholiasta
805 3102 969 3183 utriusque
992 3101 1188 3166 narrationes
1210 3101 1243 3162 in
1266 3118 1362 3165 unam
1385 3101 1534 3165 confudit.

446 3201 556 3285 ltaque
579 3205 639 3268 hoc
661 3205 804 3268 attulisse
828 3203 972 3277 sufficiat,
997 3204 1130 3268 Cornelii
1153 3204 1350 3269 defensorem
1365 3204 1460 3268 etiarn
1489 3203 1582 3286 fugae

360 3305 573 3372 dominiorum
604 3326 659 3390 per
693 3309 793 3371 scalas
829 3307 929 3371 factae
954 3309 1037 3388 (Asc.
1070 3327 1099 3390 p.
1130 3308 1185 3384 52,
1218 3307 1356 3387 21-23)
1388 3307 1581 3374 mentionem

358 3408 479 3487 facisse,
503 3414 539 3474 ut
561 3408 746 3492 fragmentis
770 3414 836 3492 (pro
860 3409 950 3475 Corn.
974 3409 990 3473 I
1014 3410 1050 3473 fr.
1076 3411 1201 3474 11-13
1224 3432 1253 3494 p.
1277 3413 1353 3492 244)
1378 3409 1535 3476 docemur.

444 3513 506 3578 Sed
534 3515 566 3578 in
594 3515 691 3578 altero
720 3513 832 3577 iudicio
856 3512 1040 3578 Corneliano
1069 3520 1147 3579 ‘rem
1176 3518 1280 3580 actam
1303 3533 1371 3578 esse
1394 3535 1508 3596 mopna
1531 3535 1582 3580 er·

359 3617 566 3698 spectatione,
598 3635 714 3700 paucos
747 3619 855 3680 autem
877 3615 1018 3680 homines
1041 3617 1222 3682 Cornelium
1234 3623 1257 3693 ³)
1281 3665 1288 3680 .
1313 3667 1320 3681 .
1345 3666 1352 3679 .
1376 3617 1407 3682 11
1430 3619 1580 3683 iudicium

360 3718 556 3794 adhibuisse,
578 3722 675 3784 utne
699 3719 818 3783 clamor
841 3719 967 3801 quidem
990 3720 1075 3783 ullus
1099 3721 1137 3784 ab
1161 3721 1319 3786 advocatis
1343 3721 1409 3785 eius
1432 3723 1580 3785 oreretur'

360 3825 443 3898 (Asc.
467 3842 496 3905 p.
521 3824 576 3898 53,
605 3823 716 3902 6-9)‚
746 3824 785 3887 ad
813 3822 971 3887 Ciceronis
1000 3824 1170 3888 orationem
1199 3824 1299 3888 solam
1327 3825 1483 3908 pertinere
1512 3825 1581 3906 quis

360 3925 474 4005 neget?
498 3925 624 3990 Etenim
652 3945 724 3990 cum
741 3926 902 3991 Cominius
919 3925 1062 3990 Cornelio
1090 3929 1293 4010 exprobrasse
1317 3928 1469 4002 videatur,
1493 3928 1582 4009 quasi

360 4027 448 4109 prius
475 4028 625 4093 iudicium
655 4049 711 4113 per
739 4029 906 4094 Manilium
938 4027 1180 4095 disturbandum
1203 4032 1389 4107 curavisset,
1424 4031 1582 4096 Ciceronis

359 4167 568 4176 -—-—-..-.

430 4233 449 4300 ¹)
468 4231 614 4287 Praeterea
630 4232 664 4287 cf.
686 4233 742 4288 Cic.
761 4249 811 4303 pro
829 4233 910 4287 Com.
930 4233 952 4286 l.
972 4234 1005 4287 fr.
1024 4233 1179 4304 461113.

429 4319 450 4386 ³)
470 4317 523 4374 Cic.
544 4335 593 4389 pro
611 4320 693 4374 Corn.
713 4318 727 4372 1
746 4319 777 4372 fr.
797 4320 815 4373 5
832 4336 858 4389 p.
876 4319 941 4384 2423
960 4319 992 4372 fr.
1011 4319 1045 4373 28
1063 4335 1090 4388 p.
1108 4319 1172 4383 2483
1197 4321 1229 4374 fr.
1247 4322 1281 4375 42
1300 4337 1325 4391 p.
1343 4321 1403 4375 252.
1439 4320 1584 4377 Praeterea

360 4403 394 4455 cf.
414 4402 479 4457 Aac.
498 4421 524 4474 p.
542 4407 585 4472 53,
604 4405 720 4470 17-20;
739 4405 794 4460 Cic.
813 4404 841 4459 in
859 4405 924 4459 Vnt.
942 4406 968 4471 2,
985 4406 1002 4459 5

428 4491 450 4558 ³)
469 4490 552 4557 Quod
570 4491 737 4546 ‘Cornelium
756 4490 928 4561 perterritum
948 4489 1046 4544 Manili
1064 4491 1143 4546 exitu
1160 4493 1270 4546 recente*
1289 4493 1373 4547 fuisse
1391 4493 1466 4564 apud
1484 4491 1583 4547 soboli·

359 4580 449 4630 astam
467 4593 493 4646 p.
512 4577 552 4641 53,
572 4579 596 4631 7.
614 4579 631 4632 8
648 4576 779 4648 legimus,
800 4576 852 4631 hoo
870 4594 904 4631 ex
923 4577 1035 4631 Asconii
1052 4577 1139 4648 ipsius
1157 4578 1267 4650 ingenio
1285 4595 1411 4634 11111111
1429 4577 1583 4634 admodum

360 4661 505 4718 verisimile
522 4669 571 4730 est,
590 4663 642 4717 nisi
660 4663 729 4718 forte
748 4663 891 4718 Cominius
908 4662 981 4717 hanc
999 4679 1055 4718 1111
1075 4664 1245 4738 significavit.
