3480 5230
941 345 983 407 24

855 423 1065 436 -η

349 555 580 654 Ἀρτεμίδωρος
593 557 610 630 ὃ
623 556 823 646 eucharista
834 561 868 631 έν
889 570 937 654 τῷ
960 557 1043 652 πρὸς
1060 560 1271 652 Χρύσιππον.
1283 567 1306 651 ¹)
1330 564 1443 650 Neque
1459 563 1583 650 procul
1702 623 1703 640 ,

349 690 370 734 a
392 691 469 737 varo
485 670 601 737 abesse
618 691 668 736 me
684 669 828 736 arbitror
843 669 1012 750 dicentem,
1036 668 1102 734 illis
1125 666 1262 736 θέσεσιν
1275 668 1486 754 philosophis
1503 690 1583 735 mox

349 775 519 858 oppositas
547 796 618 863 esse
639 769 825 855 ὑποθέσεις
852 779 953 859 atque
981 774 1056 854 has,
1090 779 1128 838 ut
1155 793 1175 838 a
1198 773 1317 840 Stoicis
1344 765 1386 839 τὰ
1413 770 1584 842 πολιτικὰ
1691 776 1695 801 ²

351 875 528 966 ζητήματα,
553 879 677 945 oratori
699 877 852 947 tributas.

436 983 518 1048 Tum
541 982 764 1068 Hermagoras
780 981 966 1049 Stoicorum
989 981 1102 1048 civiles
1118 980 1328 1065 quaestiones
1343 981 1378 1046 in
1402 1001 1502 1046 suam
1527 1001 1582 1044 ar-

349 1092 416 1151 tem
439 1086 639 1152 rhetoricam
662 1086 839 1168 transtulit,
862 1086 959 1152 simul
982 1091 1092 1152 autem
1115 1086 1216 1152 etiam
1238 1083 1315 1150 illas
1336 1079 1526 1164 έποθέσεις
1550 1089 1584 1150 et

349 1187 463 1268 θέσεις
484 1190 618 1274 recepit.

434 1293 555 1359 Verum
568 1293 621 1358 hic
636 1293 782 1359 exoritur
793 1293 952 1378 quaestio,
965 1293 1079 1376 quales
1091 1293 1200 1359 theses
1212 1292 1431 1376 Hermagoras
1447 1289 1582 1357 oratori
1700 1319 1701 1324 ¹

351 1395 514 1462 tribuerit.
559 1399 667 1480 Atque
690 1398 832 1483 quodam
854 1398 952 1463 modo
975 1401 1125 1481 pugnant
1147 1397 1234 1461 inter
1256 1417 1288 1460 se
1312 1395 1426 1466 Cicero
1449 1400 1484 1458 et
1510 1395 1579 1458 Au·

351 1499 510 1581 gustinus.
554 1499 615 1566 Ille
637 1500 803 1566 invehitur
823 1502 858 1566 in
881 1500 1128 1582 Hermagoram,
1152 1498 1240 1582 quod
1262 1496 1347 1563 tales
1362 1497 1579 1581 quaestiones

348 1603 488 1666 oratoris
504 1603 742 1684 esse'voluerit,
766 1604 882 1688 quales
906 1604 967 1669 hae
990 1587 1077 1668 suut:
1101 1603 1211 1668 verine
1233 1602 1298 1666 sint
1322 1603 1458 1668 sensust
1483 1621 1576 1684 quae

347 1705 391 1769 sit
413 1705 491 1770 solis
513 1706 728 1790 magnitudo?
751 1707 844 1774 Alter
866 1707 972 1773 tradit
994 1727 1066 1771 eum
1083 1705 1191 1771 theses
1207 1705 1411 1770 intellexisse
1427 1701 1505 1768 has:
1532 1725 1577 1766 an

346 1808 566 1892 nogivandum
595 1809 659 1876 siat
686 1831 729 1902 an
755 1809 1075 1894 philosophandum?
1098 1830 1179 1892 quas
1209 1809 1420 1892 quaestiones
1444 1807 1574 1891 optime

346 1910 407 1976 sub
431 1904 588 1979 πολιτικὰ
613 1910 780 2000 ζητήματα
802 1935 898 1998 posse
921 1913 1069 1979 subsumi
1092 1919 1240 1996 apparet,
1264 1913 1420 1996 quoniam
1437 1911 1575 1993 quaeri·
1695 1974 1698 1983 ,

346 2019 410 2095 tur,
434 2037 476 2079 an
505 2016 606 2081 utile
635 2017 689 2080 sit
710 2018 873 2102 navigare,
896 2015 1132 2101 philosophari.

433 2119 569 2184 Accedit
592 2118 679 2202 quod
703 2141 797 2186 nemo
820 2127 952 2204 praeter
976 2120 1164 2186 Ciceronem
1181 2156 1223 2166 -
1241 2140 1314 2183 nam
1339 2139 1425 2201 quaa
1441 2116 1574 2196 Quinti-

347 2220 454 2286 lianus
484 2221 625 2304 profert,
650 2222 800 2289 Ciceroni
827 2245 901 2289 eum
929 2222 1049 2288 debere
1072 2243 1173 2306 supra
1195 2221 1376 2305 significavi
1401 2258 1439 2268 -
1462 2219 1573 2285 simile

348 2324 524 2407 quicquam
548 2325 726 2408 opprobrio
751 2326 1052 2410 datHermagorae,
1075 2346 1274 2410 quamquam
1290 2324 1383 2388 multi
1406 2327 1436 2390 oi
1453 2324 1571 2389 adver·

346 2427 426 2491 sarii
450 2433 484 2493 et
504 2428 645 2493 maxime
667 2427 755 2494 illius
771 2427 995 2512 bipertitionis
1010 2430 1262 2513 reprehensores
1283 2427 1473 2495 extiterunt.
1507 2426 1570 2490 Ve-

344 2530 395 2594 lut
409 2530 626 2614 Apollodorus
643 2531 862 2615 Pergamenus
878 2531 994 2597 inutile
1010 2553 1081 2596 esse
1097 2531 1226 2598 censuit
1239 2527 1338 2597 θέσιν
1354 2535 1388 2596 et
1402 2525 1570 2599 έπόθεσιν

346 2631 545 2714 discernere3
569 2633 649 2698 nihil
673 2635 759 2701 euim
782 2634 874 2700 aliud
898 2655 969 2700 esse
985 2634 1181 2719 hypothesin
1204 2655 1304 2717 quam
1326 2632 1434 2699 thesin
1462 2654 1570 2717 neque

345 2733 444 2799 ullius
457 2738 611 2802 momenti
623 2759 694 2803 esse
706 2737 882 2804 discrimen
894 2758 1118 2820 personarum.
1131 2738 1156 2824 8)
1173 2739 1280 2820 Atque
1291 2737 1356 2802 iam
1369 2737 1567 2814 Athenaeus,

345 2860 426 2922 „par
438 2845 537 2923 atque
546 2841 713 2906 aemulus“
724 2841 947 2924 Hermagorae
960 2840 1014 2922 (cf.
1023 2842 1189 2920 Quinam
1199 2851 1225 2920 1,
1237 2846 1299 2922 16),
1308 2837 1408 2906 θέσιν
1419 2838 1567 2923 appella·

342 2947 436 3007 verat
446 2937 643 3022 ὑποθέσεως
653 2943 758 3030 μέρος.
764 2945 789 3028 ³)
807 2944 1066 3010 Statuendumne
1078 2945 1180 3029 igitur
1193 2945 1256 3010 erit
1268 2943 1458 3010 Ciceronem
1469 2942 1564 3020 falsa,

344 3065 421 3110 vera
435 3046 654 3129 Augustinnm
671 3046 712 3112 de
728 3047 933 3130 Hermagora
955 3047 1158 3114 tradidisset
1181 3048 1243 3113 Sed
1260 3046 1354 3112 nefas
1370 3046 1423 3126 sit,
1440 3047 1468 3110 si
1493 3045 1566 3130 quis

345 3149 497 3232 opinetur
521 3148 711 3214 Ciceronem
735 3149 816 3215 talia
838 3150 1024 3233 vituperare
1046 3152 1191 3233 potuisse
1219 3151 1253 3215 in
1280 3149 1339 3214 illo
1362 3148 1565 3216 nobilissimo

343 3250 484 3332 rhetore,
495 3252 559 3316 nisi
570 3252 625 3317 hic
637 3275 672 3317 re
684 3274 762 3318 vera
783 3254 816 3318 in
840 3258 912 3318 arte
934 3253 1103 3319 rhetorica
1125 3252 1245 3318 similia
1261 3253 1436 3318 docuisset.
1459 3251 1565 3330 Quid?

343 3353 554 3436 quodCioero
575 3355 607 3418 in
624 3355 709 3420 libro
728 3356 768 3422 de
786 3361 918 3424 oratore
935 3355 1041 3421 altero
1054 3359 1088 3439 (ξ
1102 3360 1154 3439 65)
1166 3356 1339 3421 Antonium
1351 3355 1565 3439 pronuntian-

342 3462 408 3522 tem
425 3457 512 3538 facit,
526 3479 607 3540 quae
618 3458 660 3523 ad
676 3457 808 3524 verbum
822 3459 890 3524 fere
910 3465 1094 3542 congruunt
1108 3481 1181 3524 cum
1197 3459 1253 3540 eis,
1272 3479 1358 3540 qnae
1372 3459 1406 3522 in
1422 3457 1509 3523 libro
1525 3458 1565 3521 de

341 3560 527 3625 inventione
552 3561 705 3627 redeunt:
741 3560 821 3642 „hoc
845 3561 924 3646 quid
948 3567 982 3627 et
1004 3570 1163 3645 quantum
1185 3562 1241 3642 sit,
1266 3583 1340 3628 cum
1363 3561 1489 3640 dicunt,
1514 3562 1563 3626 in·

341 3663 497 3746 tellegere
523 3665 603 3729 mihi
630 3685 696 3730 non
722 3666 917 3749 videntur.⁴)
962 3664 997 3730 Si
1024 3667 1110 3730 enim
1139 3670 1190 3730 est
1212 3665 1362 3744 oratoria,
1386 3686 1563 3747 quaecum-

342 3786 405 3848 que
434 3787 487 3830 res
514 3765 642 3832 infinite
673 3769 782 3852 posita
814 3769 872 3850 sit,
902 3769 941 3833 de
963 3790 1002 3832 ea
1024 3789 1119 3852 posse
1149 3769 1271 3847 dicere,
1297 3767 1472 3834 dicendum
1500 3769 1563 3832 erit

342 3868 381 3948 ei,
405 3875 529 3950 quanta
551 3870 594 3935 sit
622 3870 722 3935 solis
750 3872 992 3954 magnitudo,
1021 3892 1122 3956 quae
1149 3872 1278 3937 forma
1305 3877 1444 3938 terrae
1471 3877 1561 3953 eqs.“

343 3969 466 4048 Quibus
493 3972 600 4038 verbis
623 3975 858 4058 Hermagoram
880 3996 901 4039 a
921 3975 1075 4041 Cicerone
1102 3977 1193 4060 carpi
1220 3996 1314 4040 nemo
1341 3973 1462 4040 infitias
1490 3973 1561 4042 ibit.

414 4161 434 4226 ¹)
454 4158 533 4228 Diog.
551 4161 582 4214 L.
601 4162 640 4216 lx
657 4165 699 4216 53.

410 4246 431 4308 ²)
451 4246 515 4299 Aur.
534 4248 602 4315 Aug.
621 4263 648 4316 p.
668 4249 718 4303 140
735 4249 768 4302 H.

410 4331 434 4396 ⁸)
453 4329 544 4397 Quint.
564 4331 691 4399 1115‚5;
715 4334 747 4388 cf.
768 4336 821 4390 Clo.
847 4337 913 4404 Top.
936 4337 985 4404 80;
1004 4336 1038 4392 de
1056 4352 1093 4391 or.
1113 4336 1140 4391 11
1160 4337 1220 4388 113:
1239 4364 1290 4401 „-
1303 4334 1443 4403 -ignari
1467 4351 1559 4390 omnes

341 4418 540 4472 controversias
559 4417 593 4471 ad
612 4419 729 4473 universi
749 4423 856 4488 gereris
874 4421 926 4477 vim
944 4425 974 4476 et
990 4426 1116 4476 naturam
1135 4420 1257 4476 referri.“

408 4501 429 4568 4)
447 4501 478 4555 cf.
501 4502 536 4558 de
554 4503 607 4558 inv.
627 4504 639 4557 l
657 4507 687 4558 8:
706 4505 906 4578 „Hermagoras
933 4523 983 4563 noc
1010 4507 1073 4578 quid
1099 4508 1174 4563 dicat
1192 4523 1242 4564 nec
1259 4507 1324 4582 quid
1341 4507 1503 4580 polliceatur
1519 4507 1559 4564 io-

340 4586 469 4662 tellegore
487 4589 619 4650 videtur.“
1246 4618 1249 4626 ·

1702 2399 1703 2416 l

1613 2645 1617 2652 ⁸

1702 4599 1703 4606 1

1628 5197 1658 5210 Α
