3568 5238
729 441 849 534 -.59
920 529 933 534 -

217 681 269 725 sar
291 680 318 726 a.
340 661 455 738 695)59
482 662 591 725 consul
620 661 722 726 lactus
744 662 863 744 prImus
887 663 1027 726 omnium
1059 663 1206 727 instituit.
1256 663 1337 726 Nam
1361 681 1440 745 quae

216 764 521 844 Liebcrkuennius1)
545 764 604 826 sibi
626 763 715 827 linxit
738 767 808 828 octa
831 764 974 841 forensia,
997 765 1086 830 nulla
1102 784 1253 847 umquam
1269 765 1440 844 luerunt2).

216 868 263 932 De
287 869 415 931 senatus
443 885 515 930 vero
539 867 615 930 actis
643 871 808 949 propterea
829 867 1030 946 cogitandum
1053 887 1115 932 non
1138 872 1194 945 est,
1217 869 1366 950 quonlam
1388 887 1442 932 ne-

218 989 278 1052 que
294 970 371 1033 haec
387 969 553 1050 usquam³)
577 969 759 1050 slmplicitor
781 971 871 1034 ‘eota'
887 971 1097 1041 nominantur,
1120 989 1179 1034 nec
1200 989 1271 1036 vero
1291 989 1337 1046 ea,
1361 989 1440 1052 quae

216 1077 380 1154 tamqnam
403 1091 440 1136 er
455 1071 552 1134 ‘actis'
570 1071 684 1134 hausta
705 1071 883 1148 laudantur,
903 1073 934 1135 in
951 1075 1087 1136 ‘senatus
1104 1073 1192 1136 actis'
1214 1073 1330 1156 scripta
1344 1072 1441 1136 fuisse

215 1179 356 1258 possunt.
394 1174 532 1248 Accedit,
557 1173 638 1254 quod
664 1177 901 1252 commentator,
924 1176 950 1238 si
974 1176 1069 1238 etiam
1092 1179 1231 1240 ‘senatus
1255 1177 1334 1240 octa'
1357 1195 1442 1240 com-

216 1279 354 1361 pilasset,
378 1279 453 1359 quin
470 1279 638 1356 utrumque
655 1277 815 1340 ‘actorum‘
841 1296 940 1359 genus
963 1279 1044 1341 inter
1066 1297 1099 1342 se
1116 1279 1321 1342 distinctorus
1337 1277 1440 1352 luerit,

216 1382 347 1445 dubium
369 1382 419 1444 uir
441 1383 498 1444 est.

301 1484 348 1547 De
388 1486 538 1547 ‘actorum
576 1482 692 1564 populi'
727 1482 830 1546 indole
865 1486 958 1562 atquc
993 1483 1202 1564 argumentis,
1237 1502 1317 1566 quae
1345 1502 1440 1564 quam

217 1588 301 1651 vario
327 1587 443 1650 luerint
476 1589 508 1648 et
535 1584 643 1649 Cloerc
676 1585 864 1667 compluries
897 1587 1032 1648 testatur
1066 1589 1098 1649 et
1136 1605 1172 1650 er
1200 1587 1275 1669 ipsis
1301 1586 1440 1667 reliquiis

216 1691 359 1766 elecem),
393 1705 495 1770 pauca
530 1687 761 1769 praemittenda
791 1690 874 1750 sunt.
932 1687 1079 1752 Cicerone
1109 1692 1234 1752 auctore
1258 1689 1346 1752 ‘acta'
1368 1707 1441 1752 con·

216 1793 360 1856 tinebant
382 1791 487 1854 omnia
510 1794 638 1853 senatus
662 1789 818 1862 consulta,
849 1789 965 1863 emota,
988 1788 1127 1863 fabulas,
1161 1809 1311 1867 rumores
1344 1809 1438 1872 quam

217 1895 348 1976 quisque
377 1894 567 1958 sententiam
595 1892 738 1965 dixisset,
772 1891 918 1955 ludorum
947 1891 1140 1974 explosiones
1171 1894 1204 1955 et
1237 1894 1381 1958 funerum
1409 1897 1440 1958 et

216 1998 404 2080 ineptiarum
438 1997 542 2078 plura,
577 1994 711 2075 denique
736 2013 942 2075 quaecunque
965 1995 996 2056 in
1020 2013 1052 2057 rc
1075 1994 1201 2076 publica
1224 1996 1397 2077 agebantur
1406 1999 1439 2072 I).

216 2100 299 2163 Num
328 2101 409 2162 inter
432 2098 691 2162 ‘commentarios'
721 2098 789 2160 illos
816 2097 966 2179 privatos,
990 2115 1067 2177 qnos
1090 2095 1198 2161 Cicero
1221 2097 1310 2162 affert
1333 2100 1365 2178 (l.
1388 2101 1439 2178 c),

216 2209 248 2265 et
270 2207 352 2266 ‘actu
363 2201 478 2284 populi'
497 2201 575 2264 nihil
599 2199 662 2263 fere
679 2199 867 2264 discriminis
883 2217 951 2262 esse
967 2199 1190 2280 Hueonerusq
1205 2201 1439 2266 demonstravit.

303 2311 347 2368 Ac
370 2304 507 2386 primum
531 2303 659 2384 quidem
690 2321 727 2366 cr
750 2302 911 2366 ‘actorum'
936 2302 1076 2382 reliquiis
1104 2306 1136 2365 et
1163 2303 1246 2385 opud
1269 2305 1439 2368 Asconium

217 2411 249 2470 et
273 2407 345 2471 alibi
369 2407 500 2470 servetis
523 2408 654 2488 apparet
683 2405 738 2468 illa
767 2423 870 2468 merus
901 2423 1007 2467 rerum
1030 2408 1124 2485 atque
1154 2405 1330 2470 orationum
1360 2408 1440 2472 rela-

217 2512 316 2574 tiones
338 2510 532 2584 exhibuisse,
569 2509 648 2571 nihil
672 2527 743 2571 vero
766 2507 882 2589 proprii
908 2505 1015 2570 iudicii
1044 2507 1110 2570 cius
1139 2508 1203 2570 sivo
1227 2527 1351 2584 eorum,
1386 2512 1439 2591 qui

217 2613 593 2695 ‘ucto‘componebm1t²i,
616 2611 759 2674 additum
787 2610 945 2684 babuisse,
969 2609 1051 2672 unde
1080 2611 1173 2674 certis
1195 2609 1310 2675 linibus
1334 2613 1440 2676 termi-

216 2722 340 2789 nantur,
364 2735 444 2796 quac
473 2733 508 2778 ex
531 2715 664 2778 Asconio
688 2714 783 2777 ‘actis'
809 2713 945 2777 tribucre
973 2713 1047 2775 ltcet
1069 2717 1101 2776 et
1124 2718 1254 2795 oportet.
1310 2715 1439 2778 Accedit

217 2819 369 2880 alterum:
394 2822 497 2880 certae
526 2817 646 2880 scilicet
673 2816 832 2880 ‘actorum'
860 2813 1010 2895 reliquiae
1038 2834 1148 2879 omnes
1177 2818 1339 2880 continent
1373 2817 1438 2882 dies

218 2919 403 2982 indIciorum
427 2923 469 3000 (p.
496 2920 544 2991 Ii,
568 2919 601 2998 2)
630 2920 693 2982 sive
717 2918 899 2981 contionum
922 2923 964 2999 lp.
988 2918 1039 2994 41,
1067 2920 1120 2992 14;
1150 2919 1203 2993 43,
1227 2919 1279 3000 19)
1303 2919 1368 2983 sive
1391 2939 1439 2984 se·
1504 2911 1511 2926 ⁶

217 3023 311 3084 natus
334 3021 549 3084 consultorum
580 3038 621 3102 (p.
658 3021 713 3095 39,
744 3023 777 3099 5)
813 3019 877 3082 sive
912 3020 1043 3082 aliarum
1078 3039 1183 3084 rerum
1218 3026 1259 3104 (p.
1293 3023 1344 3098 27,
1374 3024 1437 3102 12),

218 3123 328 3186 deinde
357 3123 484 3186 nomina
513 3124 691 3198 hominum,
726 3123 779 3204 qui
812 3121 842 3184 in
874 3122 1002 3202 agendis
1032 3122 1125 3185 rebus
1148 3124 1281 3204 pubIIcis
1304 3124 1438 3190 alicuius

216 3227 368 3290 momenti
391 3231 499 3293 crant.
534 3227 630 3289 veluti
653 3225 830 3300 Damionis,
858 3223 956 3288 Clodii
980 3225 1084 3288 liberti
1108 3229 1148 3308 lp.
1172 3228 1223 3302 41,
1248 3229 1296 3288 12.
1322 3228 1376 3310 13)
1407 3234 1439 3290 et

218 3331 376 3392 oratorum
406 3327 460 3408 qui
488 3328 519 3390 in
548 3328 690 3392 contione
714 3327 898 3390 exstiterant
925 3331 965 3409 (p.
990 3329 1040 3402 39,
1064 3329 1098 3400 83
1126 3330 1177 3404 41,
1203 3331 1270 3403 15),
1305 3330 1437 3412 denique

218 3435 322 3514 partes
355 3431 532 3494 orationum
564 3432 705 3513 ipsarum
737 3430 928 3493 adverbum
952 3429 1123 3512 descriptas
1154 3439 1194 3513 (p.
1219 3433 1269 3504 39,
1302 3433 1341 3494 16
1364 3451 1436 3514 sqq;

216 3537 266 3610 41,
298 3535 335 3595 ll
353 3535 445 3614 sqq).
501 3533 570 3598 Iam
594 3552 664 3596 vcro
688 3551 761 3596 cum
784 3535 1032 3596 consentaneum
1069 3533 1110 3596 sIt
1144 3535 1312 3598 relationes
1346 3535 1437 3598 modo

218 3637 343 3710 allatas,
383 3637 495 3719 quippe
530 3653 609 3717 quae
644 3636 683 3699 ad
713 3654 763 3699 res
797 3636 936 3698 minutas
968 3641 1111 3718 spectent
1147 3643 1178 3701 et
1205 3637 1337 3702 lusiores
1375 3638 1438 3701 sint

217 3757 312 3820 quam
334 3759 389 3822 pro
404 3757 509 3802 rerum
526 3740 678 3819 gravitate
694 3758 751 3821 par
767 3738 868 3812 luerit,
891 3737 924 3800 111
941 3739 1107 3803 annalibus
1125 3759 1193 3804 esse
1210 3759 1272 3803 nou
1288 3740 1436 3821 potuisse,

287 4009 306 4065 ¹)
326 4005 370 4060 De
386 4008 492 4063 diurnis
512 4009 702 4064 Rornanorum
722 4009 790 4064 actis
808 4008 927 4078 (Vimar.
948 4010 1026 4069 1840)
1045 4027 1071 4079 p.
1091 4011 1108 4063 3
1126 4027 1165 4080 sq.

285 4093 305 4156 ¹)
324 4093 400 4147 ern
428 4094 574 4161 Huebncr‚
601 4095 635 4150 do
658 4103 770 4150 senatus
797 4095 947 4166 populique
973 4093 1092 4148 Romani
1119 4095 1187 4149 actis
1211 4097 1313 4161 (annal.
1341 4097 1434 4166 philol.

216 4176 351 4247 supplem.
371 4179 428 4246 ΙΙΙ)
447 4198 473 4251 p.
491 4183 542 4237 562
560 4199 600 4251 sq.

285 4265 306 4330 ⁸)
324 4265 358 4318 cf.
377 4265 408 4320 Ε.
428 4267 562 4322 Huebner
579 4267 597 4320 l.
615 4283 637 4321 c.
657 4285 682 4337 p.
700 4267 844 4323 566-569.

285 4355 308 4408 ‘l
327 4350 358 4403 E.
379 4351 513 4406 Huebnor
531 4353 548 4406 l.
566 4371 589 4407 c.
608 4371 634 4423 p.
652 4355 703 4408 596
721 4370 794 4423 sqq;
812 4371 837 4422 p.
857 4355 915 4408 619.

285 4439 306 4489 ὃ1
326 4437 380 4491 Cic.
394 4437 429 4491 ad
442 4437 507 4491 sam.
521 4438 597 4492 VIII
617 4443 640 4504 1,
660 4441 682 4492 l.
701 4441 730 4502 2;
750 4442 791 4504 11,
809 4441 838 4503 4)
858 4440 918 4494 XII
937 4441 980 4502 28,
999 4444 1028 4505 3;
1047 4441 1081 4494 cs.
1102 4439 1236 4494 Huebner
1254 4440 1271 4494 l.
1289 4457 1312 4494 c.
1332 4459 1357 4511 p.
1377 4441 1436 4494 595.

286 4526 309 4586 ⁸)
328 4521 346 4576 L
368 4540 390 4576 c.
413 4542 439 4594 p.
467 4527 525 4580 596.
561 4524 705 4578 Praeterea
727 4526 760 4579 cs.
780 4524 824 4578 W.
844 4529 878 4580 A.
896 4525 1036 4591 Schmidt,
1060 4526 1110 4580 das
1129 4526 1437 4596 Stuatszeitungswesen

215 4606 264 4660 der
283 4607 392 4663 Roerner
409 4609 551 4677 (zeitschr.
570 4611 587 4664 f.
606 4611 914 4666 GeschIchtswissenecb
942 4612 954 4664 I
976 4613 1053 4674 1844)
1072 4629 1099 4682 p.
1116 4613 1176 4667 321.
1193 4613 1253 4668 326.

287 4700 307 4762 ²)
327 4698 360 4750 el.
384 4695 511 4752 Schmidt
529 4699 545 4751 l.
564 4715 586 4752 c.
605 4714 631 4766 p.
650 4699 714 4762 323;
735 4697 773 4750 H.
793 4697 881 4762 Peter,
899 4699 943 4751 die
961 4697 1079 4764 Quellen
1100 4697 1244 4752 Plutarcho
1263 4717 1289 4770 p.
1307 4701 1350 4752 42.
