3514 5244
938 421 962 482 2

334 613 546 697 matrimonio,
570 613 611 681 de
633 614 804 681 immatura
827 623 929 681 morto
954 623 986 680 et
1012 635 1119 700 pauca
1148 635 1188 680 ex
1214 614 1256 680 iis
1284 613 1467 696 fragmenta
1498 634 1569 680 ser-

333 727 504 805 vaverunt,
547 722 710 787 orationes
747 729 867 806 tamen,
914 721 1030 806 quibus
1067 723 1122 787 ille
1168 720 1257 806 apud
1298 720 1453 804 aequales
1498 741 1569 786 non

333 827 488 892 minorem
511 827 631 892 lamam
646 848 743 910 quam
766 827 992 913 philosophiae
1015 829 1106 894 libris
1125 826 1265 912 adeptus
1285 835 1356 892 erat
1369 834 1401 892 et
1416 828 1567 892 carmina

336 934 469 1018 minora,
493 935 569 1016 quia
592 934 739 999 nimirum
763 934 842 999 nihil
865 935 899 998 in
922 934 963 1000 iis
986 934 1117 1018 inesset,
1142 933 1229 1018 quod
1252 933 1296 998 ad
1323 953 1428 1000 mores
1456 954 1568 1000 emen-

335 1040 462 1108 dandos
486 1047 657 1125 spectaret,
680 1041 746 1106 illis
771 1042 966 1126 temporibus
990 1041 1139 1107 videntur
1161 1041 1307 1125 periisse.

423 1147 458 1212 id
481 1167 557 1212 vero
582 1155 709 1233 patrum
743 1148 1036 1214 ecclesiasticorum
1068 1147 1220 1214 laudibus
1254 1147 1403 1213 effectum
1435 1155 1493 1230 cst,
1526 1156 1566 1213 ut

335 1253 561 1339 philosophiae
593 1254 744 1320 librorum
777 1275 895 1337 magua
919 1275 996 1340 pars
1019 1254 1135 1337 medio,
1159 1254 1246 1339 quod
1275 1254 1384 1320 dicere
1408 1245 1564 1338 solemus,

335 1381 417 1426 aevo
442 1369 474 1427 et
497 1362 659 1446 legeretur
677 1363 811 1427 multum
835 1370 867 1427 et
891 1362 1134 1428 describeretur.
1181 1382 1255 1426 mox
1282 1371 1390 1426 tamen
1414 1381 1454 1426 ea
1477 1381 1567 1444 quae

336 1476 526 1552 supererant
562 1469 685 1553 scripta
716 1490 833 1534 norum
865 1468 1090 1535 detrimentum
1123 1475 1286 1554 ceperunt.
1336 1469 1442 1551 magis
1475 1469 1565 1533 enim

333 1574 503 1659 magisque
536 1583 632 1641 aucta
663 1574 770 1639 Latini
804 1576 960 1642 sermonis
1001 1575 1163 1660 imperitia
1192 1576 1376 1640 existebant
1412 1574 1561 1640 homiues

285 1743 288 1754 ,
334 1682 500 1748 commodo
533 1683 709 1766 legentium
742 1684 928 1767 servientes,
961 1683 1016 1767 qui
1054 1690 1111 1746 aut
1147 1683 1326 1748 sententias
1353 1680 1441 1764 illas,
1474 1702 1560 1765 quas

335 1789 460 1854 Seneca
482 1796 637 1872 tanquam
659 1789 781 1854 lumina
809 1789 946 1854 orationi
975 1810 1055 1855 suae
1082 1789 1271 1872 inseruerat
1300 1809 1340 1854 ex
1363 1789 1463 1854 variis
1487 1790 1561 1854 eius

335 1895 465 1980 scriptis
492 1903 702 1981 excerperent
725 1903 782 1961 aut
806 1897 952 1979 singulos
976 1895 1076 1961 libros
1100 1903 1229 1962 servato
1254 1895 1484 1980 disputationis
1511 1915 1563 1959 or-

334 2001 409 2067 dino
442 2003 475 2067 in
503 2009 677 2086 angustum
709 2002 943 2068 contraherent.
990 2023 1089 2086 quare
1117 2001 1237 2068 factum
1270 2009 1329 2086 est,
1362 2009 1397 2066 ut
1433 2003 1563 2084 integer

334 2109 485 2192 dialogus
523 2108 563 2174 de
600 2109 752 2175 remediis
792 2109 993 2174 fortuitorum
1030 2117 1063 2175 et
1101 2109 1130 2174 is
1166 2109 1265 2192 liber,
1303 2129 1365 2192 quo
1403 2109 1564 2174 Martinus

333 2215 520 2282 Dumiensis
543 2216 674 2282 saeculo
699 2223 791 2282 sexto
816 2217 847 2280 iu
871 2215 1094 2301 componenda
1120 2219 1273 2302 furcardo,
1296 2218 1445 2283 honestae
1473 2221 1561 2281 vitae

334 2343 413 2389 usus
446 2330 528 2406 erat,
564 2323 715 2408 perirent.
762 2330 952 2408 supererant
984 2331 1092 2388 tammr
1121 2331 1153 2389 et
1185 2322 1450 2389 describebantur
1488 2323 1565 2387 libri

335 2429 479 2513 quidam,
503 2449 637 2512 quorum
660 2429 756 2496 hodie
783 2437 914 2514 praeter
941 2430 1124 2514 fragmenta
1151 2429 1303 2494 Palatina
1330 2430 1489 2514 rescripta
1520 2428 1564 2494 de

283 2585 286 2594 .
334 2537 478 2602 amicitia
503 2544 534 2602 et
558 2535 599 2601 de
621 2536 689 2601 vite
713 2537 817 2622 patris
841 2537 944 2602 omnis
967 2537 1122 2603 memoria
1146 2537 1286 2602 evanuit.

424 2663 464 2708 ac
478 2663 518 2708 nc
531 2643 633 2710 turbis
648 2643 777 2726 quidem
793 2651 825 2708 et
834 2643 984 2709 barbarie
995 2643 1118 2710 saeculi
1129 2643 1259 2728 septimi
1268 2650 1326 2709 aut
1335 2643 1442 2708 octavi
1453 2643 1563 2709 studia

333 2751 486 2815 librorum
505 2749 651 2816 Senecae
670 2770 828 2836 oppressa
851 2770 924 2816 esse
944 2758 1073 2816 constat
1090 2771 1130 2815 ex
1149 2750 1307 2816 chronicis
1333 2749 1565 2816 Catinensibus

336 2859 561 2936 (Monumeota
572 2859 765 2924 Germaniae
775 2861 940 2941 historica,
956 2857 1063 2941 script.
1074 2857 1134 2922 VII
1143 2879 1174 2942 p.
1187 2855 1274 2942 746),
1284 2857 1400 2941 quibus
1411 2855 1565 2921 traditum

335 2969 386 3028 est
417 2962 635 3048 Desiderinm,
655 2963 944 3047 Langobardorum
968 2983 1091 3047 regem,
1123 2971 1253 3048 practer
1277 2964 1361 3029 alios
1386 2963 1563 3048 scriptores

334 3069 470 3135 Latinos
487 3073 638 3136 Senecam
661 3070 694 3134 in
716 3070 773 3135 illo
801 3071 997 3136 monasterio
1022 3069 1161 3135 describi
1183 3067 1369 3156 iussisse.²)2
1390 3078 1563 3154 praeterea

334 3176 490 3242 habemus
505 3177 701 3242 etiamnunc
715 3176 829 3242 eodem
844 3177 974 3243 sacculo
990 3184 1158 3242 exaratum
1172 3177 1326 3243 librorum
1340 3176 1381 3243 de
1397 3176 1566 3244 beneficiis

336 3290 369 3348 et
391 3283 433 3347 de
456 3282 626 3348 clementia
644 3284 788 3350 codicem
802 3283 1060 3370 Nazarianum.³)
1090 3304 1130 3349 ex
1145 3284 1265 3350 talibus
1280 3285 1379 3368 igitur
1395 3283 1563 3350 codicibus

335 3397 547 3455 manaverunt
571 3391 781 3476 epistularum
810 3390 927 3476 prioris
958 3389 999 3478 et]
1021 3391 1211 3476 posterioris
1234 3391 1405 3458 voluminis
1430 3379 1470 3457 et'
1495 3390 1566 3455 dia-

335 3496 482 3580 logorum
505 3497 591 3583 libri,
624 3499 678 3582 qui
711 3499 852 3564 saeculis
885 3518 979 3582 nono,
1012 3497 1147 3583 decimo,
1180 3497 1349 3564 undecimo
1384 3499 1495 3583 scripti
1531 3498 1567 3563 in

335 3604 541 3672 bibliothecis
577 3605 740 3690 Parisina,
778 3605 1024 3690 Bambergensi,
1066 3605 1300 3690 Laurentiana,
1348 3605 1565 3670 ambrosiana

336 3718 552 3777 asservantur.
599 3711 745 3778 eiusdem
759 3712 879 3778 aetatis
903 3720 977 3778 sunt
992 3711 1134 3796 catalogi
1157 3712 1277 3778 vetusti
1296 3712 1567 3779 bibliothecarum

335 3818 523 3885 monasterii
555 3818 857 3904 Laureshamcnsis,
895 3818 1133 3904 Sangallensis,
1171 3819 1397 3904 Pomposiani,
1437 3818 1564 3885 Schaff-

336 3924 466 3990 husiaui
498 3925 773 4013 (Allerheiligen),
806 3927 908 4010 quinti
941 3926 1110 3993 cuiusdam
1141 3926 1258 4011 ignoti,
1291 3928 1324 3992 in
1356 3927 1472 4012 quihus
1505 3925 1561 4009 qui

337 4041 564 4098 enumerantur
595 4032 724 4099 codices
756 4034 926 4099 Annaeani
958 4055 1068 4100 omnes
1100 4032 1167 4099 fere
1200 4033 1350 4101 videntur
1382 4033 1563 4119 periisse⁴).

336 4145 507 4224 praeterea
531 4140 661 4206 saeculo
681 4140 805 4206 decimo
829 4141 1010 4226 Ratherius,
1039 4141 1212 4226 episcopus
1239 4141 1435 4208 Veronensis
1460 4139 1567 4206 erudi-

429 4281 449 4348 ’)
468 4300 494 4336 v.
522 4283 682 4350 catalogum
709 4283 870 4338 monasterii
898 4282 1052 4338 Oasinensis
1080 4283 1182 4337 saeculi
1214 4283 1266 4338 XII
1290 4282 1373 4353 {apud
1401 4283 1434 4338 G.
1462 4283 1566 4338 Becher

340 4373 465 4440 Caiaiopi
484 4373 702 4427 bibliothecarum
720 4377 837 4442 antiqui,
856 4373 968 4428 Bonnae
994 4373 1062 4427 1885
1083 4391 1123 4425 nr.
1148 4373 1204 4438 119,
1228 4373 1259 4427 18
1287 4375 1412 4428 Senecam
1436 4376 1566 4442 magistri

338 4465 428 4528 amici,
448 4479 525 4531 quem
543 4463 651 4516 abemus
660 4480 715 4532 pro
729 4465 792 4518 aiio.
821 4463 920 4518 &neca
935 4465 1096 4518 monasterii
1112 4466 1143 4518 in
1158 4467 1274 4532 pignore
1294 4467 1317 4530 I,
1336 4463 1447 4518 ibid.12
1466 4464 1566 4517 Seneca

337 4553 369 4604 de
386 4553 520 4619 beneficiis
539 4552 563 4605 Ῑ.

428 4637 449 4708 ⁸)
466 4658 493 4695 u.
513 4639 586 4694 infra
604 4658 630 4710 p.
652 4641 694 4694 14.

429 4729 449 4794 ⁸)
469 4729 502 4784 G.
512 4729 616 4784 Becker
629 4747 669 4784 nr.
683 4731 723 4794 15,
735 4731 800 4794 321;
820 4729 885 4794 3833
905 4731 947 4794 23,
965 4733 1010 4796 19;
1032 4731 1074 4794 37,
1089 4729 1153 4795 381;
1174 4730 1238 4795 aaa
1259 4731 1322 4795 389;
1343 4731 1384 4792 69,
1401 4731 1447 4795 94;
1468 4733 1510 4794 70,
1521 4731 1565 4784 26.
