3546 5236
315 572 375 640 sed
404 573 498 658 plura
527 573 625 638 etiam
652 571 825 639 formarum
853 578 1054 638 vetustarum
1082 570 1231 656 exempla
1254 571 1287 635 in
1311 569 1457 635 Senecae

226 681 316 747 libris
344 681 555 766 reperiuntur,
581 699 663 763 quas
692 699 763 746 cum
792 686 926 745 cunctas
950 678 1003 744 bic
1026 678 1179 761 colligere
1203 678 1235 741 in
1260 677 1367 741 animo
1390 697 1455 742 non

226 787 276 870 sit,
306 787 447 853 breuiter
479 793 604 852 tantum
636 785 805 870 attingam.
854 787 901 851 sic
933 784 1057 868 aliquot
1089 784 1170 850 locis
1204 792 1335 850 serrata
1369 791 1455 850 sunt:

224 897 331 976 coitus,
347 897 462 976 colcos,
477 897 590 976 aalma,
605 892 765 974 sauoa’⁷),
781 891 961 976 comona'l),
976 891 1163 972 vorticea²⁹),
1183 893 1303 971 mavolt,
1324 889 1456 956 similia·

225 1001 351 1084 que³⁰);
380 1001 459 1066 alibi
486 1001 649 1084 leguntur:
683 1009 803 1083 motos,
837 1001 981 1080 maana,
1016 1001 1207 1080 lbenoaaras,
1239 996 1456 1080 mdaaterfl),

226 1108 365 1192 denique
384 1111 495 1192 pluras,
520 1111 629 1189 omnio,
653 1111 763 1174 abactis
786 1105 886 1192 (acc.)
910 1106 1062 1190 taliaque.

315 1321 419 1388 simile
452 1330 502 1387 cst
534 1321 619 1404 quod
653 1321 741 1386 baud
772 1341 845 1386 raro
878 1318 1001 1386 formae
1029 1339 1093 1384 non
1120 1318 1323 1384 assimilatae
1351 1316 1455 1384 velut:

225 1430 351 1510 eoaiipo,
380 1431 498 1513 adpeto,
530 1430 640 1512 inpelle
668 1436 840 1512 apparent,
878 1446 949 1492 cum
982 1435 1090 1492 tamen
1122 1426 1221 1491 etiam
1254 1425 1456 1492 assimilatae

226 1535 441 1601 inveniantur.
479 1555 544 1618 qua
568 1533 609 1602 de
633 1555 668 1600 re
692 1534 748 1600 alii
772 1533 915 1599 editores
939 1533 1034 1598 aliter
1057 1532 1248 1598 iudicarunt
1285 1551 1360 1597 nam
1383 1552 1455 1598 cum

225 1649 361 1726 veteres,
385 1643 554 1708 Erasmnm
571 1641 653 1725 dico,
676 1641 843 1722 Muretum,
868 1640 1047 1722 Gruterum,
1071 1639 1226 1724 Lipsium,
1250 1638 1455 1722 Gronovium,

226 1758 260 1815 ut
274 1769 343 1815 mos
359 1757 429 1815 erat
444 1749 571 1813 illorum
586 1747 796 1831 saeculorum,
810 1748 893 1814 baec
905 1767 1019 1832 pamm
1034 1754 1212 1829 curassent,
1227 1743 1455 1830 Fickertus³'),

225 1857 279 1940 qui
303 1857 425 1942 primus
449 1855 624 1939 codicibus,
653 1861 806 1938 quantum
831 1861 967 1939 poterat,
995 1855 1050 1920 via
1078 1874 1117 1919 ac
1146 1854 1272 1919 ratione
1294 1872 1373 1918 usus
1397 1861 1456 1936 est,

224 1983 288 2028 non
316 1962 420 2029 solum
448 1982 488 2028 ea
513 1945 605 2044 'quae
638 1963 671 2026 in
698 1962 739 2026 iis
768 1961 936 2028 invenerat
963 1961 1098 2046 recepit,
1129 1958 1186 2026 sed
1211 1957 1456 2042 aequabilitatis

225 2069 332 2134 studio
361 2069 477 2135 ductus
505 2069 624 2152 ubique
653 2069 929 2154 praepositionum
954 2069 1074 2134 formas
1097 2087 1161 2132 non
1186 2065 1455 2149 colliquescentes

225 2177 344 2260 posuit.
383 2176 467 2240 bunc
489 2177 537 2240 ita
561 2176 662 2242 secuti
687 2183 762 2241 sunt
776 2175 918 2241 Haasius
942 2174 1020 2253 (vol.
1036 2175 1066 2238 Il
1089 2196 1120 2258 p.
1136 2175 1172 2258 V,
1195 2174 1257 2239 vol.
1272 2173 1320 2237 Ill
1336 2194 1366 2257 p.
1380 2170 1454 2252 XV)

316 2423 351 2492 ²²)
369 2427 421 2481 hoc
440 2426 472 2480 de
490 2424 579 2480 benef.
599 2425 639 2479 Ill
663 2427 699 2490 19,
720 2427 736 2478 ¹2
760 2443 809 2495 pro
827 2443 919 2480 servus
938 2425 967 2479 in
986 2425 1013 2478 N
1032 2425 1166 2493 scriptum
1184 2429 1234 2488 est,
1259 2423 1307 2478 scd
1325 2427 1421 2492 postea
1438 2439 1456 2476 a

224 2517 312 2586 primo
326 2519 476 2570 correctore
490 2516 519 2570 in
533 2516 676 2584 vulgarem
690 2515 807 2568 formam
821 2519 971 2569 mutatum.
993 2531 1048 2568 non
1061 2517 1230 2568 memoratur
1242 2511 1456 2581 haecscriptnra

226 2605 256 2660 in
275 2605 425 2674 exemplari
444 2605 599 2660 Gertaiano.

318 2710 354 2778 ¹⁸)
375 2731 399 2766 v.
420 2712 576 2766 Windhaus
596 2711 613 2766 l.
633 2729 655 2766 o.
675 2730 701 2780 p.
717 2713 760 2765 28.

317 2816 351 2886 ²⁹)
370 2837 396 2872 v.
416 2836 487 2886 quoe
507 2819 685 2873 adnotatione
706 2821 738 2872 19
757 2819 823 2874 dixi.

315 2923 351 2992 ³⁰)
370 2944 412 2995 ep.
437 2944 503 2980 mor.
528 2926 577 2980 XX
602 2926 626 2990 ‘l,
647 2926 681 2979 16
703 2944 782 2996 quos
805 2944 860 2980 non
883 2927 913 2980 in
936 2944 1028 2994 equus,
1050 2927 1098 2982 sed
1121 2927 1151 2980 in
1168 2943 1267 2995 equos
1290 2923 1456 2980 mutandum

224 3031 281 3068 esse
296 3012 421 3068 arbitror.
447 3014 538 3082 plures
552 3013 673 3067 eiusdem
684 3014 792 3084 generis
806 3014 910 3068 formae
924 3032 1008 3082 quam
1022 3015 1051 3068 in
1062 3015 1180 3069 &nacae
1194 3013 1331 3069 codicibus
1345 3015 1457 3068 exstant

223 3105 403 3156 servaverunt
425 3101 559 3164 Frontini‚
583 3102 722 3171 scriptoris
745 3102 848 3157 Seneca
871 3106 963 3157 aetate
987 3103 1131 3168 inferioris,
1156 3103 1219 3157 libri
1242 3121 1327 3156 manu
1350 3101 1455 3170 scripti,

224 3195 360 3259 qnantum
384 3191 496 3260 quidem
519 3209 552 3246 ex
576 3191 691 3245 duorum
715 3191 839 3260 capitum
864 3192 928 3246 libri
951 3193 1045 3260 quarti
1064 3191 1220 3246 recensione
1245 3193 1312 3246 ali.
1333 3190 1455 3246 Gunder·

223 3298 325 3335 manno
344 3281 571 3335 commentationi
590 3299 655 3336 suae
681 3285 719 3335 De
738 3285 795 3336 lali
814 3283 944 3336 Frontini
962 3290 1170 3350 atratepematoa
1189 3284 1266 3343 libro,
1290 3284 1338 3348 pai
1356 3281 1455 3348 fertur,

224 3379 321 3438 quarto
341 3371 590 3436 (Gomrueatotioaes
607 3373 762 3440 philolopae
781 3374 907 3426 Ieamaes
925 3372 978 3425 vol.
998 3372 1020 3435 l,
1042 3370 1151 3440 Lipsiae
1171 3371 1250 3436 1881)
1273 3370 1378 3424 inserta
1396 3385 1454 3438 per·

225 3459 348 3530 spicitur.

316 3565 351 3633 ³¹)
370 3568 535 3622 vocabulum
554 3586 639 3636 maye,
660 3568 732 3636 qnod
751 3572 809 3623 nat.
825 3571 930 3636 quaest.
945 3568 972 3622 11
982 3569 1052 3631 27,3
1071 3568 1239 3638 optimorum
1254 3566 1377 3622 codicum
1394 3584 1456 3621 con·

223 3673 302 3710 sensu
322 3657 506 3722 confirmatur,
527 3657 573 3710 sed
592 3661 654 3726 post
673 3657 807 3711 Haasium
826 3661 854 3711 ct
874 3657 1027 3726 Hauptium
1048 3659 1143 3724 Opusc.
1161 3657 1188 3711 II
1206 3658 1259 3710 332
1278 3675 1296 3712 a
1315 3655 1456 3725 Madvigii>

223 3745 315 3798 11439
334 3745 497 3800 damnatum
516 3749 565 3810 est,
586 3747 700 3800 fortasse
719 3763 827 3800 servare
846 3746 920 3800 licet.
949 3747 1126 3815 nequeenim
1147 3748 1221 3817 apud
1234 3749 1329 3816 poetas
1344 3748 1456 3800 tantum

223 3835 366 3902 reperitur,
387 3834 433 3889 sed
448 3835 605 3889 Ciceronem
624 3851 733 3903 quoque
752 3853 783 3888 eo
803 3853 882 3888 nsum
902 3853 960 3890 esse
974 3837 1084 3891 Servius
1098 3835 1133 3890 ad
1148 3837 1214 3889 Aen.
1226 3837 1249 3889 X
1260 3837 1310 3889 481
1329 3834 1455 3889 tradidit.

224 3923 292 3990 quain
311 3923 395 3978 etiam
416 3925 518 3978 Seneca
537 3941 578 3993 ep.
598 3941 664 3978 mor.
681 3923 731 3978 XV
745 3925 770 3990 3,
785 3923 819 3977 27
843 3941 909 3978 voce
927 3927 1109 3980 remediabilis
1127 3943 1192 3980 usus
1211 3929 1260 3985 est.
1286 3941 1456 3994 quamquam

223 4011 252 4066 in
277 4012 375 4068 iisdem
394 4013 520 4082 epistulis
539 4014 602 4068 XIX
622 4016 647 4077 5,
667 4015 684 4067 5
709 4014 898 4068 Maecenatem
917 4015 965 4083 qni
984 4019 1198 4070 inremediabilis
1217 4017 1362 4085 scripserat
1380 4014 1455 4067 vitu·

223 4102 339 4170 peravit.
373 4121 438 4157 nam
453 4105 635 4158 remediabilis
649 4121 683 4158 ex
697 4105 870 4158 ernendubilis
885 4108 1045 4173 corruptum
1059 4122 1116 4160 esse
1130 4107 1193 4173 quis
1207 4105 1300 4160 credat
1314 4102 1456 4170 Madvigio

223 4184 260 4248 (ΙΙ
285 4192 336 4245 499
366 4191 488 4255 adnntl‘i
530 4194 643 4247 verbum
670 4197 839 4247 remediandi
862 4211 924 4248 cnm
953 4195 1077 4249 crebrum
1100 4195 1138 4248 sit
1160 4195 1190 4249 in
1213 4195 1348 4250 Scribonii
1372 4196 1456 4264 Largi

223 4281 466 4349 compositionibus
480 4281 751 4346 medicamentorum,
771 4299 853 4351 quem
871 4286 900 4336 et
914 4283 1004 4352 ipsum
1019 4284 1134 4338 Claudio
1148 4284 1304 4353 imperante
1319 4284 1457 4353 scripsisse

223 4373 340 4434 constat,
360 4370 501 4439 proprium
520 4371 652 4425 sermonis
671 4371 838 4426 medicorum
858 4371 934 4426 illius
953 4372 1055 4428 aetatis
1073 4372 1183 4428 ridetur
1200 4373 1290 4428 luisse.
1324 4373 1456 4428 vocabulo

221 4461 439 4514 inremediabilis
457 4461 543 4514 etiam
562 4460 669 4514 Plinius
688 4465 745 4515 nat.
767 4461 831 4515 hist.
851 4461 928 4516 XXV
950 4463 1000 4516 152
1019 4479 1083 4516 usus
1102 4466 1151 4516 est.

314 4565 350 4634 ³¹)
369 4567 526 4637 praeiverat
544 4567 641 4622 eiiam
656 4567 931 4638 Schweighaeuserns
946 4570 975 4624 in
990 4571 1173 4640 epistularum
1186 4571 1307 4626 editione
1322 4574 1455 4641 Argento-

223 4655 277 4708 rati
298 4673 322 4710 a.
345 4658 415 4711 1809
434 4657 534 4712 emissa
552 4656 605 4710 vol.
625 4657 651 4710 ll
670 4675 696 4726 p.
717 4659 823 4726 bblsq,
848 4675 1017 4727 quamquain
1040 4677 1096 4714 non
1119 4677 1228 4730 prorsus
1251 4661 1303 4714 sibi
1322 4661 1456 4716 constitit.
