<?xml version="1.0" encoding="UTF-8"?>
<!DOCTYPE html PUBLIC "-//W3C//DTD XHTML 1.0 Transitional//EN"
    "http://www.w3.org/TR/xhtml1/DTD/xhtml1-transitional.dtd">
<html xmlns="http://www.w3.org/1999/xhtml" xml:lang="en" lang="en">
 <head>
  <title>
</title>
<meta http-equiv="Content-Type" content="text/html;charset=utf-8" />
  <meta name='ocr-system' content='tesseract 3.04.00' />
  <meta name='ocr-capabilities' content='ocr_page ocr_carea ocr_par ocr_line ocrx_word'/>
</head>
<body>
  <div class='ocr_page' id='page_1' title='image "./destoicorumstud00strigoog_0798.png"; bbox 0 0 3546 5236; ppageno 0'>
   <div class='ocr_carea' id='block_1_1' title="bbox 809 416 853 482">
    <p class='ocr_par' dir='ltr' id='par_1_1' title="bbox 809 416 853 482">
     <span class='ocr_line' id='line_1_1' title="bbox 809 416 853 482; baseline 0 0"><span class='ocrx_word' id='word_1_1' title='bbox 809 416 853 482; x_wconf 83' lang='grc'>96</span> 
     </span>
    </p>
   </div>
   <div class='ocr_carea' id='block_1_2' title="bbox 213 608 1450 2599">
    <p class='ocr_par' dir='ltr' id='par_1_2' title="bbox 213 608 1446 912">
     <span class='ocr_line' id='line_1_2' title="bbox 214 608 1445 702; baseline -0.01 -20"><span class='ocrx_word' id='word_1_2' title='bbox 214 618 326 682; x_wconf 86' lang='lat' dir='ltr'>obruto</span> <span class='ocrx_word' id='word_1_3' title='bbox 349 611 382 702; x_wconf 77' lang='lat' dir='ltr'>Pt</span> <span class='ocrx_word' id='word_1_4' title='bbox 407 622 544 680; x_wconf 81' lang='lat' dir='ltr'>ruentem</span> <span class='ocrx_word' id='word_1_5' title='bbox 567 633 628 680; x_wconf 92' lang='lat' dir='ltr'>om.</span> <span class='ocrx_word' id='word_1_6' title='bbox 649 609 684 698; x_wconf 73' lang='lat' dir='ltr'>ut</span> <span class='ocrx_word' id='word_1_7' title='bbox 713 613 756 678; x_wconf 82' lang='lat'>36</span> <span class='ocrx_word' id='word_1_8' title='bbox 780 619 972 695; x_wconf 74' lang='lat' dir='ltr'><em>contempnat</em></span> <span class='ocrx_word' id='word_1_9' title='bbox 994 612 1149 692; x_wconf 81' lang='lat' dir='ltr'>iptmuiom</span> <span class='ocrx_word' id='word_1_10' title='bbox 1173 608 1198 671; x_wconf 95' lang='lat' dir='ltr'>P</span> <span class='ocrx_word' id='word_1_11' title='bbox 1223 609 1337 694; x_wconf 82' lang='lat' dir='ltr'>pooiet</span> <span class='ocrx_word' id='word_1_12' title='bbox 1361 609 1445 686; x_wconf 73' lang='lat' dir='ltr'>ipim</span> 
     </span>
     <span class='ocr_line' id='line_1_3' title="bbox 213 717 866 810; baseline -0.011 -23"><span class='ocrx_word' id='word_1_13' title='bbox 213 720 356 810; x_wconf 73' lang='grc'><strong>11111111</strong></span> <span class='ocrx_word' id='word_1_14' title='bbox 382 724 422 788; x_wconf 84' lang='grc'>37</span> <span class='ocrx_word' id='word_1_15' title='bbox 448 723 587 808; x_wconf 72' lang='lat' dir='ltr'>Explicit</span> <span class='ocrx_word' id='word_1_16' title='bbox 610 718 802 803; x_wconf 78' lang='lat' dir='ltr'>subscripsit</span> <span class='ocrx_word' id='word_1_17' title='bbox 824 717 866 782; x_wconf 88' lang='grc'>11.</span> 
     </span>
     <span class='ocr_line' id='line_1_4' title="bbox 305 822 1446 912; baseline -0.01 -18"><span class='ocrx_word' id='word_1_18' title='bbox 305 828 400 895; x_wconf 89' lang='lat' dir='ltr'>huius</span> <span class='ocrx_word' id='word_1_19' title='bbox 423 827 523 911; x_wconf 89' lang='lat' dir='ltr'>igitur</span> <span class='ocrx_word' id='word_1_20' title='bbox 546 825 694 912; x_wconf 87' lang='lat' dir='ltr'>opusculi</span> <span class='ocrx_word' id='word_1_21' title='bbox 718 823 892 892; x_wconf 91' lang='lat' dir='ltr'>editionem</span> <span class='ocrx_word' id='word_1_22' title='bbox 916 822 959 888; x_wconf 90' lang='lat' dir='ltr'>ad</span> <span class='ocrx_word' id='word_1_23' title='bbox 978 822 1124 888; x_wconf 90' lang='lat' dir='ltr'>codicum</span> <span class='ocrx_word' id='word_1_24' title='bbox 1139 840 1284 887; x_wconf 88' lang='lat' dir='ltr'>normam</span> <span class='ocrx_word' id='word_1_25' title='bbox 1298 828 1446 884; x_wconf 81' lang='lat' dir='ltr'>exactam</span> 
     </span>
    </p>

    <p class='ocr_par' dir='ltr' id='par_1_3' title="bbox 215 927 1450 2298">
     <span class='ocr_line' id='line_1_5' title="bbox 215 927 1446 1019; baseline -0.009 -18"><span class='ocrx_word' id='word_1_26' title='bbox 215 935 381 1019; x_wconf 88' lang='lat' dir='ltr'>babemus,</span> <span class='ocrx_word' id='word_1_27' title='bbox 417 933 518 1000; x_wconf 90' lang='lat' dir='ltr'>multo</span> <span class='ocrx_word' id='word_1_28' title='bbox 555 933 647 1018; x_wconf 90' lang='lat' dir='ltr'>peior</span> <span class='ocrx_word' id='word_1_29' title='bbox 680 939 730 998; x_wconf 86' lang='lat' dir='ltr'>est</span> <span class='ocrx_word' id='word_1_30' title='bbox 762 930 865 996; x_wconf 84' lang='lat' dir='ltr'><strong>libelli</strong></span> <span class='ocrx_word' id='word_1_31' title='bbox 902 930 947 997; x_wconf 89' lang='lat' dir='ltr'>de</span> <span class='ocrx_word' id='word_1_32' title='bbox 978 928 1162 996; x_wconf 82' lang='lat' dir='ltr'>remediis</span> <span class='ocrx_word' id='word_1_33' title='bbox 1196 927 1446 993; x_wconf 87' lang='lat' dir='ltr'>fortuitorum</span> 
     </span>
     <span class='ocr_line' id='line_1_6' title="bbox 215 1034 1446 1124; baseline -0.008 -16"><span class='ocrx_word' id='word_1_34' title='bbox 215 1042 373 1108; x_wconf 84' lang='lat' dir='ltr'>condicio.</span> <span class='ocrx_word' id='word_1_35' title='bbox 406 1061 509 1124; x_wconf 87' lang='lat' dir='ltr'>quem,</span> <span class='ocrx_word' id='word_1_36' title='bbox 533 1060 605 1105; x_wconf 91' lang='lat' dir='ltr'>cnm</span> <span class='ocrx_word' id='word_1_37' title='bbox 619 1039 763 1104; x_wconf 90' lang='lat' dir='ltr'>Haasius</span> <span class='ocrx_word' id='word_1_38' title='bbox 787 1038 850 1103; x_wconf 93' lang='lat' dir='ltr'>nisi</span> <span class='ocrx_word' id='word_1_39' title='bbox 869 1037 961 1103; x_wconf 91' lang='lat' dir='ltr'>libris</span> <span class='ocrx_word' id='word_1_40' title='bbox 976 1036 1108 1103; x_wconf 87' lang='lat' dir='ltr'>saeculo</span> <span class='ocrx_word' id='word_1_41' title='bbox 1123 1035 1199 1100; x_wconf 86' lang='lat' dir='ltr'>XIV</span> <span class='ocrx_word' id='word_1_42' title='bbox 1214 1034 1446 1101; x_wconf 81' lang='lat' dir='ltr'>recentIoribus</span> 
     </span>
     <span class='ocr_line' id='line_1_7' title="bbox 217 1139 1447 1231; baseline -0.008 -17"><span class='ocrx_word' id='word_1_43' title='bbox 217 1169 296 1215; x_wconf 90' lang='lat' dir='ltr'>usus</span> <span class='ocrx_word' id='word_1_44' title='bbox 320 1169 384 1214; x_wconf 94' lang='lat' dir='ltr'>non</span> <span class='ocrx_word' id='word_1_45' title='bbox 408 1147 462 1231; x_wconf 91' lang='lat' dir='ltr'>sit,</span> <span class='ocrx_word' id='word_1_46' title='bbox 485 1165 605 1231; x_wconf 88' lang='lat' dir='ltr'>operae</span> <span class='ocrx_word' id='word_1_47' title='bbox 628 1145 767 1231; x_wconf 87' lang='lat' dir='ltr'>pretium</span> <span class='ocrx_word' id='word_1_48' title='bbox 790 1143 918 1210; x_wconf 88' lang='lat' dir='ltr'>videtur</span> <span class='ocrx_word' id='word_1_49' title='bbox 938 1163 1011 1210; x_wconf 88' lang='lat' dir='ltr'>esse</span> <span class='ocrx_word' id='word_1_50' title='bbox 1030 1142 1074 1208; x_wconf 93' lang='lat' dir='ltr'>ad</span> <span class='ocrx_word' id='word_1_51' title='bbox 1089 1143 1282 1209; x_wconf 86' lang='lat' dir='ltr'>vetustiores</span> <span class='ocrx_word' id='word_1_52' title='bbox 1297 1139 1447 1206; x_wconf 90' lang='lat' dir='ltr'>emenda-</span> 
     </span>
     <span class='ocr_line' id='line_1_8' title="bbox 218 1245 1450 1340; baseline -0.008 -19"><span class='ocrx_word' id='word_1_53' title='bbox 218 1264 284 1321; x_wconf 92' lang='lat' dir='ltr'>tum</span> <span class='ocrx_word' id='word_1_54' title='bbox 309 1256 362 1320; x_wconf 92' lang='lat' dir='ltr'>hio</span> <span class='ocrx_word' id='word_1_55' title='bbox 385 1273 576 1340; x_wconf 80' lang='lat' dir='ltr'><strong>proponere.</strong></span> <span class='ocrx_word' id='word_1_56' title='bbox 621 1254 793 1318; x_wconf 77' lang='lat' dir='ltr'>additiones</span> <span class='ocrx_word' id='word_1_57' title='bbox 815 1270 892 1316; x_wconf 86' lang='lat' dir='ltr'>vero</span> <span class='ocrx_word' id='word_1_58' title='bbox 915 1251 949 1316; x_wconf 97' lang='lat' dir='ltr'>in</span> <span class='ocrx_word' id='word_1_59' title='bbox 968 1249 1084 1316; x_wconf 86' lang='lat' dir='ltr'>Haasii</span> <span class='ocrx_word' id='word_1_60' title='bbox 1108 1248 1250 1315; x_wconf 87' lang='lat' dir='ltr'>editione</span> <span class='ocrx_word' id='word_1_61' title='bbox 1274 1269 1313 1314; x_wconf 85' lang='lat' dir='ltr'>ex</span> <span class='ocrx_word' id='word_1_62' title='bbox 1337 1245 1450 1312; x_wconf 90' lang='lat' dir='ltr'>eodioe</span> 
     </span>
     <span class='ocr_line' id='line_1_9' title="bbox 215 1354 1447 1446; baseline -0.009 -17"><span class='ocrx_word' id='word_1_63' title='bbox 215 1384 312 1428; x_wconf 91' lang='lat' dir='ltr'>manu</span> <span class='ocrx_word' id='word_1_64' title='bbox 346 1361 466 1446; x_wconf 87' lang='lat' dir='ltr'>scripto</span> <span class='ocrx_word' id='word_1_65' title='bbox 500 1358 749 1426; x_wconf 85' lang='lat' dir='ltr'>Vratislaviensi</span> <span class='ocrx_word' id='word_1_66' title='bbox 785 1357 877 1434; x_wconf 87' lang='lat' dir='ltr'><strong>(bibl.</strong></span> <span class='ocrx_word' id='word_1_67' title='bbox 909 1355 1062 1444; x_wconf 87' lang='lat' dir='ltr'>univers.)</span> <span class='ocrx_word' id='word_1_68' title='bbox 1096 1357 1139 1420; x_wconf 95' lang='lat' dir='ltr'>IV</span> <span class='ocrx_word' id='word_1_69' title='bbox 1169 1354 1263 1431; x_wconf 82' lang='lat' dir='ltr'>Qee</span> <span class='ocrx_word' id='word_1_70' title='bbox 1297 1361 1447 1420; x_wconf 86' lang='lat' dir='ltr'>cartaoeo</span> 
     </span>
     <span class='ocr_line' id='line_1_10' title="bbox 216 1461 1445 1550; baseline -0.009 -14"><span class='ocrx_word' id='word_1_71' title='bbox 216 1470 339 1537; x_wconf 88' lang='lat' dir='ltr'>saeculi</span> <span class='ocrx_word' id='word_1_72' title='bbox 362 1469 423 1534; x_wconf 91' lang='lat' dir='ltr'>XV</span> <span class='ocrx_word' id='word_1_73' title='bbox 452 1475 485 1532; x_wconf 86' lang='lat' dir='ltr'>ct</span> <span class='ocrx_word' id='word_1_74' title='bbox 512 1487 552 1532; x_wconf 87' lang='lat' dir='ltr'>ex</span> <span class='ocrx_word' id='word_1_75' title='bbox 582 1465 723 1532; x_wconf 88' lang='lat' dir='ltr'>editione</span> <span class='ocrx_word' id='word_1_76' title='bbox 747 1463 910 1550; x_wconf 87' lang='lat' dir='ltr'>Lipsiensi</span> <span class='ocrx_word' id='word_1_77' title='bbox 933 1464 1010 1530; x_wconf 91' lang='lat' dir='ltr'>auni</span> <span class='ocrx_word' id='word_1_78' title='bbox 1036 1465 1121 1530; x_wconf 79' lang='grc'><strong>1495</strong></span> <span class='ocrx_word' id='word_1_79' title='bbox 1144 1461 1293 1528; x_wconf 89' lang='lat' dir='ltr'>adiectas</span> <span class='ocrx_word' id='word_1_80' title='bbox 1317 1461 1445 1527; x_wconf 91' lang='lat' dir='ltr'>omnino</span> 
     </span>
     <span class='ocr_line' id='line_1_11' title="bbox 216 1568 1444 1658; baseline -0.01 -16"><span class='ocrx_word' id='word_1_81' title='bbox 216 1577 331 1643; x_wconf 88' lang='lat' dir='ltr'>abieei.</span> <span class='ocrx_word' id='word_1_82' title='bbox 363 1595 445 1658; x_wconf 89' lang='lat' dir='ltr'>quas</span> <span class='ocrx_word' id='word_1_83' title='bbox 468 1595 540 1639; x_wconf 90' lang='lat' dir='ltr'>oum</span> <span class='ocrx_word' id='word_1_84' title='bbox 563 1572 618 1639; x_wconf 87' lang='lat' dir='ltr'>ille</span> <span class='ocrx_word' id='word_1_85' title='bbox 634 1573 697 1636; x_wconf 91' lang='lat' dir='ltr'>iam</span> <span class='ocrx_word' id='word_1_86' title='bbox 712 1572 745 1637; x_wconf 93' lang='lat' dir='ltr'>iu</span> <span class='ocrx_word' id='word_1_87' title='bbox 760 1570 963 1657; x_wconf 87' lang='lat' dir='ltr'>praefatione</span> <span class='ocrx_word' id='word_1_88' title='bbox 978 1569 1130 1636; x_wconf 82' lang='lat' dir='ltr'><strong>editionis</strong></span> <span class='ocrx_word' id='word_1_89' title='bbox 1145 1569 1221 1652; x_wconf 77' lang='lat' dir='ltr'>(vol.</span> <span class='ocrx_word' id='word_1_90' title='bbox 1236 1569 1284 1632; x_wconf 94' lang='lat' dir='ltr'>III</span> <span class='ocrx_word' id='word_1_91' title='bbox 1298 1591 1328 1654; x_wconf 88' lang='lat' dir='ltr'>p.</span> <span class='ocrx_word' id='word_1_92' title='bbox 1338 1568 1444 1646; x_wconf 87' lang='lat' dir='ltr'>XVII)</span> 
     </span>
     <span class='ocr_line' id='line_1_12' title="bbox 215 1677 1447 1766; baseline -0.008 -16"><span class='ocrx_word' id='word_1_93' title='bbox 215 1707 236 1750; x_wconf 92' lang='lat' dir='ltr'>o</span> <span class='ocrx_word' id='word_1_94' title='bbox 258 1687 407 1749; x_wconf 87' lang='lat' dir='ltr'>Petroroo</span> <span class='ocrx_word' id='word_1_95' title='bbox 430 1685 531 1766; x_wconf 81' lang='lat' dir='ltr'>aliqum</span> <span class='ocrx_word' id='word_1_96' title='bbox 554 1683 600 1745; x_wconf 89' lang='lat' dir='ltr'>uel</span> <span class='ocrx_word' id='word_1_97' title='bbox 620 1701 683 1746; x_wconf 83' lang='lat' dir='ltr'>uno</span> <span class='ocrx_word' id='word_1_98' title='bbox 706 1701 745 1743; x_wconf 83' lang='lat' dir='ltr'>en</span> <span class='ocrx_word' id='word_1_99' title='bbox 766 1681 815 1760; x_wconf 82' lang='lat' dir='ltr'>iia,</span> <span class='ocrx_word' id='word_1_100' title='bbox 840 1681 892 1762; x_wconf 76' lang='lat' dir='ltr'>qui</span> <span class='ocrx_word' id='word_1_101' title='bbox 914 1680 1034 1744; x_wconf 76' lang='lat' dir='ltr'>soeculo</span> <span class='ocrx_word' id='word_1_102' title='bbox 1053 1679 1138 1742; x_wconf 84' lang='lat' dir='ltr'>XIV</span> <span class='ocrx_word' id='word_1_103' title='bbox 1157 1685 1211 1742; x_wconf 87' lang='lat' dir='ltr'>aut</span> <span class='ocrx_word' id='word_1_104' title='bbox 1229 1677 1297 1742; x_wconf 87' lang='lat' dir='ltr'>XV</span> <span class='ocrx_word' id='word_1_105' title='bbox 1309 1679 1447 1760; x_wconf 78' lang='lat' dir='ltr'>fuissent</span> 
     </span>
     <span class='ocr_line' id='line_1_13' title="bbox 215 1783 1446 1874; baseline -0.008 -18"><span class='ocrx_word' id='word_1_106' title='bbox 215 1793 390 1871; x_wconf 68' lang='lat' dir='ltr'>doctuuimi,</span> <span class='ocrx_word' id='word_1_107' title='bbox 414 1788 579 1874; x_wconf 88' lang='lat' dir='ltr'>prolectas</span> <span class='ocrx_word' id='word_1_108' title='bbox 603 1807 676 1853; x_wconf 86' lang='lat' dir='ltr'>esse</span> <span class='ocrx_word' id='word_1_109' title='bbox 700 1785 847 1868; x_wconf 85' lang='lat' dir='ltr'>dixisset,</span> <span class='ocrx_word' id='word_1_110' title='bbox 870 1792 987 1870; x_wconf 88' lang='lat' dir='ltr'>postea</span> <span class='ocrx_word' id='word_1_111' title='bbox 1011 1805 1050 1850; x_wconf 86' lang='lat' dir='ltr'>ex</span> <span class='ocrx_word' id='word_1_112' title='bbox 1072 1784 1141 1850; x_wconf 89' lang='lat' dir='ltr'>eius</span> <span class='ocrx_word' id='word_1_113' title='bbox 1158 1783 1239 1848; x_wconf 91' lang='lat' dir='ltr'>libro</span> <span class='ocrx_word' id='word_1_114' title='bbox 1254 1785 1292 1848; x_wconf 84' lang='lat' dir='ltr'>da</span> <span class='ocrx_word' id='word_1_115' title='bbox 1306 1785 1446 1848; x_wconf 69' lang='lat' dir='ltr'>remediis</span> 
     </span>
     <span class='ocr_line' id='line_1_14' title="bbox 215 1891 1446 1982; baseline -0.006 -20"><span class='ocrx_word' id='word_1_116' title='bbox 215 1901 376 1982; x_wconf 69' lang='lat' dir='ltr'>ulmosque</span> <span class='ocrx_word' id='word_1_117' title='bbox 396 1901 556 1980; x_wconf 80' lang='lat' dir='ltr'><em>fortunae,</em></span> <span class='ocrx_word' id='word_1_118' title='bbox 586 1913 681 1976; x_wconf 92' lang='lat' dir='ltr'>quem</span> <span class='ocrx_word' id='word_1_119' title='bbox 708 1892 773 1957; x_wconf 90' lang='lat' dir='ltr'>iarn</span> <span class='ocrx_word' id='word_1_120' title='bbox 802 1891 991 1974; x_wconf 90' lang='lat' dir='ltr'>diligentins</span> <span class='ocrx_word' id='word_1_121' title='bbox 1014 1897 1279 1976; x_wconf 75' lang='lat' dir='ltr'>pertractaverat,</span> <span class='ocrx_word' id='word_1_122' title='bbox 1308 1891 1446 1976; x_wconf 84' lang='lat' dir='ltr'>sparsim</span> 
     </span>
     <span class='ocr_line' id='line_1_15' title="bbox 216 1997 1447 2088; baseline -0.007 -19"><span class='ocrx_word' id='word_1_123' title='bbox 216 2003 389 2088; x_wconf 89' lang='lat' dir='ltr'>decerptas</span> <span class='ocrx_word' id='word_1_124' title='bbox 400 2023 473 2069; x_wconf 87' lang='lat' dir='ltr'>esse</span> <span class='ocrx_word' id='word_1_125' title='bbox 483 2000 650 2086; x_wconf 85' lang='lat' dir='ltr'>perspexit</span> <span class='ocrx_word' id='word_1_126' title='bbox 665 1997 707 2084; x_wconf 85' lang='lat' dir='ltr'>(v.</span> <span class='ocrx_word' id='word_1_127' title='bbox 718 2001 816 2064; x_wconf 82' lang='lat' dir='ltr'>iudea</span> <span class='ocrx_word' id='word_1_128' title='bbox 831 2001 990 2063; x_wconf 80' lang='lat' dir='ltr'>lectionum</span> <span class='ocrx_word' id='word_1_129' title='bbox 1003 1999 1136 2062; x_wconf 81' lang='lat' dir='ltr'>tierneo.</span> <span class='ocrx_word' id='word_1_130' title='bbox 1146 1999 1231 2061; x_wconf 87' lang='grc'><strong>1859</strong></span> <span class='ocrx_word' id='word_1_131' title='bbox 1247 1999 1447 2062; x_wconf 82' lang='lat' dir='ltr'>Vroticlooioe</span> 
     </span>
     <span class='ocr_line' id='line_1_16' title="bbox 216 2103 1446 2193; baseline -0.005 -17"><span class='ocrx_word' id='word_1_132' title='bbox 216 2113 424 2176; x_wconf 66' lang='lat' dir='ltr'>heberitarum</span> <span class='ocrx_word' id='word_1_133' title='bbox 438 2129 469 2193; x_wconf 92' lang='lat' dir='ltr'>p.</span> <span class='ocrx_word' id='word_1_134' title='bbox 486 2107 567 2180; x_wconf 76' lang='lat'><strong>6¹⁶).</strong></span> <span class='ocrx_word' id='word_1_135' title='bbox 604 2104 734 2172; x_wconf 87' lang='lat' dir='ltr'>codices</span> <span class='ocrx_word' id='word_1_136' title='bbox 758 2105 865 2188; x_wconf 90' lang='lat' dir='ltr'>igitur,</span> <span class='ocrx_word' id='word_1_137' title='bbox 889 2105 1004 2188; x_wconf 88' lang='lat' dir='ltr'>quibus</span> <span class='ocrx_word' id='word_1_138' title='bbox 1029 2104 1072 2169; x_wconf 96' lang='lat' dir='ltr'>ad</span> <span class='ocrx_word' id='word_1_139' title='bbox 1096 2103 1328 2170; x_wconf 89' lang='lat' dir='ltr'>recensendum</span> <span class='ocrx_word' id='word_1_140' title='bbox 1352 2125 1446 2189; x_wconf 92' lang='lat' dir='ltr'>opus-</span> 
     </span>
     <span class='ocr_line' id='line_1_17' title="bbox 218 2213 697 2298; baseline -0.013 -16"><span class='ocrx_word' id='word_1_141' title='bbox 218 2217 323 2282; x_wconf 91' lang='lat' dir='ltr'>culum</span> <span class='ocrx_word' id='word_1_142' title='bbox 347 2236 425 2282; x_wconf 86' lang='lat' dir='ltr'>usus</span> <span class='ocrx_word' id='word_1_143' title='bbox 450 2234 528 2298; x_wconf 91' lang='lat' dir='ltr'>sum,</span> <span class='ocrx_word' id='word_1_144' title='bbox 552 2213 585 2278; x_wconf 93' lang='lat' dir='ltr'>hi</span> <span class='ocrx_word' id='word_1_145' title='bbox 609 2220 697 2280; x_wconf 88' lang='lat' dir='ltr'>sunt:</span> 
     </span>
    </p>

    <p class='ocr_par' dir='ltr' id='par_1_4' title="bbox 378 2318 1446 2402">
     <span class='ocr_line' id='line_1_18' title="bbox 378 2318 1446 2402; baseline -0.003 -14"><span class='ocrx_word' id='word_1_146' title='bbox 378 2319 401 2388; x_wconf 83' lang='lat' dir='ltr'>S</span> <span class='ocrx_word' id='word_1_147' title='bbox 447 2321 716 2387; x_wconf 88' lang='lat' dir='ltr'>Salmasianus</span> <span class='ocrx_word' id='word_1_148' title='bbox 748 2318 958 2402; x_wconf 88' lang='lat' dir='ltr'>anthologiae</span> <span class='ocrx_word' id='word_1_149' title='bbox 991 2318 1137 2402; x_wconf 85' lang='lat' dir='ltr'>Latinae,</span> <span class='ocrx_word' id='word_1_150' title='bbox 1166 2338 1250 2383; x_wconf 89' lang='lat' dir='ltr'>nuno</span> <span class='ocrx_word' id='word_1_151' title='bbox 1278 2318 1446 2385; x_wconf 87' lang='lat' dir='ltr'>Parisinus</span> 
     </span>
    </p>

    <p class='ocr_par' dir='ltr' id='par_1_5' title="bbox 378 2425 1125 2599">
     <span class='ocr_line' id='line_1_19' title="bbox 446 2425 1005 2507; baseline -0.009 -14"><span class='ocrx_word' id='word_1_152' title='bbox 446 2429 535 2505; x_wconf 85' lang='lat' dir='ltr'>(bibl.</span> <span class='ocrx_word' id='word_1_153' title='bbox 559 2430 636 2507; x_wconf 90' lang='lat' dir='ltr'>nat.)</span> <span class='ocrx_word' id='word_1_154' title='bbox 664 2429 771 2494; x_wconf 88' lang='grc'><strong>10318</strong></span> <span class='ocrx_word' id='word_1_155' title='bbox 796 2425 920 2492; x_wconf 89' lang='lat' dir='ltr'>saeculi</span> <span class='ocrx_word' id='word_1_156' title='bbox 944 2425 1005 2490; x_wconf 94' lang='lat' dir='ltr'>VII</span> 
     </span>
     <span class='ocr_line' id='line_1_20' title="bbox 378 2531 1125 2599; baseline -0.001 -2"><span class='ocrx_word' id='word_1_157' title='bbox 378 2533 405 2598; x_wconf 95' lang='lat' dir='ltr'>V</span> <span class='ocrx_word' id='word_1_158' title='bbox 445 2533 762 2599; x_wconf 91' lang='lat' dir='ltr'>Vindoboneusis</span> <span class='ocrx_word' id='word_1_159' title='bbox 785 2534 802 2597; x_wconf 99' lang='lat' dir='ltr'>I</span> <span class='ocrx_word' id='word_1_160' title='bbox 826 2535 890 2599; x_wconf 81' lang='lat'>202</span> <span class='ocrx_word' id='word_1_161' title='bbox 915 2532 1038 2598; x_wconf 84' lang='lat' dir='ltr'>saeculi</span> <span class='ocrx_word' id='word_1_162' title='bbox 1061 2531 1125 2596; x_wconf 90' lang='lat' dir='ltr'>XII</span> 
     </span>
    </p>
   </div>
   <div class='ocr_carea' id='block_1_3' title="bbox 378 2639 1446 2920">
    <p class='ocr_par' dir='ltr' id='par_1_6' title="bbox 378 2639 1446 2920">
     <span class='ocr_line' id='line_1_21' title="bbox 380 2639 1256 2707; baseline -0.002 -3"><span class='ocrx_word' id='word_1_163' title='bbox 380 2641 407 2704; x_wconf 87' lang='lat' dir='ltr'>P</span> <span class='ocrx_word' id='word_1_164' title='bbox 446 2641 661 2707; x_wconf 84' lang='lat' dir='ltr'>Vaticanus</span> <span class='ocrx_word' id='word_1_165' title='bbox 684 2641 894 2706; x_wconf 87' lang='lat' dir='ltr'>Palatinus</span> <span class='ocrx_word' id='word_1_166' title='bbox 922 2643 1006 2706; x_wconf 84' lang='grc'><strong>1548</strong></span> <span class='ocrx_word' id='word_1_167' title='bbox 1031 2639 1153 2705; x_wconf 89' lang='lat' dir='ltr'>saeculi</span> <span class='ocrx_word' id='word_1_168' title='bbox 1176 2639 1256 2704; x_wconf 88' lang='lat' dir='ltr'>XIII</span> 
     </span>
     <span class='ocr_line' id='line_1_22' title="bbox 381 2745 1446 2832; baseline 0 -20"><span class='ocrx_word' id='word_1_169' title='bbox 381 2747 411 2812; x_wconf 83' lang='lat' dir='ltr'>u</span> <span class='ocrx_word' id='word_1_170' title='bbox 448 2748 663 2814; x_wconf 87' lang='lat' dir='ltr'>Vaticanus</span> <span class='ocrx_word' id='word_1_171' title='bbox 680 2748 853 2831; x_wconf 87' lang='lat' dir='ltr'>Reginae</span> <span class='ocrx_word' id='word_1_172' title='bbox 872 2749 957 2813; x_wconf 81' lang='grc'><strong>1644</strong></span> <span class='ocrx_word' id='word_1_173' title='bbox 977 2745 1099 2813; x_wconf 88' lang='lat' dir='ltr'>saeculi</span> <span class='ocrx_word' id='word_1_174' title='bbox 1113 2746 1193 2812; x_wconf 90' lang='lat' dir='ltr'>XIII</span> <span class='ocrx_word' id='word_1_175' title='bbox 1207 2767 1236 2812; x_wconf 84' lang='lat' dir='ltr'>v.</span> <span class='ocrx_word' id='word_1_176' title='bbox 1250 2767 1281 2832; x_wconf 92' lang='lat' dir='ltr'>p.</span> <span class='ocrx_word' id='word_1_177' title='bbox 1297 2749 1337 2814; x_wconf 95' lang='grc'>67</span> <span class='ocrx_word' id='word_1_178' title='bbox 1351 2747 1446 2832; x_wconf 77' lang='lat' dir='ltr'>sq.¹⁷)</span> 
     </span>
     <span class='ocr_line' id='line_1_23' title="bbox 378 2853 939 2920; baseline -0.004 0"><span class='ocrx_word' id='word_1_179' title='bbox 378 2853 402 2920; x_wconf 83' lang='lat' dir='ltr'><strong>G</strong></span> <span class='ocrx_word' id='word_1_180' title='bbox 449 2854 596 2920; x_wconf 87' lang='lat' dir='ltr'>codicum</span> <span class='ocrx_word' id='word_1_181' title='bbox 620 2855 729 2919; x_wconf 88' lang='lat' dir='ltr'>SVPR</span> <span class='ocrx_word' id='word_1_182' title='bbox 753 2873 939 2920; x_wconf 88' lang='lat' dir='ltr'>consensus.</span> 
     </span>
    </p>
   </div>
   <div class='ocr_carea' id='block_1_4' title="bbox 217 2959 1448 3474">
    <p class='ocr_par' dir='ltr' id='par_1_7' title="bbox 217 2959 1448 3474">
     <span class='ocr_line' id='line_1_24' title="bbox 217 2959 1447 3044; baseline -0.003 -15"><span class='ocrx_word' id='word_1_183' title='bbox 217 2965 330 3029; x_wconf 91' lang='lat' dir='ltr'>borum</span> <span class='ocrx_word' id='word_1_184' title='bbox 354 2983 395 3026; x_wconf 85' lang='lat' dir='ltr'>ex</span> <span class='ocrx_word' id='word_1_185' title='bbox 418 2961 500 3027; x_wconf 87' lang='lat' dir='ltr'>satis</span> <span class='ocrx_word' id='word_1_186' title='bbox 523 2981 651 3044; x_wconf 86' lang='lat' dir='ltr'>magno,</span> <span class='ocrx_word' id='word_1_187' title='bbox 680 2960 796 3043; x_wconf 87' lang='lat' dir='ltr'>quibus</span> <span class='ocrx_word' id='word_1_188' title='bbox 819 2959 872 3025; x_wconf 92' lang='lat' dir='ltr'>bie</span> <span class='ocrx_word' id='word_1_189' title='bbox 894 2960 1024 3026; x_wconf 86' lang='lat' dir='ltr'>libellus</span> <span class='ocrx_word' id='word_1_190' title='bbox 1048 2960 1187 3026; x_wconf 87' lang='lat' dir='ltr'>traditus</span> <span class='ocrx_word' id='word_1_191' title='bbox 1211 2968 1269 3044; x_wconf 83' lang='lat' dir='ltr'>est,</span> <span class='ocrx_word' id='word_1_192' title='bbox 1300 2960 1447 3026; x_wconf 88' lang='lat' dir='ltr'>codicum</span> 
     </span>
     <span class='ocr_line' id='line_1_25' title="bbox 217 3065 1447 3151; baseline -0.001 -16"><span class='ocrx_word' id='word_1_193' title='bbox 217 3089 348 3135; x_wconf 90' lang='lat' dir='ltr'>numero</span> <span class='ocrx_word' id='word_1_194' title='bbox 374 3067 565 3134; x_wconf 87' lang='lat' dir='ltr'>selectorum</span> <span class='ocrx_word' id='word_1_195' title='bbox 589 3067 685 3150; x_wconf 89' lang='lat' dir='ltr'>longe</span> <span class='ocrx_word' id='word_1_196' title='bbox 709 3067 849 3151; x_wconf 85' lang='lat' dir='ltr'>optimus</span> <span class='ocrx_word' id='word_1_197' title='bbox 872 3074 923 3132; x_wconf 86' lang='lat' dir='ltr'>est</span> <span class='ocrx_word' id='word_1_198' title='bbox 938 3065 978 3150; x_wconf 79' lang='lat' dir='ltr'>S,</span> <span class='ocrx_word' id='word_1_199' title='bbox 993 3067 1085 3132; x_wconf 89' lang='lat' dir='ltr'>cuius</span> <span class='ocrx_word' id='word_1_200' title='bbox 1100 3066 1260 3150; x_wconf 87' lang='lat' dir='ltr'>integram</span> <span class='ocrx_word' id='word_1_201' title='bbox 1273 3067 1447 3134; x_wconf 91' lang='lat' dir='ltr'>lectionum</span> 
     </span>
     <span class='ocr_line' id='line_1_26' title="bbox 218 3171 1447 3260; baseline -0.002 -19"><span class='ocrx_word' id='word_1_202' title='bbox 218 3174 473 3260; x_wconf 85' lang='lat' dir='ltr'>discrepantiam</span> <span class='ocrx_word' id='word_1_203' title='bbox 496 3193 536 3239; x_wconf 89' lang='lat' dir='ltr'>ne</span> <span class='ocrx_word' id='word_1_204' title='bbox 560 3173 818 3258; x_wconf 84' lang='lat' dir='ltr'>orthographicis</span> <span class='ocrx_word' id='word_1_205' title='bbox 842 3171 973 3255; x_wconf 88' lang='lat' dir='ltr'>quidem</span> <span class='ocrx_word' id='word_1_206' title='bbox 996 3173 1125 3240; x_wconf 87' lang='lat' dir='ltr'>omissis</span> <span class='ocrx_word' id='word_1_207' title='bbox 1140 3175 1304 3259; x_wconf 89' lang='lat' dir='ltr'>proposui.</span> <span class='ocrx_word' id='word_1_208' title='bbox 1339 3175 1447 3241; x_wconf 87' lang='lat' dir='ltr'>insunt</span> 
     </span>
     <span class='ocr_line' id='line_1_27' title="bbox 218 3278 1448 3364; baseline 0 -16"><span class='ocrx_word' id='word_1_209' title='bbox 218 3291 326 3349; x_wconf 91' lang='lat' dir='ltr'>tamen</span> <span class='ocrx_word' id='word_1_210' title='bbox 350 3282 383 3346; x_wconf 95' lang='lat' dir='ltr'>in</span> <span class='ocrx_word' id='word_1_211' title='bbox 405 3280 467 3346; x_wconf 93' lang='lat' dir='ltr'>boc</span> <span class='ocrx_word' id='word_1_212' title='bbox 491 3300 618 3363; x_wconf 91' lang='lat' dir='ltr'>quoque</span> <span class='ocrx_word' id='word_1_213' title='bbox 642 3278 803 3363; x_wconf 90' lang='lat' dir='ltr'>quaedam</span> <span class='ocrx_word' id='word_1_214' title='bbox 827 3278 953 3364; x_wconf 91' lang='lat' dir='ltr'>menda,</span> <span class='ocrx_word' id='word_1_215' title='bbox 977 3278 1020 3344; x_wconf 92' lang='lat' dir='ltr'>ad</span> <span class='ocrx_word' id='word_1_216' title='bbox 1035 3300 1119 3362; x_wconf 83' lang='lat' dir='ltr'>quae</span> <span class='ocrx_word' id='word_1_217' title='bbox 1134 3279 1278 3345; x_wconf 87' lang='lat' dir='ltr'>tollenda</span> <span class='ocrx_word' id='word_1_218' title='bbox 1292 3281 1448 3348; x_wconf 82' lang='lat' dir='ltr'>auxilium</span> 
     </span>
     <span class='ocr_line' id='line_1_28' title="bbox 218 3385 1447 3474; baseline 0 -21"><span class='ocrx_word' id='word_1_219' title='bbox 218 3389 325 3455; x_wconf 88' lang='lat' dir='ltr'>ferunt</span> <span class='ocrx_word' id='word_1_220' title='bbox 348 3388 436 3472; x_wconf 80' lang='lat' dir='ltr'>V¹⁸),</span> <span class='ocrx_word' id='word_1_221' title='bbox 460 3387 514 3470; x_wconf 90' lang='lat' dir='ltr'>qui</span> <span class='ocrx_word' id='word_1_222' title='bbox 537 3407 639 3472; x_wconf 85' lang='lat' dir='ltr'>prope</span> <span class='ocrx_word' id='word_1_223' title='bbox 662 3385 706 3451; x_wconf 95' lang='lat' dir='ltr'>ad</span> <span class='ocrx_word' id='word_1_224' title='bbox 730 3386 753 3450; x_wconf 90' lang='lat' dir='ltr'>S</span> <span class='ocrx_word' id='word_1_225' title='bbox 777 3385 913 3470; x_wconf 88' lang='lat' dir='ltr'>accedit,</span> <span class='ocrx_word' id='word_1_226' title='bbox 937 3395 970 3451; x_wconf 89' lang='lat' dir='ltr'>et</span> <span class='ocrx_word' id='word_1_227' title='bbox 993 3387 1048 3450; x_wconf 90' lang='lat' dir='ltr'>PR</span> <span class='ocrx_word' id='word_1_228' title='bbox 1071 3387 1117 3451; x_wconf 93' lang='lat' dir='ltr'>ita</span> <span class='ocrx_word' id='word_1_229' title='bbox 1141 3387 1225 3451; x_wconf 89' lang='lat' dir='ltr'>inter</span> <span class='ocrx_word' id='word_1_230' title='bbox 1249 3407 1284 3452; x_wconf 91' lang='lat' dir='ltr'>se</span> <span class='ocrx_word' id='word_1_231' title='bbox 1308 3390 1447 3474; x_wconf 84' lang='lat' dir='ltr'>cognati,</span> 
     </span>
    </p>
   </div>
   <div class='ocr_carea' id='block_1_5' title="bbox 218 3497 430 3507">
    <p class='ocr_par' dir='ltr' id='par_1_8' title="bbox 218 3497 430 3507">
     <span class='ocr_line' id='line_1_29' title="bbox 218 3497 430 3507; baseline -0.014 0"><span class='ocrx_word' id='word_1_232' title='bbox 218 3497 430 3507; x_wconf 76' lang='lat'>..-——-——</span> 
     </span>
    </p>
   </div>
   <div class='ocr_carea' id='block_1_6' title="bbox 218 3545 1451 4776">
    <p class='ocr_par' dir='ltr' id='par_1_9' title="bbox 218 3545 1450 4331">
     <span class='ocr_line' id='line_1_30' title="bbox 314 3545 1447 3616; baseline 0 -14"><span class='ocrx_word' id='word_1_233' title='bbox 314 3546 347 3616; x_wconf 71' lang='grc' dir='ltr'>η)</span> <span class='ocrx_word' id='word_1_234' title='bbox 377 3548 521 3602; x_wconf 86' lang='lat' dir='ltr'>Petraroee</span> <span class='ocrx_word' id='word_1_235' title='bbox 544 3547 630 3616; x_wconf 84' lang='lat' dir='ltr'>ipsius</span> <span class='ocrx_word' id='word_1_236' title='bbox 653 3549 804 3601; x_wconf 78' lang='lat' dir='ltr'>additiones</span> <span class='ocrx_word' id='word_1_237' title='bbox 827 3563 884 3600; x_wconf 84' lang='lat' dir='ltr'>esse</span> <span class='ocrx_word' id='word_1_238' title='bbox 907 3545 1064 3616; x_wconf 77' lang='lat' dir='ltr'>scriptionis</span> <span class='ocrx_word' id='word_1_239' title='bbox 1087 3546 1250 3610; x_wconf 87' lang='lat' dir='ltr'>Haasianae,</span> <span class='ocrx_word' id='word_1_240' title='bbox 1274 3551 1307 3602; x_wconf 92' lang='lat' dir='ltr'>ut</span> <span class='ocrx_word' id='word_1_241' title='bbox 1330 3547 1447 3614; x_wconf 84' lang='lat' dir='ltr'>videtur,</span> 
     </span>
     <span class='ocr_line' id='line_1_31' title="bbox 218 3635 1447 3707; baseline 0.002 -17"><span class='ocrx_word' id='word_1_242' title='bbox 218 3638 332 3707; x_wconf 82' lang='lat' dir='ltr'>ignarus</span> <span class='ocrx_word' id='word_1_243' title='bbox 360 3637 446 3691; x_wconf 88' lang='lat' dir='ltr'>etiam</span> <span class='ocrx_word' id='word_1_244' title='bbox 475 3635 508 3690; x_wconf 81' lang='lat' dir='ltr'>A.</span> <span class='ocrx_word' id='word_1_245' title='bbox 533 3635 627 3690; x_wconf 82' lang='lat' dir='ltr'>Hortis</span> <span class='ocrx_word' id='word_1_246' title='bbox 654 3635 684 3689; x_wconf 92' lang='lat' dir='ltr'>in</span> <span class='ocrx_word' id='word_1_247' title='bbox 707 3637 936 3704; x_wconf 66' lang='lat' dir='ltr'>orcamp-apto</span> <span class='ocrx_word' id='word_1_248' title='bbox 967 3637 1103 3690; x_wconf 74' lang='lat' dir='ltr'>Trieatiuo</span> <span class='ocrx_word' id='word_1_249' title='bbox 1128 3637 1337 3691; x_wconf 68' lang='lat' dir='ltr'>resultet</span> <span class='ocrx_word' id='word_1_250' title='bbox 1360 3637 1447 3692; x_wconf 78' lang='lat' dir='ltr'>fusius</span> 
     </span>
     <span class='ocr_line' id='line_1_32' title="bbox 219 3723 1448 3794; baseline 0.002 -15"><span class='ocrx_word' id='word_1_251' title='bbox 219 3725 426 3781; x_wconf 85' lang='lat' dir='ltr'>demonstravit.</span> <span class='ocrx_word' id='word_1_252' title='bbox 465 3743 490 3779; x_wconf 88' lang='lat' dir='ltr'>r.</span> <span class='ocrx_word' id='word_1_253' title='bbox 511 3723 760 3779; x_wconf 83' lang='lat' dir='ltr'>Teuffel-Schwabe</span> <span class='ocrx_word' id='word_1_254' title='bbox 779 3725 811 3778; x_wconf 88' lang='grc' dir='ltr'>Η.</span> <span class='ocrx_word' id='word_1_255' title='bbox 827 3723 856 3778; x_wconf 87' lang='lat' dir='ltr'>L.</span> <span class='ocrx_word' id='word_1_256' title='bbox 868 3725 900 3777; x_wconf 84' lang='lat' dir='ltr'>R.</span> <span class='ocrx_word' id='word_1_257' title='bbox 920 3724 961 3779; x_wconf 89' lang='lat' dir='ltr'>ed.</span> <span class='ocrx_word' id='word_1_258' title='bbox 977 3726 993 3776; x_wconf 92' lang='lat'>4</span> <span class='ocrx_word' id='word_1_259' title='bbox 1011 3742 1038 3794; x_wconf 88' lang='lat' dir='ltr'>p.</span> <span class='ocrx_word' id='word_1_260' title='bbox 1053 3725 1113 3779; x_wconf 86' lang='grc'><strong>647.</strong></span> <span class='ocrx_word' id='word_1_261' title='bbox 1136 3753 1166 3762; x_wconf 89' lang='grc'>-</span> <span class='ocrx_word' id='word_1_262' title='bbox 1186 3725 1267 3779; x_wconf 88' lang='lat' dir='ltr'>omisi</span> <span class='ocrx_word' id='word_1_263' title='bbox 1285 3725 1315 3779; x_wconf 93' lang='lat' dir='ltr'>in</span> <span class='ocrx_word' id='word_1_264' title='bbox 1334 3727 1448 3782; x_wconf 84' lang='lat' dir='ltr'>adnota-</span> 
     </span>
     <span class='ocr_line' id='line_1_33' title="bbox 218 3813 1446 3884; baseline 0.002 -15"><span class='ocrx_word' id='word_1_265' title='bbox 218 3816 340 3870; x_wconf 85' lang='lat' dir='ltr'>tionibus</span> <span class='ocrx_word' id='word_1_266' title='bbox 359 3831 535 3884; x_wconf 85' lang='lat' dir='ltr'>personarum</span> <span class='ocrx_word' id='word_1_267' title='bbox 555 3817 635 3869; x_wconf 81' lang='lat' dir='ltr'>notas</span> <span class='ocrx_word' id='word_1_268' title='bbox 654 3813 766 3878; x_wconf 74' lang='lat' dir='ltr'>(Seuerou</span> <span class='ocrx_word' id='word_1_269' title='bbox 785 3817 814 3868; x_wconf 88' lang='lat' dir='ltr'>et</span> <span class='ocrx_word' id='word_1_270' title='bbox 833 3815 924 3880; x_wconf 85' lang='lat' dir='ltr'>Ratio,</span> <span class='ocrx_word' id='word_1_271' title='bbox 943 3815 1042 3867; x_wconf 81' lang='lat' dir='ltr'>Seneca</span> <span class='ocrx_word' id='word_1_272' title='bbox 1061 3817 1089 3868; x_wconf 87' lang='lat' dir='ltr'>et</span> <span class='ocrx_word' id='word_1_273' title='bbox 1109 3813 1199 3878; x_wconf 82' lang='lat' dir='ltr'>Nero),</span> <span class='ocrx_word' id='word_1_274' title='bbox 1219 3832 1289 3883; x_wconf 85' lang='lat' dir='ltr'>quas</span> <span class='ocrx_word' id='word_1_275' title='bbox 1308 3815 1446 3872; x_wconf 81' lang='lat' dir='ltr'>invitante</span> 
     </span>
     <span class='ocr_line' id='line_1_34' title="bbox 218 3902 1450 3973; baseline 0.002 -15"><span class='ocrx_word' id='word_1_276' title='bbox 218 3904 304 3973; x_wconf 89' lang='lat' dir='ltr'>ipsius</span> <span class='ocrx_word' id='word_1_277' title='bbox 323 3904 388 3958; x_wconf 89' lang='lat' dir='ltr'>libri</span> <span class='ocrx_word' id='word_1_278' title='bbox 406 3904 515 3958; x_wconf 85' lang='lat' dir='ltr'>ratione</span> <span class='ocrx_word' id='word_1_279' title='bbox 534 3906 563 3957; x_wconf 88' lang='lat' dir='ltr'>et</span> <span class='ocrx_word' id='word_1_280' title='bbox 581 3907 731 3972; x_wconf 84' lang='lat' dir='ltr'>praeeunte</span> <span class='ocrx_word' id='word_1_281' title='bbox 750 3902 910 3957; x_wconf 84' lang='lat' dir='ltr'>Hildeberto</span> <span class='ocrx_word' id='word_1_282' title='bbox 934 3903 1041 3956; x_wconf 88' lang='lat' dir='ltr'>librarii</span> <span class='ocrx_word' id='word_1_283' title='bbox 1064 3902 1187 3957; x_wconf 88' lang='lat' dir='ltr'>codicum</span> <span class='ocrx_word' id='word_1_284' title='bbox 1210 3905 1313 3959; x_wconf 87' lang='lat' dir='ltr'>saeculi</span> <span class='ocrx_word' id='word_1_285' title='bbox 1336 3905 1401 3959; x_wconf 86' lang='lat' dir='ltr'>XIV</span> <span class='ocrx_word' id='word_1_286' title='bbox 1421 3911 1450 3961; x_wconf 89' lang='lat' dir='ltr'>et</span> 
     </span>
     <span class='ocr_line' id='line_1_35' title="bbox 219 3991 1450 4063; baseline 0.004 -18"><span class='ocrx_word' id='word_1_287' title='bbox 219 3993 270 4046; x_wconf 89' lang='lat' dir='ltr'>XV</span> <span class='ocrx_word' id='word_1_288' title='bbox 293 3993 466 4048; x_wconf 87' lang='lat' dir='ltr'>addiderunt.</span> <span class='ocrx_word' id='word_1_289' title='bbox 503 3997 614 4063; x_wconf 84' lang='lat' dir='ltr'>praeter</span> <span class='ocrx_word' id='word_1_290' title='bbox 642 3993 802 4048; x_wconf 86' lang='lat' dir='ltr'>Petraroem</span> <span class='ocrx_word' id='word_1_291' title='bbox 826 3993 964 4046; x_wconf 79' lang='lat' dir='ltr'>Adrianus</span> <span class='ocrx_word' id='word_1_292' title='bbox 987 3991 1102 4061; x_wconf 89' lang='lat' dir='ltr'>quidam</span> <span class='ocrx_word' id='word_1_293' title='bbox 1125 3992 1328 4048; x_wconf 72' lang='lat' dir='ltr'>carthusiensis</span> <span class='ocrx_word' id='word_1_294' title='bbox 1354 3998 1387 4050; x_wconf 80' lang='lat' dir='ltr'>de</span> <span class='ocrx_word' id='word_1_295' title='bbox 1409 4015 1450 4050; x_wconf 83' lang='lat' dir='ltr'>re·</span> 
     </span>
     <span class='ocr_line' id='line_1_36' title="bbox 220 4081 1448 4152; baseline 0.004 -18"><span class='ocrx_word' id='word_1_296' title='bbox 220 4084 314 4136; x_wconf 79' lang='lat' dir='ltr'>medita</span> <span class='ocrx_word' id='word_1_297' title='bbox 332 4087 474 4152; x_wconf 71' lang='lat' dir='ltr'>utriusque</span> <span class='ocrx_word' id='word_1_298' title='bbox 493 4085 619 4148; x_wconf 78' lang='lat' dir='ltr'>fortunae</span> <span class='ocrx_word' id='word_1_299' title='bbox 638 4082 740 4136; x_wconf 89' lang='lat' dir='ltr'>librum</span> <span class='ocrx_word' id='word_1_300' title='bbox 758 4082 920 4151; x_wconf 87' lang='lat' dir='ltr'>composuit,</span> <span class='ocrx_word' id='word_1_301' title='bbox 939 4099 1021 4150; x_wconf 87' lang='lat' dir='ltr'>quem</span> <span class='ocrx_word' id='word_1_302' title='bbox 1038 4081 1178 4136; x_wconf 83' lang='lat' dir='ltr'>Fabricius</span> <span class='ocrx_word' id='word_1_303' title='bbox 1197 4081 1278 4149; x_wconf 87' lang='lat' dir='ltr'>(Bibl.</span> <span class='ocrx_word' id='word_1_304' title='bbox 1298 4085 1360 4138; x_wconf 88' lang='lat' dir='ltr'>Lot.</span> <span class='ocrx_word' id='word_1_305' title='bbox 1380 4089 1448 4140; x_wconf 82' lang='lat' dir='ltr'>med.</span> 
     </span>
     <span class='ocr_line' id='line_1_37' title="bbox 218 4171 1450 4243; baseline 0.003 -19"><span class='ocrx_word' id='word_1_306' title='bbox 218 4180 243 4224; x_wconf 81' lang='lat' dir='ltr'>et</span> <span class='ocrx_word' id='word_1_307' title='bbox 263 4173 314 4238; x_wconf 82' lang='lat' dir='ltr'>ius.</span> <span class='ocrx_word' id='word_1_308' title='bbox 330 4175 428 4226; x_wconf 78' lang='lat' dir='ltr'>uetotia</span> <span class='ocrx_word' id='word_1_309' title='bbox 446 4174 486 4226; x_wconf 81' lang='lat' dir='ltr'>ed.</span> <span class='ocrx_word' id='word_1_310' title='bbox 504 4173 596 4225; x_wconf 77' lang='grc'><strong>1111111·</strong></span> <span class='ocrx_word' id='word_1_311' title='bbox 615 4171 732 4236; x_wconf 88' lang='grc'><strong>111168)</strong></span> <span class='ocrx_word' id='word_1_312' title='bbox 751 4189 772 4224; x_wconf 87' lang='lat' dir='ltr'>s.</span> <span class='ocrx_word' id='word_1_313' title='bbox 786 4171 837 4225; x_wconf 93' lang='lat' dir='ltr'>l.e.</span> <span class='ocrx_word' id='word_1_314' title='bbox 853 4189 878 4225; x_wconf 80' lang='lat' dir='ltr'>a</span> <span class='ocrx_word' id='word_1_315' title='bbox 897 4171 971 4226; x_wconf 80' lang='grc'><strong>11111</strong></span> <span class='ocrx_word' id='word_1_316' title='bbox 988 4188 1091 4225; x_wconf 85' lang='lat' dir='ltr'>annum</span> <span class='ocrx_word' id='word_1_317' title='bbox 1112 4173 1181 4228; x_wconf 85' lang='lat'>1410</span> <span class='ocrx_word' id='word_1_318' title='bbox 1200 4172 1275 4242; x_wconf 77' lang='lat' dir='ltr'>typis</span> <span class='ocrx_word' id='word_1_319' title='bbox 1293 4189 1450 4243; x_wconf 82' lang='lat' dir='ltr'>expressum</span> 
     </span>
     <span class='ocr_line' id='line_1_38' title="bbox 219 4259 1450 4331; baseline 0.003 -17"><span class='ocrx_word' id='word_1_320' title='bbox 219 4275 277 4315; x_wconf 84' lang='lat' dir='ltr'>esse</span> <span class='ocrx_word' id='word_1_321' title='bbox 295 4261 364 4314; x_wconf 87' lang='lat' dir='ltr'>dicit</span> <span class='ocrx_word' id='word_1_322' title='bbox 383 4263 411 4314; x_wconf 88' lang='lat' dir='ltr'>et</span> <span class='ocrx_word' id='word_1_323' title='bbox 429 4259 507 4314; x_wconf 85' lang='lat' dir='ltr'>euius</span> <span class='ocrx_word' id='word_1_324' title='bbox 525 4259 582 4314; x_wconf 86' lang='lat' dir='ltr'>eod.</span> <span class='ocrx_word' id='word_1_325' title='bbox 598 4278 648 4313; x_wconf 86' lang='lat' dir='ltr'>ms.</span> <span class='ocrx_word' id='word_1_326' title='bbox 663 4263 832 4315; x_wconf 88' lang='lat' dir='ltr'>memoratur</span> <span class='ocrx_word' id='word_1_327' title='bbox 849 4278 867 4314; x_wconf 89' lang='lat' dir='ltr'>a</span> <span class='ocrx_word' id='word_1_328' title='bbox 881 4259 1001 4315; x_wconf 87' lang='lat' dir='ltr'>Sandero</span> <span class='ocrx_word' id='word_1_329' title='bbox 1015 4261 1045 4314; x_wconf 90' lang='lat' dir='ltr'>iu</span> <span class='ocrx_word' id='word_1_330' title='bbox 1059 4263 1225 4316; x_wconf 77' lang='lat' dir='ltr'>Bibliotheca</span> <span class='ocrx_word' id='word_1_331' title='bbox 1239 4263 1350 4331; x_wconf 69' lang='lat' dir='ltr'>Belgica</span> <span class='ocrx_word' id='word_1_332' title='bbox 1365 4263 1392 4316; x_wconf 92' lang='lat'>11</span> <span class='ocrx_word' id='word_1_333' title='bbox 1407 4265 1450 4318; x_wconf 80' lang='lat'>53.</span> 
     </span>
    </p>

    <p class='ocr_par' dir='ltr' id='par_1_10' title="bbox 219 4347 1451 4686">
     <span class='ocr_line' id='line_1_39' title="bbox 280 4347 1449 4420; baseline 0.004 -18"><span class='ocrx_word' id='word_1_334' title='bbox 280 4399 284 4408; x_wconf 87' lang='grc'><em>,</em></span> <span class='ocrx_word' id='word_1_335' title='bbox 314 4347 347 4417; x_wconf 75' lang='lat'>¹²)</span> <span class='ocrx_word' id='word_1_336' title='bbox 366 4366 475 4419; x_wconf 88' lang='lat' dir='ltr'>prorsus</span> <span class='ocrx_word' id='word_1_337' title='bbox 485 4349 541 4404; x_wconf 86' lang='lat' dir='ltr'>lere</span> <span class='ocrx_word' id='word_1_338' title='bbox 552 4367 613 4403; x_wconf 89' lang='lat' dir='ltr'>oum</span> <span class='ocrx_word' id='word_1_339' title='bbox 624 4350 676 4404; x_wconf 90' lang='lat' dir='ltr'>boo</span> <span class='ocrx_word' id='word_1_340' title='bbox 689 4350 817 4419; x_wconf 84' lang='lat' dir='ltr'>congnrit</span> <span class='ocrx_word' id='word_1_341' title='bbox 831 4349 1007 4404; x_wconf 87' lang='lat' dir='ltr'>Leidensis</span> <span class='ocrx_word' id='word_1_342' title='bbox 1021 4351 1181 4420; x_wconf 87' lang='lat' dir='ltr'>supplem.</span> <span class='ocrx_word' id='word_1_343' title='bbox 1196 4352 1257 4404; x_wconf 78' lang='lat'>459</span> <span class='ocrx_word' id='word_1_344' title='bbox 1271 4353 1373 4406; x_wconf 84' lang='lat' dir='ltr'>saeculi</span> <span class='ocrx_word' id='word_1_345' title='bbox 1388 4353 1449 4418; x_wconf 86' lang='lat' dir='ltr'>XII,</span> 
     </span>
     <span class='ocr_line' id='line_1_40' title="bbox 220 4437 1451 4508; baseline 0.005 -17"><span class='ocrx_word' id='word_1_346' title='bbox 220 4438 253 4492; x_wconf 88' lang='lat' dir='ltr'>de</span> <span class='ocrx_word' id='word_1_347' title='bbox 272 4455 326 4506; x_wconf 89' lang='lat' dir='ltr'>quo</span> <span class='ocrx_word' id='word_1_348' title='bbox 345 4437 451 4493; x_wconf 87' lang='lat' dir='ltr'>dictum</span> <span class='ocrx_word' id='word_1_349' title='bbox 469 4441 511 4493; x_wconf 87' lang='lat' dir='ltr'>est</span> <span class='ocrx_word' id='word_1_350' title='bbox 529 4456 555 4507; x_wconf 86' lang='lat' dir='ltr'>p.</span> <span class='ocrx_word' id='word_1_351' title='bbox 571 4439 605 4492; x_wconf 87' lang='grc'>48</span> <span class='ocrx_word' id='word_1_352' title='bbox 624 4441 653 4493; x_wconf 84' lang='grc'>11</span> <span class='ocrx_word' id='word_1_353' title='bbox 673 4439 751 4506; x_wconf 80' lang='lat' dir='ltr'>bOsq.</span> <span class='ocrx_word' id='word_1_354' title='bbox 775 4442 918 4508; x_wconf 88' lang='lat' dir='ltr'>praeterea</span> <span class='ocrx_word' id='word_1_355' title='bbox 935 4439 971 4494; x_wconf 87' lang='lat' dir='ltr'>ad</span> <span class='ocrx_word' id='word_1_356' title='bbox 993 4439 1113 4493; x_wconf 88' lang='lat' dir='ltr'>similem</span> <span class='ocrx_word' id='word_1_357' title='bbox 1135 4443 1221 4508; x_wconf 72' lang='lat' dir='ltr'>atqm</span> <span class='ocrx_word' id='word_1_358' title='bbox 1244 4441 1291 4494; x_wconf 88' lang='lat' dir='ltr'>PR</span> <span class='ocrx_word' id='word_1_359' title='bbox 1313 4441 1451 4497; x_wconf 81' lang='lat' dir='ltr'>familiam</span> 
     </span>
     <span class='ocr_line' id='line_1_41' title="bbox 219 4526 1449 4601; baseline 0.004 -20"><span class='ocrx_word' id='word_1_360' title='bbox 219 4526 340 4596; x_wconf 88' lang='lat' dir='ltr'>pertinet</span> <span class='ocrx_word' id='word_1_361' title='bbox 350 4526 541 4581; x_wconf 87' lang='lat' dir='ltr'>Vaticanus</span> <span class='ocrx_word' id='word_1_362' title='bbox 555 4526 705 4596; x_wconf 83' lang='lat' dir='ltr'>Reginae</span> <span class='ocrx_word' id='word_1_363' title='bbox 720 4528 758 4582; x_wconf 87' lang='grc'>81</span> <span class='ocrx_word' id='word_1_364' title='bbox 773 4527 875 4582; x_wconf 77' lang='lat' dir='ltr'>saeculi</span> <span class='ocrx_word' id='word_1_365' title='bbox 885 4527 959 4594; x_wconf 84' lang='lat' dir='ltr'>XIII,</span> <span class='ocrx_word' id='word_1_366' title='bbox 974 4527 1021 4582; x_wconf 87' lang='lat' dir='ltr'>sed</span> <span class='ocrx_word' id='word_1_367' title='bbox 1035 4529 1124 4582; x_wconf 90' lang='lat' dir='ltr'>multo</span> <span class='ocrx_word' id='word_1_368' title='bbox 1137 4529 1227 4598; x_wconf 78' lang='lat' dir='ltr'>magis</span> <span class='ocrx_word' id='word_1_369' title='bbox 1242 4532 1284 4584; x_wconf 84' lang='lat' dir='ltr'>est</span> <span class='ocrx_word' id='word_1_370' title='bbox 1297 4535 1449 4601; x_wconf 78' lang='lat' dir='ltr'>corruptus</span> 
     </span>
     <span class='ocr_line' id='line_1_42' title="bbox 219 4614 1112 4686; baseline 0.003 -18"><span class='ocrx_word' id='word_1_371' title='bbox 219 4614 316 4684; x_wconf 86' lang='lat' dir='ltr'>itaque</span> <span class='ocrx_word' id='word_1_372' title='bbox 333 4615 402 4670; x_wconf 86' lang='lat' dir='ltr'>duas</span> <span class='ocrx_word' id='word_1_373' title='bbox 420 4617 532 4670; x_wconf 85' lang='lat' dir='ltr'>tantum</span> <span class='ocrx_word' id='word_1_374' title='bbox 550 4615 630 4670; x_wconf 93' lang='lat' dir='ltr'>modo</span> <span class='ocrx_word' id='word_1_375' title='bbox 649 4615 708 4670; x_wconf 88' lang='lat' dir='ltr'>eius</span> <span class='ocrx_word' id='word_1_376' title='bbox 726 4615 874 4686; x_wconf 86' lang='lat' dir='ltr'>scripturas</span> <span class='ocrx_word' id='word_1_377' title='bbox 893 4618 1112 4672; x_wconf 85' lang='lat' dir='ltr'>commemorari.</span> 
     </span>
    </p>

    <p class='ocr_par' dir='ltr' id='par_1_11' title="bbox 312 4701 1451 4776">
     <span class='ocr_line' id='line_1_43' title="bbox 312 4701 1451 4776; baseline 0.005 -18"><span class='ocrx_word' id='word_1_378' title='bbox 312 4701 347 4773; x_wconf 79' lang='lat'>¹⁸)</span> <span class='ocrx_word' id='word_1_379' title='bbox 366 4703 448 4758; x_wconf 89' lang='lat' dir='ltr'>buius</span> <span class='ocrx_word' id='word_1_380' title='bbox 467 4703 532 4758; x_wconf 90' lang='lat' dir='ltr'>libri</span> <span class='ocrx_word' id='word_1_381' title='bbox 551 4707 661 4774; x_wconf 81' lang='lat' dir='ltr'>praeter</span> <span class='ocrx_word' id='word_1_382' title='bbox 679 4705 864 4771; x_wconf 86' lang='lat' dir='ltr'>collationem,</span> <span class='ocrx_word' id='word_1_383' title='bbox 884 4723 968 4773; x_wconf 88' lang='lat' dir='ltr'>quam</span> <span class='ocrx_word' id='word_1_384' title='bbox 986 4705 1046 4776; x_wconf 87' lang='lat' dir='ltr'>ipse</span> <span class='ocrx_word' id='word_1_385' title='bbox 1064 4707 1176 4774; x_wconf 84' lang='lat' dir='ltr'>conieci,</span> <span class='ocrx_word' id='word_1_386' title='bbox 1201 4707 1290 4763; x_wconf 87' lang='lat' dir='ltr'>altera</span> <span class='ocrx_word' id='word_1_387' title='bbox 1309 4709 1351 4764; x_wconf 86' lang='lat' dir='ltr'>uti</span> <span class='ocrx_word' id='word_1_388' title='bbox 1370 4709 1451 4764; x_wconf 85' lang='lat' dir='ltr'>licuit</span> 
     </span>
    </p>
   </div>
   <div class='ocr_carea' id='block_1_7' title="bbox 0 0 1785 5236">
    <p class='ocr_par' dir='ltr' id='par_1_12' title="bbox 0 0 1785 5236">
     <span class='ocr_line' id='line_1_44' title="bbox 0 0 1785 5236; baseline 0 0"><span class='ocrx_word' id='word_1_389' title='bbox 0 0 1785 5236; x_wconf 95' lang='lat' dir='ltr'> </span> 
     </span>
    </p>
   </div>
  </div>
 </body>
</html>
