3560 5242
813 439 849 477 Ἠ

226 633 331 700 Immo
353 635 545 719 apologetici
572 637 677 702 locum
705 657 741 702 ex
764 638 892 704 Octauo
914 637 1041 702 flunsso
1064 637 1124 702 hoc
1146 641 1332 720 argumento
1356 639 1444 704 nisus

226 757 375 821 pernego:
401 739 448 802 Ex
472 739 528 812 iis,
566 740 678 821 quibus
705 741 743 805 de
765 741 842 806 lano
869 743 902 805 et
924 739 1059 805 Saturno
1083 742 1202 823 agitur,
1227 741 1304 806 locis
1327 741 1445 804 nullia

226 840 354 905 Minucii
387 842 420 904 et
450 841 633 906 Tertulliani
665 844 768 908 verbis
800 843 1088 927 propinantem,
1125 862 1221 925 quam
1255 845 1288 907 hi
1325 845 1445 908 ‘incerti

173 968 180 994 a
227 943 372 1008 auctoris'
393 943 490 1008 libelli
514 943 552 1008 de
575 945 693 1026 origine
710 947 813 1028 gentis
829 947 990 1010 Romanae
1005 945 1068 1026 (ed.
1086 943 1121 1008 B.
1140 945 1274 1029 Seppius
1290 945 1444 1010 ilonachii

228 1045 339 1126 latet

313 1149 377 1224 1,2
400 1148 501 1212 Tanta
523 1152 631 1214 autem
653 1169 753 1232 usque
775 1150 808 1214 id
830 1153 956 1233 tempus
980 1150 1181 1232 antiquorum
1204 1151 1368 1215 hominum
1383 1155 1446 1214 tra-

228 1246 313 1312 ditur
344 1249 440 1316 fuisse
474 1253 674 1336 simplicitas,
708 1256 745 1316 ut
775 1254 936 1318 venientes
964 1252 1004 1317 ad
1031 1271 1064 1316 se
1093 1252 1244 1329 advenas,
1279 1253 1333 1335 qui
1354 1253 1445 1317 modo

228 1351 355 1417 consilio
384 1372 421 1418 ae
447 1355 601 1438 sapientia
631 1355 760 1438 praediti
783 1355 822 1420 ad
844 1355 1063 1420 instruendam
1084 1355 1182 1418 vitam
1204 1353 1445 1436 formandosque

227 1471 330 1518 mores
361 1455 477 1538 aliquid
510 1457 702 1534 eumenem,
737 1458 835 1540 quod
867 1477 995 1522 eorum
1026 1460 1204 1540 parentes
1232 1461 1344 1540 atque
1377 1459 1445 1522 ori-

228 1555 354 1636 ginem
380 1558 628 1640 ignorabant,
655 1560 761 1624 caelo
789 1563 827 1624 et
853 1563 957 1624 terra
984 1559 1108 1624 editos
1131 1577 1204 1624 non
1226 1561 1351 1624 solum
1373 1560 1446 1642 ipsi

229 1659 446 1736 eruderant,
491 1682 619 1728 verum
664 1662 779 1726 etiam
817 1663 982 1746 posteris
1020 1660 1280 1737 affirmarent,
1323 1662 1446 1727 veluti

228 1759 327 1826 huuc
347 1762 471 1844 ipsum
495 1764 715 1840 Saturnum,
739 1783 847 1846 quem
869 1762 976 1830 Caeli
998 1767 1036 1830 et
1056 1765 1193 1829 Terrae
1216 1763 1341 1828 filium
1364 1782 1446 1828 esse

229 1861 417 1929 dixerunt.

316 1967 381 2043 1,3
414 1969 505 2048 Quod
537 1986 610 2033 cum
638 1969 682 2034 ita
704 1969 911 2046 existimetur,
944 1973 1064 2034 certum
1098 1973 1206 2034 tamen
1235 1973 1284 2034 est
1312 1969 1447 2052 priorem

228 2067 361 2135 Ianum
388 2072 420 2136 in
442 2071 569 2136 Italiam
591 2071 752 2136 devenisse
775 2073 820 2136 ab
843 2091 959 2154 eoque
981 2075 1092 2155 postea
1113 2073 1294 2137 venientem
1317 2089 1448 2154 excep-

228 2172 298 2234 tum
329 2191 412 2238 esse
435 2174 651 2238 Saturnum.

316 2275 380 2351 2,4
403 2275 482 2340 Cum
505 2275 692 2340 adolevisset
713 2295 776 2341 non
798 2279 981 2342 contentum
1004 2277 1104 2360 patrio
1126 2295 1222 2358 regno
1244 2295 1317 2341 cum
1331 2293 1448 2359 magua

230 2375 331 2442 classe
354 2378 387 2442 iu
401 2377 529 2442 Italiam
551 2378 713 2443 devenisse
735 2385 948 2463 occupatoque
972 2383 1080 2444 monta
1103 2381 1213 2444 urbem
1235 2379 1352 2444 ibidem
1374 2397 1449 2444 oon-

230 2476 370 2544 stituisse
393 2499 525 2562 eamque
548 2499 585 2545 ex
607 2499 663 2545 suo
685 2482 810 2546 nomine
831 2480 1050 2546 Ianiculum
1072 2482 1318 2564 cognominasse.

316 2583 380 2658 e‚1
404 2583 527 2666 Igitur
547 2582 624 2648 Iano
646 2587 799 2666 regnante
823 2584 906 2666 apud
927 2583 1091 2667 indigenas
1113 2583 1226 2648 rudes
1250 2584 1448 2665 incultusque

231 2682 419 2750 Saturnus
441 2704 536 2767 reguo
558 2685 709 2769 profugus
731 2706 804 2750 oum
825 2687 862 2750 in
885 2683 1036 2751 ltaliam
1060 2687 1210 2760 venisset,
1233 2685 1367 2768 benigue
1390 2703 1449 2750 ex-

231 2790 366 2870 ceptus
393 2789 569 2872 hospitio
592 2791 654 2864 cst,
683 2790 787 2872 ibique
810 2789 896 2854 haud
918 2789 1028 2872 procul
1051 2806 1070 2852 a
1090 2787 1232 2853 Ianiculo
1255 2807 1360 2854 arcem
1382 2805 1448 2851 suo

231 2890 378 2954 nomine
402 2889 627 2956 Saturniam
650 2892 821 2956 constituit

319 2993 383 3068 3‚2
406 2991 502 3075 Isque
524 2994 644 3076 primus
668 2994 892 3076 agriculturam
915 2993 1066 3057 edocuit
1089 3041 1096 3057 .
1120 3041 1127 3056 .
1152 3041 1159 3056 .

319 3095 384 3172 3,4
410 3092 443 3159 Is
464 3095 648 3176 (Saturnus)
671 3098 740 3160 tum
763 3096 860 3160 etiam
883 3115 977 3160 usum
998 3081 1180 3176 signandi
1203 3097 1303 3160 aeris
1325 3113 1362 3160 au
1383 3113 1450 3158 mo-

232 3199 324 3262 netae
352 3196 546 3262 informem
573 3198 772 3263 incutiendae
799 3198 975 3262 ostendisse
1003 3198 1153 3275 traditur,
1183 3197 1216 3261 in
1239 3216 1301 3280 qua
1323 3198 1362 3262 ab
1385 3215 1450 3261 une

231 3302 320 3382 parte
353 3303 448 3384 caput
477 3300 544 3365 eius
577 3300 672 3383 (Iaui)
704 3300 948 3383 imprimeretur,
985 3301 1085 3364 altera
1113 3300 1216 3376 navis,
1250 3319 1312 3382 qua
1339 3303 1449 3364 vectus

232 3400 285 3465 illo
308 3404 384 3468 erat.

319 3505 389 3581 3,e
423 3505 525 3570 Aedes
559 3525 683 3588 quoque
715 3507 773 3571 snb
805 3505 883 3570 cliro
911 3503 1101 3588 Capitolino,
1135 3506 1168 3569 in
1195 3524 1257 3586 quo
1284 3503 1450 3588 pecuniam

234 3605 392 3670 conditam
417 3607 567 3686 habebat,
595 3609 796 3673 Aerarium
825 3607 985 3674 Saturni
1012 3607 1165 3690 hodieque
1193 3607 1315 3671 dicitur.

319 3707 480 3774 Contineri
501 3711 559 3776 hoc
575 3711 680 3777 libello
695 3711 850 3795 epitomen
865 3710 1020 3794 deperditi
1034 3710 1106 3776 libri
1120 3729 1192 3774 cum
1208 3712 1247 3775 ab
1263 3709 1332 3774 aliis
1348 3712 1451 3772 tuma

233 3810 332 3875 Paulo
346 3813 484 3877 Diacouo
505 3813 645 3891 adhibiti,
668 3815 721 3896 qui
743 3833 780 3880 ex
794 3814 924 3896 Vergilii
938 3813 1083 3878 Aeneidis
1106 3815 1271 3896 praecipue
1293 3829 1452 3876 commen-

234 3913 321 3978 tariis
348 3913 485 3994 fluxerit,
513 3916 603 3982 docet
624 3917 681 3981 Th.
704 3917 940 3982 Mommsenins.
949 3919 971 3995 1)
1015 3919 1119 3998 Atque
1141 3933 1179 3979 oa
1201 3933 1324 3996 quoque
1347 3914 1450 3985 verbu

234 4137 268 4192 cf.
282 4151 305 4191 e.
318 4153 344 4205 g.
357 4138 436 4206 Apol.
447 4138 483 4192 39
495 4154 520 4207 p.
536 4137 593 4206 131,
606 4141 630 4194 7.
659 4138 718 4194 Nec
735 4153 814 4194 secus
831 4137 940 4206 scripsit
958 4136 1127 4205 Capitolinus
1140 4136 1225 4190 Mare.
1237 4139 1335 4190 anton.
1349 4133 1449 4190 Philus.

233 4225 259 4292 2,
271 4225 301 4278 t:
325 4223 497 4279 ‘Oratoribus
520 4239 584 4280 usus
606 4229 649 4280 ost
666 4223 778 4280 Graecis
796 4223 895 4279 Aninio
918 4223 1026 4288 Macro,
1051 4221 1164 4279 Cauiuio
1183 4220 1277 4276 celere
1294 4225 1324 4274 et
1342 4217 1451 4274 llerode

233 4309 342 4364 Attico:
360 4309 487 4367 Latino
505 4310 644 4366 Frontone
662 4309 802 4366 Cornelio’.
838 4309 934 4377 Neque
952 4323 1015 4364 roro
1034 4323 1068 4364 ex
1086 4322 1128 4374 se,
1146 4305 1217 4374 quod
1234 4304 1347 4360 Thallus
1359 4305 1450 4374 (Apol.

237 4395 280 4464 10)
309 4395 432 4463 epitheto
458 4399 550 4464 caret,
577 4400 689 4466 praeter
715 4396 848 4450 Ebertum
875 4394 1016 4464 quisquam
1044 4391 1184 4460 collegerit
1210 4389 1408 4446 Tertullianum
1435 4404 1452 4443 e

233 4479 353 4536 Minucio
371 4481 496 4550 pendere.

304 4569 324 4634 ¹)
348 4565 439 4621 Herm.
463 4565 516 4622 Xll
541 4567 608 4622 1877
630 4583 656 4635 p.
678 4567 744 4633 4013
770 4565 804 4621 ef.
831 4565 865 4621 N.
889 4565 970 4622 Arulr.
994 4565 1020 4620 d.
1045 4565 1107 4621 Ges.
1130 4561 1149 4618 f.
1173 4563 1220 4618 tlt.
1243 4559 1373 4618 deutsche
1400 4560 1453 4614 Ge·

235 4651 380 4708 scbichtsk.
400 4652 423 4706 V
444 4655 511 4709 1880
527 4669 553 4722 p.
570 4654 613 4708 59.
