3634 5240
194 623 317 668 morum
340 602 533 690 sublimitate
555 604 587 666 et
610 601 761 684 dignitate
784 605 830 667 aa
851 603 946 668 verua
969 602 1059 680 fatre,
1085 586 1213 685 Lysiam
1236 604 1343 666 umen
1365 600 1414 664 uis

194 707 304 771 laudat
338 705 440 772 verbis
460 705 483 764 ’κ
514 704 567 786 (de
598 705 692 788 Lysia
718 705 810 792 ludio.
839 707 907 771 ο.’8
934 726 963 788 p.
985 705 1057 782 467,
1082 706 1121 767 16
1144 706 1205 786 R):
1240 697 1417 790 comitiaci

194 829 228 894 χε
254 800 350 893 αὐτὴν
371 809 427 892 (sc.
448 797 507 892 τὴν
529 803 626 888 λέξιν)
654 801 768 886 ἁπλοῦς
783 803 870 872 πάνυ
887 805 942 872 καί
954 799 1092 893 ἀφελῶς,
1119 801 1208 892 ὁρῶν,
1235 801 1286 871 ὅτι
1307 798 1364 871 odae
1384 805 1417 872 ἐν

193 914 234 998 τῇ
256 907 402 999 περιόδῳ
424 907 479 974 καί
501 911 571 986 τοῖς
593 913 743 996 ῥυθμοῖς,
765 902 834 974 ἀλλ’
859 907 892 974 ἓν
911 914 951 998 τῇ
967 908 1179 998 διαλελυμένῃ
1195 908 1280 990 λέξει
1296 904 1417 994 γίνεται

193 1011 240 1080 τὸ
263 1001 371 1099 ἦθος.
421 1014 523 1093 Quare
545 1013 713 1078 abeodem
735 1014 890 1079 Isocrates
916 1015 1111 1098 vituperatur
1134 1038 1152 1072 a
1176 1015 1227 1096 (de
1242 1014 1337 1078 Isoor.
1354 1013 1416 1078 iud.

194 1139 219 1182 c.
244 1120 263 1180 3
285 1138 315 1200 p.
340 1119 411 1193 540,
435 1118 453 1180 2
476 1116 535 1197 R):
559 1111 751 1200 σχηματίζει
773 1139 809 1180 τε
831 1122 989 1203 φορτικῶς
1009 1114 1064 1181 καί
1092 1113 1133 1181 τὰ
1161 1107 1268 1180 πολλὰ
1298 1111 1418 1202 γίνεται

197 1217 330 1305 ψυχρός,
367 1211 386 1304 ἢ
412 1221 458 1306 τῷ
489 1215 664 1305 πόρρωθεν
691 1217 867 1303 λαμβάνειν
896 1212 916 1306 ἢ
940 1223 987 1306 τῷ
1010 1214 1056 1305 μὴ
1079 1216 1250 1307 πρέποντα
1272 1211 1353 1285 εἶναι
1376 1211 1418 1283 τὰ

194 1321 345 1408 σχήματα
366 1325 435 1400 τοῖς
457 1319 649 1410 πράγμασιν
661 1314 712 1409 (ἢ)
744 1314 800 1388 διὰ
827 1323 865 1389 τὸ
892 1320 936 1408 μὴ
959 1325 1085 1408 κρατεῖν
1105 1325 1161 1386 τοῦ
1181 1319 1321 1407 μετρίου.
1345 1373 1353 1386 .
1378 1373 1385 1386 .
1410 1372 1416 1386 .

194 1422 277 1509 λέγω
299 1423 337 1490 δὲ
360 1475 367 1490 .
390 1475 397 1489 .
422 1475 430 1490 .
454 1419 493 1490 τὸ
516 1423 644 1490 διώκειν
666 1423 701 1489 ε”κ
724 1418 846 1504 παντὸς
867 1418 925 1512 τὴν
948 1417 1135 1509 εὗροθμίον.
1157 1418 1192 1489 οὐ
1211 1417 1270 1512 χδιρ
1285 1420 1417 1490 ἅπαντα

197 1527 326 1609 δέχεται
349 1547 356 1591 ·.
381 1580 388 1594 .
411 1578 418 1592 .
443 1524 571 1612 ῥυθμὸν
592 1520 649 1592 τὸν
669 1522 741 1594 ἴσον
765 1533 804 1607 (v.
828 1549 923 1613 supra
944 1551 973 1612 p.
986 1530 1028 1608 3).
1072 1529 1155 1592 Nam
1179 1530 1347 1594 averitete
1370 1548 1419 1591 re-

197 1631 323 1708 eeduut,
348 1633 401 1714 qui
424 1633 569 1696 ornatum
592 1634 694 1714 magis
713 1634 880 1698 verborum
900 1632 1072 1696 enumeris
1089 1633 1254 1696 oriundum
1271 1634 1420 1715 expetunt

197 1754 294 1816 quam
318 1735 392 1800 vim.
437 1734 592 1810 illenim,
616 1736 825 1817 quiaudiunt
853 1737 1037 1811 orationem,
1070 1736 1096 1799 si
1123 1735 1218 1822 nimis
1245 1753 1282 1799 ea
1309 1754 1419 1798 nume-

197 1856 266 1902 rose
290 1838 467 1914 aedituos
490 1840 556 1900 tam
580 1839 674 1902 verba
695 1839 764 1922 ipsa
787 1857 881 1920 quem
908 1839 1072 1920 rhythmos
1106 1839 1361 1903 animadvertunt
1387 1839 1419 1902 et

196 1939 325 2005 effectus
349 1940 559 2022 eloquentiae,
592 1941 644 2022 qui
673 1943 722 2005 est
754 1942 968 2018 „audientium
995 1941 1194 2024 approbatio“
1230 1942 1305 2021 (Cic.
1328 1942 1419 2004 Tusa.

194 2043 227 2106 ΙΙ
252 2045 284 2119 1,
308 2045 340 2123 3)
370 2043 566 2108 attenuatur:
587 2067 606 2102 a
630 2043 827 2126 Ps-Longin.
851 2045 889 2109 de
912 2044 1037 2108 sublim.
1061 2064 1086 2108 o.
1110 2047 1149 2107 41
1174 2066 1204 2129 p.
1229 2047 1284 2120 64,
1308 2045 1346 2106 21
1372 2043 1418 2108 ed.

193 2147 294 2212 Jahn:
319 2135 420 2210 ..τά
453 2143 759 2232 κατερρυθμισμένα
791 2151 856 2211 τῶν
889 2143 1065 2232 λεγομένων
1097 2138 1131 2210 οδ
1162 2139 1200 2211 τὸ
1233 2149 1289 2211 τοῦ
1323 2141 1418 2230 λόχου

197 2245 311 2328 πάθος
334 2245 488 2313 ἐνδίδωσι
509 2250 580 2326 τοῖς
603 2241 763 2328 άκσύσοσι,
784 2241 823 2315 τὸ
845 2250 882 2314 δὲ
900 2254 955 2314 τοῦ
971 2253 1107 2336 ῥυθμοῦ,
1131 2243 1175 2328 τίς
1191 2246 1289 2314 ἐνίοτε
1305 2271 1417 2336 προει-

195 2349 294 2429 δότος
321 2343 380 2430 τὰς
407 2342 617 2436 ὀφειλομένας
642 2348 830 2439 καταλήξεις
855 2345 968 2430 αὐτοὺς
995 2347 1181 2436 ὑποκρούειν
1201 2355 1270 2430 τοῖς
1291 2349 1416 2437 λέγουσι

194 2453 250 2520 καί
273 2451 460 2541 φθάνοντας
480 2446 526 2531 ιῦς
549 2450 583 2518 ἐν
602 2456 687 2541 χορῷ
710 2477 774 2518 τινι
798 2451 1061 2543 προαποδιδόναι
1083 2451 1140 2541 τὴν
1161 2453 1264 2538 βάσιν.

282 2559 413 2623 Prorsus
448 2560 554 2621 autem
588 2557 651 2622 alia
684 2561 733 2622 est
758 2558 979 2642 rhythmorum
1002 2558 1139 2622 condicio
1161 2561 1194 2622 in
1216 2561 1349 2635 musica,
1383 2559 1416 2622 in

197 2681 260 2744 qua
283 2663 438 2743 quantum
462 2660 501 2723 ad
526 2659 655 2726 allectus
671 2663 704 2726 et
718 2662 886 2726 imitandos
903 2664 934 2724 et
949 2662 1128 2726 excitandos
1148 2662 1289 2744 rhythmi
1304 2661 1417 2725 contri-

196 2767 311 2840 buant,
338 2764 430 2828 modo
454 2764 595 2828 diximus.
638 2766 680 2828 llt
713 2765 880 2829 traduntur
913 2764 1055 2848 exempla
1086 2764 1241 2846 quaedem
1274 2765 1417 2846 insignia,

197 2869 312 2950 quibus
335 2866 401 2930 sola
422 2869 544 2932 musica
565 2868 662 2932 etiam
686 2869 751 2931 sine
771 2868 872 2933 verbis
895 2869 1072 2932 auditorum
1089 2869 1209 2932 animos
1232 2887 1287 2952 per
1308 2867 1418 2949 rhyth-

195 2991 265 3036 mos
290 2971 376 3035 flecti
398 2972 430 3033 et
445 2972 634 3036 commoveri
647 2990 738 3055 posse
755 2972 995 3036 demonstretur.
1023 2971 1119 3036 Velut
1133 2971 1292 3055 pugnandi
1309 2972 1416 3034 ardore

196 3074 362 3139 incitatum
389 3091 456 3138 esse
479 3074 692 3139 Alexandrum
715 3073 867 3155 Magnum
889 3093 909 3137 a
929 3074 1092 3139 Timotheo
1115 3075 1240 3140 tibicine
1259 3072 1417 3138 Plenudes

196 3180 364 3261 postquam
386 3177 489 3240 locum
512 3176 719 3258 Hermogenis
739 3179 780 3260 (p.
805 3177 876 3253 199,
900 3177 918 3238 2
943 3177 983 3239 W
1005 3203 1042 3231 =
1071 3177 1141 3254 272,
1164 3178 1204 3240 27
1229 3177 1295 3261 Sp.)
1323 3195 1418 3259 supra

197 3301 215 3346 a
237 3281 327 3345 nobis
351 3279 544 3361 adscriptum
567 3279 776 3362 explicaturus
798 3280 935 3356 rettulit,
958 3281 1003 3344 ita
1024 3280 1127 3362 pergit
1149 3281 1191 3362 (V
1212 3282 1283 3357 458,
1305 3281 1324 3343 8
1348 3279 1416 3358 WJ:

196 3380 281 3468 φασί
304 3379 341 3445 δὲ
363 3377 418 3444 καί
433 3371 507 3458 τοὺς
521 3376 776 3468 Πυθαγορείους,
800 3373 834 3446 εἴ
849 3405 930 3446 ποτε
945 3385 1105 3468 κινηθεῖεν
1124 3376 1234 3460 αὐτοῖς
1253 3379 1416 3467 τὰπάθη,

197 3477 215 3572 iy'
244 3509 335 3561 nerag
362 3477 489 3567 ἑτέρους
516 3475 572 3547 ὑπ’
596 3476 701 3548 ου’τιῦν
733 3481 963 3567 κατεχομένους
984 3480 1177 3563 θεάσαιντο,
1211 3477 1266 3551 διὰ
1291 3487 1358 3549 τῶν
1385 3481 1418 3548 ἐν

197 3580 308 3666 αὐλοῖς
330 3583 441 3650 τεκαὶ
463 3582 619 3671 κιθάραις
640 3589 799 3672 ῥυθμῶν
824 3584 975 3672 μετάγειν
998 3584 1057 3651 ἐπὶ
1079 3579 1116 3652 τὸ
1138 3582 1339 3675 ἡμερώτερον
1361 3578 1418 3674 τὴν

198 3685 314 3775 ψυχήν.
357 3689 440 3754 Item
461 3690 666 3773 Empedocles
690 3694 798 3756 contra
819 3691 978 3755 homiuem
1002 3692 1171 3774 quendam,
1204 3711 1297 3774 quem
1320 3692 1418 3776 patris

195 3794 426 3860 interfectorem
439 3812 506 3858 esse
519 3793 675 3870 credebat,
692 3793 833 3875 gladium
851 3794 1058 3876 stringentem
1070 3797 1111 3878 (p.
1126 3796 1199 3871 459,
1212 3798 1244 3874 5)
1261 3787 1417 3880 ἀνακρου-

196 3893 336 3981 σάμενος
367 3921 401 3960 τι
433 3886 715 3982 καταστηματικὸν
738 3899 778 3982 τῇ
805 3893 930 3984 κιθάρᾳ
957 3892 1112 3978 μέλος..
1136 3949 1142 3962 .
1166 3895 1338 3963 διεκώλυσε
1362 3887 1419 3960 τὸν

196 3996 293 4089 φόνον
314 3996 480 4084 γενέσθαι,
502 3995 647 4080 χαλάσας
667 4001 725 4064 τοῦ
746 3993 912 4066 νεανίσκου
929 3989 986 4064 τὸν
1001 3990 1108 4082 θυμὸν
1121 3995 1417 4084 μαλθακωτέρα

197 4105 336 4190 ῥυθμῷ
360 4107 400 4183 (ν.
422 4102 590 4168 Boethium
613 4103 650 4166 de
672 4103 746 4166 inst.
768 4103 881 4168 musI
898 4104 929 4183 1)
939 4103 974 4186 ¹).
1008 4103 1140 4167 Maxime
1161 4105 1268 4167 autem
1290 4103 1330 4166 ad
1353 4103 1419 4166 aui·

196 4227 266 4273 mos
288 4207 457 4292 placandos
481 4205 619 4289 spondes
641 4208 715 4289 apta
736 4205 923 4271 videbantur
937 4207 1086 4282 carmina,
1109 4226 1137 4271 r.
1153 4205 1246 4270 Dion.
1261 4205 1362 4270 Helie.
1379 4205 1416 4270 de

267 4463 290 4532 ¹)
308 4461 470 4517 lamblichus
488 4460 521 4516 de
539 4460 596 4515 vite
614 4460 804 4531 Pythagorica,
823 4476 838 4515 e
856 4461 931 4515 culus
949 4476 1008 4528 cap.
1028 4459 1104 4514 XXV
1121 4463 1135 4528 ξ
1156 4463 1204 4514 113
1216 4461 1350 4516 Plauudes
1368 4476 1418 4514 sue

196 4551 338 4603 mutuatus
355 4551 410 4614 est,
437 4563 489 4602 non
513 4546 679 4616 rhythmum,
706 4546 754 4601 sed
781 4545 955 4601 πεπαντικόν
981 4566 1009 4598 τι
1034 4543 1114 4614 μέλος
1131 4551 1178 4598 καὶ
1197 4543 1418 4605 καταστσλτικάν

197 4637 392 4690 commemoret
409 4635 445 4704 (p.
464 4635 506 4702 83,
526 4635 540 4686 1
559 4631 601 4686 ed.
619 4633 733 4699 Nauck).
