3634 5240
838 405 877 468 95

253 627 358 690 locum
392 627 469 692 haec
503 629 598 693 adicit
629 629 762 694 Ioannes
796 629 855 693 Sic.
886 627 931 690 Vl
963 629 1034 703 241,
1058 630 1077 690 2
1105 627 1159 690 W:
1188 620 1297 691 ὁ...
1326 627 1475 712 τροχαῖος

252 723 386 805 εἰκότως
408 723 458 794 ὅτι
481 721 652 817 ἀναγκάζει
673 728 804 816 τρέχειν,
828 724 909 795 ὅθεν
931 722 1088 795 ἀνοίκειον
1108 733 1156 816 τῷ
1179 731 1293 815 σεμνῷ.

572 989 590 1070 §
619 989 669 1052 22.
713 988 767 1052 De
790 988 967 1070 rhythmo
989 988 1161 1054 iambico.

338 1142 451 1220 Iambi,
475 1142 549 1206 licet
571 1144 722 1207 tardiores
745 1142 910 1206 videantur
925 1142 1023 1206 llario
1039 1142 1197 1207 Victorino
1220 1161 1316 1224 quam
1337 1142 1475 1206 trochaei

254 1246 293 1328 (p.
317 1246 367 1321 84,
391 1246 410 1307 9
432 1245 477 1308 K:
512 1246 655 1323 „iambus
683 1245 838 1310 contrario
872 1246 934 1309 situ
966 1247 1143 1328 temporum
1174 1245 1304 1320 tardior,
1338 1244 1422 1309 unde
1450 1243 1477 1306 ei

254 1347 359 1423 ctiam,
382 1351 419 1410 nt
434 1348 562 1428 quidam
578 1350 702 1430 putant,
725 1348 859 1412 inditum
875 1366 989 1411 nomen
1005 1351 1054 1412 est
1068 1348 1171 1412 iambo
1195 1339 1281 1429 [ἀπὸ
1303 1350 1359 1411 τοῦ
1381 1340 1477 1422 ἰέναι,

252 1449 283 1513 id
315 1451 364 1514 est
394 1450 456 1525 ire,
492 1451 728 1534 appellatur]“)‚
761 1469 821 1515 non
860 1451 960 1514 rarius
993 1450 1138 1514 dicuntur
1168 1452 1285 1515 celeres
1316 1450 1364 1513 vel
1392 1449 1477 1512 citati

254 1571 348 1634 quam
383 1554 536 1630 trochaei,
568 1555 613 1616 ita
648 1558 754 1618 tamen
792 1555 829 1616 ut
860 1572 1035 1634 numquam
1062 1557 1227 1636 tamquam
1261 1553 1368 1616 lascivi
1398 1552 1478 1615 vitu·

255 1657 415 1738 peremtum
441 1656 537 1720 immo
568 1657 678 1721 laudat
703 1675 755 1720 ecs
783 1656 952 1738 Dionysius
981 1655 1052 1720 Hal.
1080 1675 1178 1739 comp.
1206 1657 1290 1720 verb.
1322 1674 1347 1718 c.
1378 1655 1415 1717 17
1448 1675 1477 1737 p.

254 1758 315 1821 220
332 1758 420 1822 Seu:
443 1750 624 1841 ἴαμβος
649 1808 656 1822 .
680 1751 767 1822 ἔστιν
795 1750 851 1822 οὐκ
874 1748 994 1844 ἇγενής,
1018 1760 1104 1823 etin
1127 1759 1294 1841 tragoediis
1318 1760 1475 1822 tumorem

254 1861 399 1944 spondeis
432 1870 525 1943 atque
556 1862 668 1926 iambis
699 1861 834 1926 maxime
867 1863 1017 1926 contineri
1048 1866 1155 1926 auctor
1186 1863 1235 1926 est
1265 1860 1478 1940 Quintilianus

253 1963 299 2027 IX
321 1965 352 2040 4,
377 1965 447 2027 140.

342 2067 543 2132 Celeritalem
565 2067 661 2131 iambi
685 2068 826 2132 indicunt
848 2068 880 2131 hi
896 2068 970 2132 loci:
994 2067 1104 2132 Horat.
1121 2065 1384 2144 carm.116,22:
1408 2086 1478 2144 „me

259 2187 381 2251 quoque
403 2171 537 2252 pectoris
565 2171 743 2254 Temptavit
765 2173 795 2234 in
820 2171 903 2234 dulci
925 2171 1053 2234 iuventa
1080 2171 1193 2234 Feruor
1215 2172 1247 2233 11
1268 2170 1301 2232 in
1329 2171 1478 2234 celeres

256 2273 377 2336 iambos
401 2272 488 2336 Misit
510 2273 706 2347 furentem“;
744 2274 781 2337 de
805 2276 871 2338 arte
893 2278 975 2357 poet.
1000 2276 1077 2336 251:
1108 2272 1255 2355 „Syllaba
1277 2272 1370 2355 longa
1392 2273 1478 2336 brevi

256 2376 398 2439 subiecta
413 2377 542 2439 vocatur
557 2376 691 2452 iambus,
713 2375 774 2440 Pes
798 2377 930 2451 citus“;
953 2377 1129 2440 Terentiam.
1146 2375 1245 2439 Maur.
1263 2377 1359 2438 1383:
1383 2377 1479 2452 „iam-

254 2479 327 2554 bus,
360 2496 415 2561 pes
448 2478 544 2543 virilis
578 2497 649 2542 acer
680 2481 712 2543 et
740 2479 854 2562 raptim
889 2479 1022 2553 citus“;
1060 2479 1159 2540 2182:
1192 2478 1342 2554 „Adest0,
1375 2479 1478 2543 iambe

254 2599 430 2664 praepes,
460 2583 493 2645 et
515 2581 561 2644 tui
583 2583 677 2644 tenax
699 2580 822 2664 Vigoris
846 2581 925 2645 adde
948 2584 1105 2645 concitum
1128 2581 1231 2645 celer
1253 2580 1378 2664 pedem,
1413 2581 1480 2644 Nec

258 2684 389 2748 alterius
405 2683 548 2765 indigens
564 2683 631 2766 opis
647 2685 728 2760 veni,
752 2683 812 2748 Sed
829 2685 895 2766 ipse
910 2703 1002 2749 verus
1017 2686 1198 2765 integerque
1215 2683 1334 2747 seriens
1357 2683 1479 2747 Adusta

256 2787 329 2852 lelle
359 2787 460 2868 qualis
484 2789 556 2850 ante
584 2786 723 2850 carmina
756 2787 863 2852 Dabas
887 2806 1032 2863 amarus,
1064 2788 1148 2851 ultor
1169 2787 1324 2870 impotens
1347 2787 1392 2848 tui
1427 2785 1478 2867 (de

255 2891 314 2954 hac
341 2889 438 2953 iambi
464 2888 568 2953 indole
596 2907 667 2952 mox
694 2893 846 2971 agemus).
889 2890 985 2955 Vides
1015 2893 1051 2954 11
1076 2891 1140 2954 1111
1167 2890 1261 2952 11111
1286 2890 1390 2971 raptet
1421 2889 1479 2950 inr-

255 2994 356 3075 petus,
380 2992 574 3073 Brevemque
598 2992 707 3056 crebra
722 2993 940 3075 consequendo
963 2993 1091 3075 longule
1114 2991 1244 3056 Oitnm
1267 2990 1399 3054 subinde
1416 2991 1479 3054 vel-

256 3097 310 3159 vat
332 3095 430 3158 artius
447 3100 596 3168 sonum“;
622 3095 718 3157 1963:
743 3099 853 3179 „aptes
868 3095 1022 3161 Oontinue
1045 3096 1193 3179 trepido
1216 3095 1322 3178 plures
1345 3093 1480 3157 conectit

255 3198 376 3262 iambos
410 3201 463 3278 (sc.
496 3197 634 3281 Euripid.
669 3198 702 3260 in
736 3196 837 3262 01111.
873 3199 956 3261 1369
989 3199 1085 3280 11.)“;
1125 3196 1257 3261 Rufinus
1291 3196 1342 3276 (de
1375 3197 1479 3260 iambo

255 3301 474 3383 hipponacteo)
517 3320 547 3383 p.
583 3300 657 3376 559,
692 3299 710 3361 6
745 3299 791 3362 K:
829 3301 987 3378 „Ultimus
1026 3301 1268 3384 amphibrachys
1305 3299 1480 3363 velocem

257 3403 376 3467 claudit
397 3403 555 3466 iambum“
581 3404 613 3466 et
634 3403 726 3485 paulo
749 3407 820 3486 post
843 3404 880 3467 de
901 3405 1032 3488 pedibus
1054 3405 1260 3468 iambicorum
1279 3421 1428 3466 versuum
1447 3401 1480 3464 in

146 3533 151 3554 ·
256 3505 414 3569 comoedia
448 3507 669 3588 usurpatorum
697 3505 834 3572 referens
857 3507 949 3570 Marii
971 3506 1123 3571 Victorini
1150 3506 1323 3570 doctrinam
1357 3508 1397 3587 (p.
1422 3504 1475 3578 80,

258 3609 297 3670 30
321 3626 388 3689 sqq.
411 3607 441 3671 K
465 3605 648 3691 expositam)
673 3609 717 3672 ait
738 3629 766 3672 v.
791 3610 845 3672 17:

423 3710 596 3794 „Dactylus
620 3714 675 3774 aut
698 3712 856 3794 spondeus
878 3713 960 3776 inest
982 3713 1030 3776 vel
1057 3731 1188 3775 cursor
1210 3711 1344 3786 iambus,

422 3816 487 3880 Aut
509 3815 698 3896 anapaestus
722 3816 788 3892 erit,
810 3816 903 3899 positi
927 3815 1105 3878 discrimine
1129 3815 1215 3878 nullo

421 3917 569 3981 Partibus
591 3915 623 3978 in
646 3917 760 3997 quinis.
804 3917 888 3982 Nam
911 3920 982 4001 post
1004 3918 1106 3981 celer
1128 3920 1214 3981 extat
1236 3916 1367 3994 iambus,

422 4019 642 4102 Pyrrichiusve
665 4019 746 4083 citus
770 4019 865 4085 finem
888 4021 1073 4085 concludere
1093 4021 1223 4103 possit.“

256 4123 369 4205 Itaque
399 4123 556 4188 Ausonius
583 4122 724 4187 iambum
752 4126 796 4189 sic
824 4125 994 4208 alloquitur
1017 4124 1119 4206 (epist.
1150 4122 1225 4186 XXI
1249 4125 1278 4198 2,
1303 4123 1375 4205 ill:
1405 4122 1481 4200 „Fer

259 4227 340 4291 hanc
363 4226 498 4290 salutern
521 4243 680 4308 praepes
703 4230 735 4290 et
756 4228 978 4310 volucripes
1082 4226 1168 4290 Nihil
1190 4225 1320 4290 moreris
1343 4225 1479 4305 iamque,

257 4329 332 4394 dum
355 4331 477 4410 loquor,
511 4329 590 4405 redi,
625 4326 770 4393 Imitatus
793 4330 883 4394 illum
913 4330 1018 4412 stirpis
1048 4333 1207 4394 auctorem
1230 4332 1303 4392 tuae
1338 4328 1397 4410 (sc.
1421 4327 1480 4391 Pe·

257 4435 415 4516 gasum).“
461 4433 571 4497 Eidem
595 4434 644 4495 est
668 4432 850 4508 „dimetria“
875 4433 972 4515 (quod
997 4423 1479 4517 11111111111111ἅπαξεῖρη-

256 4530 365 4616 μένον)
399 4536 573 4618 volucripes
607 4535 847 4618 1111111112,
874 4537 944 4599 104.
990 4536 1079 4601 Conf.
1103 4535 1199 4599 etiam
1221 4534 1408 4617 Apollinaris
1433 4532 1481 4597 Si·

258 4637 342 4702 donii
357 4638 504 4705 carminis
521 4638 673 4721 epistulae
689 4638 735 4702 IX
752 4639 917 4704 1111111111
934 4659 960 4702 v.
974 4639 1012 4700 37
1030 4642 1072 4721 (p,
1089 4639 1151 4700 475
1168 4637 1213 4701 ed.
1229 4637 1350 4718 Baret):
1367 4635 1480 4714 „Nunc
