3560 5242
887 375 1098 474 ,λζ-

382 614 548 660 manorum
572 597 724 680 pietatem
745 597 991 681 religionemque
1016 597 1144 662 deorum
1168 617 1229 662 non
1253 598 1430 676 inlusisset,
1455 599 1480 662 si
1505 597 1612 680 scrip-

383 699 475 763 sisset
502 699 660 764 Romanos
690 700 799 764 alienis
828 700 974 782 gentibus
1003 700 1085 765 bello
1112 701 1198 765 illato
1221 701 1363 785 templis,
1391 703 1472 777 aris,
1501 720 1616 765 sacer·

385 800 511 866 dotibus
545 822 607 866 non
639 804 831 887 pepercisse:
878 804 914 866 cf.
943 801 1012 868 Oct.
1041 804 1092 880 25,
1120 805 1210 886 4sq.
1266 804 1343 868 Tem
1378 804 1440 868 acri
1472 807 1615 885 tamque

387 904 510 970 ardenti
548 907 686 970 oratione
724 907 1134 990 Funus.improbitasis
1171 905 1384 990 patrocinio
1423 909 1616 989 suscepto

385 1006 461 1088 (Cic.
491 1007 528 1072 do
551 1029 584 1074 re
607 1009 692 1093 publ.
714 1009 764 1074 HI
787 1011 816 1086 5,
838 1009 871 1091 8)
906 1009 937 1073 in
968 1009 1156 1074 iniustitiam
1190 1011 1403 1075 Romanorum
1438 1013 1523 1075 certe
1565 1010 1616 1072 in-

386 1116 494 1176 vectus
523 1131 585 1176 non
609 1114 667 1176 est.
713 1112 765 1177 Sic
788 1112 969 1194 loquentem
992 1111 1100 1178 Cicero
1124 1132 1162 1177 ne
1186 1113 1327 1179 Laelium
1351 1113 1479 1196 quidem
1501 1114 1616 1178 fecere

385 1215 503 1297 potuit,
538 1215 587 1280 cui
615 1216 808 1299 propositum
836 1218 886 1279 cst
912 1215 1075 1280 ostendere
1102 1216 1192 1280 ‘nihil
1219 1219 1285 1280 tam
1313 1216 1477 1281 inimicum
1508 1235 1618 1299 quam

385 1317 572 1382 iniustitiam
600 1318 727 1382 civitati*
765 1321 857 1402 (Aug.
885 1319 919 1384 G.
942 1319 981 1382 D.
1011 1318 1044 1382 H
1067 1321 1131 1398 21).
1176 1319 1286 1402 Neque
1315 1319 1417 1402 magis
1446 1319 1618 1400 intellego,

388 1439 450 1503 qna
472 1439 505 1484 re
528 1439 678 1504 cogamur
693 1420 819 1487 credere
835 1422 931 1487 verba
946 1423 1105 1487 ‘nimirum
1121 1422 1254 1504 insignis
1270 1425 1303 1486 et
1316 1422 1430 1487 nobilis
1453 1421 1619 1486 institia

387 1524 530 1588 Romana
552 1544 579 1590 c.
602 1545 632 1606 q.
656 1525 689 1588 εὖ
725 1524 873 1591 Cicerone
905 1529 1031 1590 auctore
1066 1545 1085 1590 a
1107 1525 1243 1590 Minucio
1272 1526 1389 1609 scripta
1411 1545 1481 1592 esse
1502 1544 1617 1606 neque

388 1627 492 1704 video,
515 1646 571 1692 cur
594 1627 632 1692 ab
657 1628 723 1692 eius
746 1628 874 1692 consilio
897 1628 1079 1693 ostendendi
1103 1629 1358 1712 superstitionem
1374 1626 1526 1693 Romanis
1551 1626 1618 1690 im·

387 1731 509 1814 perium
532 1749 594 1795 non
617 1731 795 1821 fundavisse
819 1731 922 1796 aliena
944 1731 984 1795 sit
1007 1731 1087 1814 asyli
1109 1733 1286 1810 constituti,
1310 1732 1415 1797 fratris
1439 1728 1618 1794 aRomuln

387 1832 559 1910 interfecti,
593 1835 750 1918 virginum
778 1853 814 1899 er
846 1834 970 1899 Sabinis
999 1837 1161 1918 raptarum
1187 1835 1314 1900 mentio.
1364 1835 1409 1900 Ut
1431 1834 1514 1898 enim
1538 1851 1618 1916 pro-

388 1937 478 2001 baret
505 1936 653 2020 religione
681 1938 840 2008 Romanos
867 1938 1032 2021 imperium
1061 1941 1245 2002 consecutos
1277 1957 1447 2013 noussen,
1482 1936 1619 2001 domon-

390 2039 554 2103 strendum
580 2040 608 2104 ei
637 2042 705 2104 eret
727 2041 839 2125 impios
861 2041 1021 2106 Romanos
1043 2041 1149 2106 fnisse.
1193 2040 1349 2120 Quoniam
1372 2044 1479 2106 sutem
1501 2039 1617 2122 religio

388 2141 523 2206 maxime
547 2143 685 2207 cernitur
706 2144 738 2207 in
760 2145 916 2209 institia
941 2180 978 2190 —-
1003 2144 1128 2227 scripsit
1150 2144 1233 2209 enim
1247 2143 1327 2209 haec
1345 2145 1412 2228 ipse
1434 2142 1616 2207 Minucius:

390 2244 485 2328 lapud
497 2264 553 2310 nos
565 2246 737 2328 religiosior
748 2250 798 2312 est
811 2245 865 2311 ille
882 2247 935 2330 qui
946 2247 1093 2312 iustior'
1108 2249 1157 2324 32,
1175 2248 1234 2327 3,¹)
1249 2283 1285 2292 —
1300 2246 1466 2328 quomodo,
1482 2263 1616 2328 quaeso,

391 2349 428 2411 de
451 2348 612 2431 impietate
635 2349 849 2415 Romanorum
872 2351 985 2416 melius
1007 2350 1139 2434 paganis
1161 2349 1349 2434 persuadere
1372 2349 1489 2434 potuit,
1513 2367 1618 2431 quarn

389 2452 612 2516 iniustitiae
635 2453 796 2517 Romanae
820 2452 971 2537 exemplis
994 2454 1144 2536 prolatis?
1175 2453 1270 2532 ¹¹Quae
1292 2455 1329 2517 nt
1350 2449 1616 2536 proferretquid

392 2554 539 2620 Cicerone
561 2555 718 2638 indiguit?

476 2658 589 2741 Itaque
612 2678 685 2723 cnm
708 2659 772 2724 veri
796 2659 896 2724 simile
920 2658 962 2723 sit
976 2659 1150 2724 Minucium
1174 2658 1228 2724 illo
1243 2659 1310 2724 loco
1326 2659 1507 2726 Ciceronem
1523 2677 1616 2722 secu-

392 2762 461 2825 tum
499 2781 560 2826 non
598 2781 682 2839 esse,
715 2781 754 2827 ne
788 2762 971 2827 Tertulliani
1010 2762 1138 2843 quidem
1172 2762 1411 2828 subtilissimam
1446 2779 1617 2844 argumen-

393 2864 546 2930 tationem
569 2884 606 2929 ex
629 2865 680 2929 illo
704 2865 840 2948 pendere
864 2865 1049 2930 contendere
1071 2865 1161 2942 licet,
1185 2884 1280 2947 quarn
1302 2865 1499 2930 Minucianne
1523 2881 1616 2947 prae·

394 2968 556 3032 ferendam
590 2987 658 3032 esse
692 2967 757 3051 ipse
788 2968 988 3034 Schwenkins
1023 2967 1185 3032 confessus
1219 2971 1275 3033 est
1331 2969 1398 3034 Nec
1427 2967 1528 3050 magis
1563 2965 1615 3030 lris

397 3070 473 3135 locis
497 3070 633 3135 efficitur
654 3071 885 3137 Tertullianum
907 3071 1036 3136 Minucii
1060 3073 1221 3136 auctorem
1245 3072 1352 3136 finisse.
1393 3070 1554 3156 Superest,
1578 3071 1616 3132 nt

394 3176 572 3238 statuamus
595 3175 690 3239 etiam
713 3174 762 3238 his
778 3173 855 3239 locis
871 3174 1044 3240 Minucium
1060 3177 1092 3239 et
1106 3174 1337 3239 Tertullianum
1353 3193 1391 3239 ox
1407 3193 1469 3239 uno
1485 3177 1615 3238 auctore

393 3277 543 3362 pendere,
556 3281 580 3360 ²)
613 3279 665 3360 qui
696 3279 771 3360 quin
800 3278 1030 3343 ecclesiasticus
1054 3277 1150 3342 suerit
1172 3279 1304 3362 scriptor
1325 3277 1376 3342 rix
1399 3277 1531 3342 dubium
1553 3279 1615 3350 ost,

395 3399 469 3446 oum
494 3381 526 3445 in
554 3384 685 3463 utroque
712 3382 780 3446 loco
811 3381 963 3465 impressa
994 3381 1058 3445 sint
1083 3381 1216 3464 vestigia
1242 3381 1307 3446 irae
1334 3380 1419 3446 illins
1447 3399 1484 3444 ac
1507 3379 1614 3452 studii,

396 3483 510 3566 quibus
548 3485 712 3567 apologeta
745 3483 943 3549 Christianus
981 3484 1230 3549 adversariorum
1267 3483 1521 3567 superstitionem
1554 3484 1615 3546 irn-

395 3589 600 3670 pugnsverat.
644 3587 826 3671 Apologetis
856 3586 982 3668 quidem
1009 3586 1209 3670 potissimum
1238 3589 1269 3651 in
1300 3586 1419 3652 deliciis
1451 3585 1511 3650 luit
1544 3603 1616 3668 pro·

396 3691 470 3754 bare
493 3690 676 3774 religionem
699 3709 735 3755 ao
756 3692 908 3774 pietatem
923 3690 1075 3755 Romanis
1097 3691 1264 3774 imperium
1280 3709 1343 3754 non
1359 3689 1491 3754 dedisse.
1526 3688 1615 3754 Addo

397 3793 473 3858 locis
497 3813 527 3877 p.
552 3794 590 3855 17
609 3812 655 3874 sq.
680 3793 751 3857 adri.
775 3795 794 3856 3
817 3794 920 3858 allatis
943 3796 1023 3876 Aug.
1046 3795 1085 3858 de
1101 3813 1185 3858 cons.
1210 3813 1255 3859 ev.
1278 3793 1294 3857 Ι
1319 3794 1359 3857 18
1383 3813 1440 3876 sq.‚
1465 3793 1518 3856 ubi
1537 3809 1615 3856 num

396 3896 573 3960 Minucium
595 3899 791 3979 Augustinus
818 3897 960 3960 imitatus
991 3897 1046 3974 sit,
1074 3897 1156 3980 qnod
1187 3897 1367 3962 Schuenlrio
1397 3897 1430 3976 (l.
1454 3915 1479 3960 o.
1501 3916 1530 3979 p.
1553 3894 1614 3957 271

398 4045 608 4053 ...ι--ι--υ--ιι

468 4121 490 4184 ¹)
516 4118 593 4172 ant
619 4118 639 4171 l.
663 4118 693 4171 ll.
714 4119 737 4171 V
759 4121 798 4181 19,
816 4121 864 4172 30:
889 4117 999 4173 ‘Nostra
1018 4134 1081 4172 vera
1100 4117 1195 4186 religio
1220 4123 1248 4172 et
1273 4118 1351 4172 firma
1376 4124 1419 4172 est
1437 4123 1465 4172 et
1483 4116 1570 4170 solide
1589 4121 1617 4170 et

398 4203 584 4268 immutabilis,
603 4204 666 4272 quia
684 4203 860 4258 iustitiam
879 4203 974 4258 docet)
1004 4204 1040 4257 Vl
1059 4207 1101 4269 25,
1121 4206 1148 4258 l:
1167 4204 1258 4260 ‘Nulla
1278 4203 1365 4273 igitur
1383 4203 1438 4258 ulia
1457 4201 1555 4270 religio
1574 4206 1616 4256 cst

399 4306 478 4356 uera,
497 4291 549 4344 nisi
568 4305 637 4357 quae
655 4289 758 4344 virtute
777 4305 810 4344 ac
827 4289 973 4358 ilustitia
991 4290 1116 4344 constat'.

460 4379 490 4444 Ρ)
505 4376 613 4444 Optime
633 4376 767 4444 quadrant
785 4376 811 4430 in
830 4375 879 4430 hos
897 4375 969 4430 locos
988 4375 1055 4432 haec
1070 4376 1152 4430 uerba
1166 4375 1283 4430 Hartelii
1297 4377 1325 4446 ll.
1339 4391 1361 4428 c.
1381 4391 1406 4442 p.
1424 4375 1500 4438 366):
1520 4371 1616 4426 ‘Wenu

399 4460 535 4515 Minucius
563 4461 614 4516 den
638 4461 787 4516 Terlnlliau
815 4461 881 4515 oder
905 4461 1054 4515 Tertullian
1082 4460 1134 4515 den
1159 4460 1291 4515 Minucius
1314 4460 1355 4515 als
1375 4460 1492 4527 Vorlage
1516 4457 1617 4526 gehabt

400 4547 491 4606 nette.
511 4547 600 4602 ullrde
619 4548 662 4603 die
682 4547 964 4614 Uebereiustimmung
983 4548 1043 4601 eine
1061 4547 1174 4601 scitans
1194 4545 1410 4614 grossetanam,
1429 4545 1469 4598 als
1488 4543 1526 4598 sio
1547 4543 1617 4596 thet·

401 4631 520 4690 stchlloh
540 4634 582 4690 ist.
613 4635 648 4689 So
660 4635 732 4689 ohne
746 4635 832 4691 Sciron
851 4632 994 4689 ver-latren
1009 4631 1085 4686 balde
1097 4633 1134 4686 ini
1148 4632 1347 4689 Aursclrreilron
1360 4630 1478 4686 tremeler
1490 4629 1618 4699 Quellen'.
