3546 5236
793 424 852 488 127

208 614 263 697 qni
298 617 443 698 Augusto
478 615 657 700 imperante
690 616 734 682 ad
763 617 962 702 exemplaria
989 617 1117 683 Graeca
1147 619 1291 683 carmina
1319 618 1437 682 Latina

207 719 383 804 fingebant.
430 722 565 788 eandem
590 723 748 789 rationem
773 723 899 790 Seneca
922 725 956 788 in
979 723 1106 789 solutae
1130 743 1257 808 quoque
1282 724 1438 790 crettonis

209 828 299 894 libris
329 836 458 895 secutas
488 831 595 912 est⁴⁴),
634 830 685 896 cui
723 839 758 895 ut
794 831 827 895 in
864 829 940 897 aliis
972 831 1082 896 multis
1114 831 1210 898 rebus
1239 831 1346 896 sicin
1376 830 1438 895 hac

208 943 303 1020 pater
325 935 510 1020 praeiverat
534 936 722 1003 scribendo:
751 937 915 1022 Antiphon,
940 941 1119 1019 Euctemon,
1145 939 1257 1018 Baros,
1283 938 1359 1003 alia.
1405 937 1438 1001 in

209 1043 389 1125 tragoediIs
417 1062 502 1126 vero,
532 1063 667 1127 quarum
694 1053 885 1127 argumenta
915 1065 1042 1128 quoque
1065 1044 1140 1110 huic
1163 1044 1271 1110 studio
1295 1047 1436 1117 faveant.

210 1167 249 1214 eo
283 1169 477 1234 progressus
515 1159 566 1216 est
601 1158 637 1215 nt
672 1151 706 1216 in
739 1151 903 1217 Troadum
940 1150 1029 1216 cheri
1066 1151 1193 1217 cantico
1230 1152 1325 1216 tertio
1357 1151 1441 1216 inter

209 1256 428 1339 quadraginta
466 1257 529 1322 tria
566 1259 696 1323 nomina
742 1258 963 1342 undetriginta
1008 1258 1154 1324 Graecas
1195 1258 1438 1324 terminationes

209 1362 360 1428 habeant.
398 1364 512 1429 eadem
537 1365 578 1430 de
602 1385 703 1431 causa
727 1365 847 1430 factum
872 1374 923 1431 est
945 1372 980 1432 ut
1003 1366 1190 1451 plerumque
1211 1365 1346 1430 formam
1364 1388 1439 1430 aera

210 1490 284 1534 raro
307 1493 408 1536 aerem
433 1471 626 1556 poneret⁴⁵),
650 1493 699 1556 ep.
714 1492 792 1540 mor.
807 1473 887 1537 XIX
902 1477 931 1556 b,
951 1477 988 1538 ll
1004 1474 1261 1538 Poabormitoaos
1275 1472 1438 1551 scriberet,

210 1577 372 1642 nominum
386 1579 574 1644 Latinorum
599 1579 719 1644 formas
734 1579 879 1646 Graecas
894 1581 979 1664 Syllo
999 1589 1031 1646 et
1049 1582 1225 1664 Tyraoaiae
1249 1579 1304 1650 lde
1327 1579 1439 1644 brevit.

210 1685 373 1772 vissae),
384 1707 466 1770 quas
481 1686 623 1754 editores
639 1707 679 1754 ex
694 1687 860 1754 codicibus
875 1706 939 1754 non
953 1694 1151 1773 receperunt,
1162 1687 1288 1754 Latinis
1305 1687 1440 1752 8011001

214 1793 589 1878 Turoouiucpreeserret.
606 1796 683 1878 quin
693 1795 790 1861 etiam
802 1794 960 1878 frequenti
970 1794 1109 1861 lectione
1119 1794 1251 1860 Homeri
1260 1801 1293 1860 et
1302 1793 1438 1858 aliorum

212 1899 351 1966 fortasse
370 1909 537 1984 poetarum
558 1901 720 1987 epicorum
738 1902 845 1968 evenit
858 1909 894 1966 ut
908 1901 1101 1985 quibusdam
1115 1899 1196 1966 locis
1215 1901 1336 1966 formas
1355 1899 1438 1965 Ioni-

212 2027 268 2072 cas
292 2006 380 2070 velut
406 2009 587 2074 Trechina
611 2009 717 2088 (Herc.
741 2008 811 2074 Oet.
835 2011 898 2076 135
922 2010 969 2075 sie
992 2009 1023 2092 Σ,
1050 2011 1202 2074 Trocbiaa
1225 2007 1261 2090 Ε,
1288 2009 1441 2072 Trachina

212 2113 332 2196 adbuc)
349 2122 382 2178 et
395 2116 569 2198 illepareu
593 2115 681 2193 (ibid.
696 2118 761 2183 903
776 2119 899 2200 Mepere
911 2117 948 2199 E,
972 2116 1116 2200 sequitur
1137 2137 1253 2199 aeorpc,
1281 2116 1439 2195 Meparem

213 2217 327 2302 adbuc,
351 2221 438 2302 quod
462 2223 599 2298 correxi)
624 2223 813 2305 vulgaribus
836 2223 1071 2308 praeferret⁴⁸t
1109 2231 1221 2288 contra
1244 2221 1359 2286 Tracb.
1374 2223 1438 2286 bll

215 2325 432 2409 Cephallanum
457 2337 554 2408 extat,
578 2351 663 2413 qnae
687 2330 798 2414 forma,
822 2333 850 2396 si
870 2331 1000 2396 codices
1015 2330 1253 2396 vetustissimos
1269 2329 1441 2412 sequimur,

213 2432 287 2500 aliis
312 2455 438 2519 quoque
462 2437 673 2522 scriptoribus
698 2437 849 2504 usitatior
879 2437 1007 2504 videtur
1029 2437 1131 2504 fnisse
1155 2457 1251 2521 quam
1280 2456 1329 2518 ea,
1357 2455 1441 2518 quae

214 2541 358 2624 vulgaris
373 2542 498 2626 dicitur,
525 2545 727 2629 Cephallenes.
766 2545 831 2610 iam
853 2565 930 2610 vero
954 2545 1018 2628 vix,
1042 2552 1128 2630 puto,
1152 2545 1323 2628 quisquam
1346 2541 1439 2607 mira·

214 2648 306 2732 bitur,
335 2651 364 2714 si
392 2650 587 2716 contendero
616 2651 749 2736 Thyest
773 2655 838 2718 872
869 2653 1052 2736 Commta,
1082 2650 1167 2735 quod
1191 2651 1218 2714 Ε
1246 2669 1305 2735 pro
1329 2647 1442 2732 vulga

214 2756 374 2841 scriptura
390 2759 550 2840 Cyrmsare
574 2758 680 2841 babet,
704 2759 737 2823 in
754 2759 964 2842 Cynocoyra
986 2759 1007 2824 i.
1022 2778 1048 2824 e.
1064 2757 1236 2842 Κυνόσωρα
1253 2755 1441 2822 mutandum

215 2863 334 2938 esse⁴⁷l
359 2872 392 2930 et
415 2883 464 2950 ep.
488 2886 565 2930 mor.
589 2867 651 2930 XII
675 2873 699 2948 I,
726 2869 766 2932 14
791 2869 932 2931 trotitiae
954 2867 986 2930 in
1011 2866 1037 2929 P
1062 2874 1102 2944 (v.
1123 2863 1293 2930 Chatelain
1316 2886 1347 2949 p.
1364 2861 1441 2948 146)

307 3004 343 3070 “)
361 3024 386 3061 v.
406 3023 489 3076 supra
511 3025 538 3076 p.
557 3009 599 3062 61.
637 3009 710 3062 idern
737 3008 787 3062 alii
815 3009 938 3063 lecerunt
965 3008 1042 3063 velut
1071 3008 1197 3078 Hyginus
1224 3011 1253 3061 et
1281 3006 1444 3061 Ammianus

214 3093 399 3159 Marcellinus,
428 3097 528 3165 quibus
556 3097 673 3152 formam
697 3099 886 3166 Spartae:
903 3097 1003 3165 Spar-ti
1024 3097 1084 3151 iure
1106 3097 1227 3152 reddidit
1249 3097 1285 3150 M.
1305 3095 1445 3165 Hauptius

217 3184 312 3250 Opiter.
328 3183 368 3238 III
381 3201 408 3254 p.
423 3185 484 3239 411.
515 3203 570 3239 non
588 3185 679 3240 minus
697 3189 773 3240 certe
791 3189 833 3239 est
848 3185 951 3240 Gertzii
970 3185 1136 3250 emendatio,
1155 3203 1211 3253 qna
1225 3186 1297 3254 apud
1313 3185 1443 3239 Senecam

215 3270 249 3325 de
267 3271 309 3326 ira
327 3272 367 3326 III
381 3275 424 3336 20,
439 3273 457 3326 2
475 3273 575 3328 codicis
594 3275 618 3328 A
637 3275 801 3343 scripturam
820 3293 880 3327 mac
898 3277 1009 3329 rabidae
1027 3277 1188 3336 (maerebatis
1203 3274 1231 3338 L,
1251 3277 1386 3328 1010101110
1401 3275 1443 3340 Ρ),

216 3377 287 3428 quae
306 3363 437 3417 antesin
459 3365 591 3418 Macrobii
609 3363 652 3418 vel
673 3365 852 3418 Macrobiotae
871 3365 1040 3426 mutabatur,
1064 3364 1094 3417 in
1115 3365 1299 3417 Macrobioe
1318 3364 1444 3417 correxit.

216 3449 312 3518 itaque
343 3451 427 3505 miror
459 3452 532 3520 quod
564 3453 599 3507 ed
632 3452 710 3507 Helv.
735 3453 760 3516 9,
784 3453 801 3506 8
834 3453 949 3507 formam
978 3457 1122 3522 Aepyptoe,
1154 3471 1238 3521 quam
1271 3451 1391 3506 codicem
1420 3455 1443 3506 A

216 3544 325 3594 secutus
349 3541 379 3594 in
399 3543 644 3610 Diuquieitiom'bue
662 3545 695 3596 dc
713 3545 827 3597 Senecae
845 3545 899 3608 filii
918 3546 1029 3611 seriptis
1047 3545 1152 3596 critias
1169 3559 1195 3610 p.
1214 3541 1233 3594 4
1250 3541 1312 3594 adn.
1333 3541 1350 3594 2
1373 3533 1451 3596 00111-Ι

216 3628 418 3696 mandaveram,
438 3631 624 3700 recipiendam
644 3649 701 3686 esse
715 3631 838 3700 negavit.
866 3631 961 3686 eadem
980 3631 1116 3700 reperitur
1133 3631 1163 3684 in
1178 3629 1313 3684 Hadriani
1332 3647 1445 3684 nummo

216 3719 359 3773 notissimo
387 3720 526 3775 delineato
555 3720 584 3774 in
612 3721 725 3775 Millinii
755 3721 824 3774 libro
851 3721 901 3788 qni
930 3720 1090 3775 inscribitur
1118 3719 1227 3774 Galeria
1250 3721 1446 3788 mytholopt'que

216 3807 272 3861 tab.
294 3809 444 3863 LXXXVII
463 3829 504 3864 nr.
525 3811 585 3866 376.

287 3886 346 3964 ἠ)
365 3915 390 3952 v.
411 3899 507 3954 Haasii
526 3899 611 3969 praef.
631 3899 666 3954 ad
684 3899 737 3954 vol.
757 3899 784 3952 11
803 3917 829 3968 p.
845 3899 892 3953 VI.

309 3985 344 4053 ⁴⁶)
363 3989 503 4043 contraria
521 3989 610 4058 igibur
628 3989 697 4043 baec
714 3987 787 4042 ratio
806 3992 848 4042 est
867 3993 951 4057 etque
970 3988 1063 4043 Plauti
1082 3991 1111 4042 et
1129 3987 1260 4052 Terentii,
1280 4005 1347 4055 quos
1366 3989 1446 4041 Alsos

218 4092 272 4131 non
287 4078 366 4130 Eleos
384 4080 414 4131 et
433 4077 503 4132 talia
522 4077 660 4146 scripsisse
678 4081 775 4131 notum
794 4081 843 4132 est.
872 4077 963 4132 simile
981 4093 1045 4132 vero
1059 4080 1109 4140 est,
1128 4077 1200 4145 quod
1215 4075 1244 4131 O.
1255 4077 1276 4130 I.
1286 4076 1315 4130 L.
1326 4077 1367 4130 III
1378 4077 1447 4131 1139

217 4166 319 4235 Priapo
339 4165 444 4235 legitur
461 4165 491 4219 in
510 4167 595 4220 titulo
613 4183 686 4221 anno
704 4182 731 4235 p.
746 4165 794 4220 Oh.
814 4166 867 4220 235
885 4169 998 4220 exarato
1016 4169 1045 4220 et
1064 4165 1151 4220 Albae
1170 4165 1258 4220 Iuliae
1276 4169 1391 4234 reperto.

310 4253 345 4318 ⁴⁷)
364 4256 464 4310 merito
483 4256 513 4310 Ο.
530 4255 642 4311 Iahnius
661 4255 734 4325 apud
753 4255 864 4309 Florum
883 4255 895 4309 I
914 4258 946 4308 tl
967 4255 1067 4310 codicis
1085 4255 1108 4308 B
1126 4255 1291 4324 scripturam
1310 4275 1327 4308 a
1346 4265 1370 4308 et
1388 4273 1448 4328 cry·

217 4346 314 4399 threan
333 4345 362 4398 irr
382 4346 565 4414 Eleythernan
584 4345 693 4400 videtur
710 4343 869 4400 mutavisse
897 4347 1018 4399 ceterum
1037 4363 1070 4400 oa
1088 4361 1137 4414 pro
1157 4363 1174 4398 u
1191 4361 1246 4398 11011
1264 4343 1345 4398 modo
1363 4344 1393 4398 in
1407 4345 1447 4399 rei

217 4433 345 4502 publicae
363 4433 466 4490 liberae
484 4433 708 4504 inscriptionibus
730 4433 873 4488 invenitur
896 4433 935 4499 (O.
955 4433 976 4488 I.
995 4433 1024 4487 L.
1048 4451 1075 4502 p.
1095 4433 1166 4498 608),
1191 4450 1285 4488 verum
1308 4433 1393 4488 etiam
1417 4433 1447 4488 iu

218 4523 303 4577 titulo
320 4523 507 4592 graemssants
530 4522 659 4593 Septimii
682 4523 774 4578 Severi
798 4521 837 4586 (C.
857 4523 878 4576 1.
898 4523 926 4578 L.
946 4523 986 4576 III
1006 4524 1070 4584 218)
1093 4527 1270 4579 tribouaiciae
1292 4526 1321 4578 et
1344 4523 1448 4578 similis

218 4611 294 4666 haud
320 4629 409 4681 peuce
436 4611 575 4682 leguntur.
613 4611 670 4667 elia
694 4611 820 4681 exempla
842 4611 943 4667 videsis
966 4611 996 4666 in
1019 4611 1156 4668 indicibus
1181 4613 1395 4682 voluptas
1420 4618 1449 4668 et

219 4701 272 4756 VH
290 4719 316 4772 p.
336 4701 398 4757 345.
