3568 5238
199 681 300 744 neque
323 664 371 726 ita
393 667 442 727 est
462 664 710 746 intellegendus,
743 671 778 729 ut
800 665 937 731 Cornelii
960 665 1146 747 Pisonisque
1175 668 1258 730 inter
1285 685 1318 730 se
1341 685 1425 730 eom-

198 769 287 848 paret
315 765 401 847 leges
435 803 475 812 —
511 767 644 830 Cornelii
679 769 782 849 legem
815 769 954 832 ambitus
988 769 1115 832 omnino
1148 769 1258 833 reticet
1280 801 1332 842 -,
1369 770 1423 832 sed

198 868 417 932 tantummodo
459 871 489 932 in
531 872 711 934 universum
745 871 868 935 Pisonis
906 871 1031 952 legem
1071 873 1282 961 graviorem
1314 890 1423 952 quam

198 989 292 1052 quae
317 975 430 1036 antea
454 975 555 1036 esset
577 973 655 1038 lata
678 972 798 1037 fuisse
820 973 959 1052 relert1).

284 1089 366 1168 Quin
390 1091 486 1155 etiam
509 1095 740 1157 commentator
762 1093 805 1174 (p.
829 1093 880 1167 61,
906 1093 1042 1166 11-13)
1070 1093 1101 1155 in
1125 1093 1180 1156 illa
1202 1094 1271 1174 lege
1295 1096 1332 1158 de
1356 1113 1423 1158 am-

198 1194 264 1257 bitu
290 1196 424 1276 ‘praeter
451 1195 528 1259 alias
550 1214 666 1278 poenas
688 1196 901 1278 pecuniariam
929 1213 1052 1276 quoque
1081 1213 1215 1276 poenum
1245 1196 1341 1260 luisse
1369 1197 1424 1260 ad-

197 1297 322 1360 iectam*
361 1315 493 1361 narrans
524 1298 617 1381 plane
651 1299 796 1379 congruit
829 1317 901 1362 cum
936 1297 1036 1361 Dione
1059 1297 1205 1375 (XXXVI
1229 1297 1365 1380 38(21),
1390 1303 1423 1380 1)

197 1399 273 1463 haec
297 1399 466 1462 scribente:
492 1396 718 1484 ἐνομοθετήθη
743 1391 827 1482 πρὸς
848 1391 954 1463 niardo
975 1403 1042 1463 τῶν
1065 1394 1197 1464 ὑπάτων
1218 1393 1291 1485 μήν’
1316 1393 1423 1484 ἄρχειν

194 1497 274 1586 μήτε
296 1492 458 1582 βουλεύειν
482 1505 572 1587 σφῶν
594 1499 730 1586 μηδένα,
755 1493 837 1565 ἀλλὰ
867 1498 921 1564 καὶ
949 1499 1100 1586 χρήματα
1122 1499 1420 1588 ντρσςσφλισκάνειν,

195 1607 511 1687 praeterquamquod
530 1607 587 1669 Dio
604 1624 713 1688 parum
737 1607 880 1668 accurate
903 1609 1106 1686 utrumque
1130 1607 1322 1670 consulem
1338 1607 1421 1671 illius

195 1709 273 1789 legis
300 1712 443 1772 auctores
468 1709 564 1772 luisse
588 1713 704 1772 narrat.

284 1827 401 1892 Contra
423 1830 483 1893 Dio
512 1831 549 1893 de
573 1829 707 1894 Cornelii
731 1828 815 1907 lege,
852 1846 932 1908 quae
963 1827 1000 1890 ad
1035 1828 1200 1910 pecuniam
1227 1829 1341 1910 legatis
1370 1849 1421 1893 en·

195 1933 335 1995 terarum
358 1933 523 1995 nationum
547 1951 714 2015 expensam
742 1930 895 2013 pertinet,
930 1933 985 1992 aut
1013 1931 1050 1993 de
1076 1931 1106 1992 S.
1130 1930 1164 1994 C.
1187 1931 1274 2000 illam
1296 1932 1421 1995 relatio-

194 2053 267 2097 nem
305 2035 488 2117 repudiante
526 2039 612 2114 (Asc.
647 2055 675 2116 p.
710 2035 766 2106 511,
807 2033 953 2111 12-19)
988 2033 1066 2096 nihil
1101 2034 1211 2102 tradit.
1249 2035 1310 2097 nisi
1337 2035 1421 2116 quod

194 2137 384 2218 fragmlll,
396 2139 414 2200 3
424 2131 466 2216 (oi
483 2129 543 2221 γὰρ
554 2127 613 2199 ἀπ’
630 2127 749 2220 ἀρχῆς.
768 2185 774 2197 .
789 2183 796 2197 .
811 2184 818 2197 .
833 2183 839 2196 .
857 2133 1212 2220 προςεπσπνεύσαντες
1226 2127 1301 2214 τοὶ-ς
1317 2133 1420 2221 πρέσ-

192 2242 262 2319 βεις
287 2239 366 2317 (soil.
384 2239 598 2320 Cretensium)
622 2235 841 2322 ἐπιχειρήσειν
863 2233 971 2314 τινάς,
994 2231 1039 2314 ὦς
1060 2236 1115 2300 καὶ
1139 2235 1341 2316 κωλύσοντας
1362 2232 1421 2324 τὴν

194 2337 373 2424 στρατείαν,
403 2340 598 2428 διαφθεῖραι
624 2335 794 2424 χρήμασιν,
817 2333 1027 2424 ἐψηφίσαντο
1056 2335 1089 2402 ἒν
1110 2342 1150 2426 τῇ
1171 2341 1272 2428 βουλῇ
1295 2339 1417 2427 μηδένα

192 2435 301 2520 αὐτοῖς
333 2441 436 2530 μηδὲν
463 2443 622 2526 δανεῖσαι)
654 2441 811 2506 consentit
843 2461 915 2506 cum
948 2443 1083 2506 Asconio
1114 2447 1263 2508 narrante
1293 2449 1334 2527 (p.
1370 2447 1419 2508 509

195 2547 331 2628 17-19)
354 2550 426 2611 ante
448 2548 598 2630 pauculos
615 2547 745 2624 annos²l
770 2563 865 2626 quarn
881 2545 1043 2610 Cornelius
1061 2549 1098 2609 tr.
1114 2547 1155 2629 pl.
1173 2551 1257 2610 esset
1273 2550 1418 2612 senatum

192 2649 372 2726 decrevisse,
396 2659 444 2714 ‘ne
469 2651 538 2731 quis
562 2649 763 2715 Cretensibus
785 2649 950 2730 pecuniam
973 2651 1117 2712 mutuam
1141 2648 1250 2714 daret'

277 2771 345 2834 Iam
379 2790 451 2834 vero
485 2789 521 2833 ea
549 2770 625 2833 mihi
650 2767 842 2831 intercedere
873 2767 996 2831 videtur
1023 2770 1102 2832 ratio
1130 2767 1213 2833 inter
1239 2771 1363 2832 Asconii
1387 2774 1419 2834 et

192 2870 301 2934 Dionis
325 2875 524 2946 memoriam,
558 2878 592 2935 ut
624 2871 706 2945 lons,
741 2889 835 2952 quem
858 2875 990 2952 uterque
1019 2871 1144 2944 adierit,
1167 2869 1302 2934 Cornelii
1325 2873 1417 2936 etde

193 2972 311 3036 ambitu
343 2976 434 3038 etde
462 2993 598 3057 expensa
624 2973 757 3055 pecunia
779 2973 882 3054 legem
905 2971 1082 3049 tradiderit,
1122 2993 1255 3054 quarum
1284 2975 1416 3039 alteram

193 3075 231 3136 ab
256 3075 353 3139 altero
376 3079 524 3141 omissam
547 3096 615 3140 esse
639 3077 798 3157 scriptore.
853 3075 889 3139 In
920 3077 1002 3139 hanc
1033 3077 1210 3158 opinionem
1240 3078 1335 3140 etiarn
1359 3078 1416 3142 hoo

193 3177 285 3254 cadit,
310 3179 390 3260 quod
415 3180 584 3243 scholiasta
605 3199 635 3260 p.
658 3175 710 3252 52,
734 3179 839 3240 8-10
863 3179 951 3242 ‘alias
975 3198 1098 3260 quoque
1121 3179 1297 3262 complures
1321 3181 1416 3262 legcs'

193 3299 211 3342 a
236 3279 379 3344 Cornelio
402 3282 618 3362 promulgatas
642 3300 709 3344 esse
733 3279 844 3362 prodit.

277 3383 480 3447 Drumannus
504 3387 611 3446 autem
634 3383 677 3447 (ΙΙ
701 3403 728 3465 p.
746 3385 821 3462 1112)
847 3403 865 3447 a
887 3383 995 3448 Dionis
1019 3383 1204 3446 auctoritate
1228 3387 1345 3447 temere
1369 3405 1415 3448 re-

193 3557 329 3566 ·—---.—-
352 3559 364 3564 -

261 3660 283 3718 ¹)
302 3655 381 3709 Haec
403 3654 540 3708 sententia
561 3654 757 3724 comprobatur
777 3653 819 3707 his
842 3652 932 3708 verbis
949 3653 1113 3708 scholiastae
1131 3653 1275 3708 Bohiensis
1299 3665 1336 3724 (p.
1354 3655 1413 3720 361,

72 3810 76 3818 ι
190 3742 334 3807 alr-362,
359 3743 401 3802 ll:
433 3739 629 3810 ‘superioribus
659 3739 830 3810 temporibus
861 3739 986 3794 damnati
1021 3738 1081 3809 lege
1107 3738 1235 3794 Cornelia
1261 3739 1328 3808 (soil.
1348 3740 1414 3794 anni

189 3827 374 3895 crastenum
384 3843 470 3896 genus
482 3841 586 3897 poenae
598 3826 730 3892 ferebant,
744 3832 776 3880 ut
785 3825 998 3896 magistratuum
1011 3825 1144 3896 petitione
1156 3841 1204 3894 per
1217 3825 1312 3880 decem
1326 3841 1414 3878 annos

191 3912 358 3967 abstinerent
413 3912 566 3981 Aliquanto
592 3919 688 3980 postea
713 3911 830 3965 sen'erior
852 3910 896 3964 lex
921 3911 1074 3982 Calpurnia
1096 3917 1124 3966 et
1150 3911 1266 3980 pecuma
1284 3911 1414 3964 multavit

191 4005 218 4052 et
234 3997 264 4051 in
282 4005 444 4069 perpetuum
462 3997 612 4051 honoribus
634 3995 714 4050 iussit
730 4011 822 4050 carcre
838 3995 985 4050 damnatos
1036 3995 1188 4049 Habebant
1210 4000 1302 4048 tamen
1329 3995 1411 4048 licen·

190 4084 257 4137 tiam
276 4083 381 4137 Romae
408 4082 543 4137 morandi.
588 4081 687 4136 Postea
711 4081 765 4134 iam
788 4081 927 4135 damnatis
945 4081 1025 4150 Sylla
1046 4087 1074 4136 et
1092 4081 1227 4136 Autronio
1243 4097 1359 4151 poenam
1379 4081 1413 4135 de

190 4170 297 4223 ambitu
314 4167 464 4240 graviorem
482 4167 607 4222 consules
626 4169 656 4222 C.
675 4167 815 4220 Antonius
833 4173 861 4220 et
879 4167 974 4222 Cicero
991 4175 1151 4232 sanxerunt,
1171 4174 1202 4222 ut
1219 4173 1326 4237 praeter
1343 4167 1411 4221 haec

190 4253 326 4308 veteribus
344 4254 450 4324 legibus
468 4255 618 4308 constituta
639 4253 722 4307 etiam
741 4251 823 4306 axilio
843 4253 1044 4307 multarentur!
1091 4252 1170 4320 Quae
1203 4252 1412 4306 narratiuncula

191 4357 245 4394 non
264 4341 346 4394 modo
364 4340 468 4410 optime
479 4357 543 4394 cum
558 4339 647 4394 Dione
658 4345 800 4404 consonat,
817 4337 865 4392 sed
883 4338 967 4392 etiarn
986 4338 1032 4391 vix
1051 4339 1162 4393 aliunde
1180 4345 1263 4409 atque
1280 4355 1314 4392 ex
1326 4343 1411 4392 Asco-

190 4427 237 4480 nio
253 4425 313 4496 ipso
331 4427 454 4496 prolecta
470 4434 519 4479 est.
549 4425 654 4480 Eodem
673 4424 755 4479 modo
773 4423 817 4478 lex
836 4422 987 4494 Calpurnia
1004 4439 1067 4477 cunr
1086 4423 1181 4477 ecdem
1196 4423 1334 4478 Ciceronis
1352 4422 1412 4493 lege

190 4517 366 4581 comparatur
387 4511 461 4582 apud
487 4509 577 4565 Schol.
601 4510 668 4565 Boh.
692 4528 718 4581 p.
736 4511 796 4575 269,
818 4509 929 4574 15-18;
952 4509 1012 4574 309,
1031 4510 1145 4572 16-22;
1163 4510 1226 4576 324,
1242 4509 1267 4561 2.
1285 4509 1310 4562 3.
1356 4507 1410 4560 His

191 4613 300 4666 quoque
317 4595 383 4650 loois
402 4596 513 4650 Asconii
532 4595 646 4665 vestigia
662 4602 771 4650 exstare
788 4594 902 4650 conicio.

258 4685 278 4750 ²)
297 4681 361 4736 Hoc
378 4697 452 4735 anno
469 4683 565 4748 caeno
581 4681 685 4736 facturn
701 4698 760 4735 esse
777 4681 909 4735 discimus
927 4696 961 4734 ex
981 4679 1071 4734 Dione
1089 4681 1107 4736 l.
1126 4696 1149 4733 c.

1162 4768 1200 4819 4*
