3634 5240
1109 299 1149 362 52

1815 447 1816 502 1

512 541 574 604 illis
597 542 747 620 versibus,
770 543 909 607 velutin
931 543 1117 625 logaoedicis
1141 544 1170 605 8.
1196 542 1245 604 12.
1271 543 1310 604 14
1332 542 1376 620 (ο1
1392 539 1527 604 fortasse
1551 537 1584 600 6.
1604 536 1651 622 l),
1675 526 1754 599 cirru-

512 639 632 726 μολέιιν
655 645 682 709 si
706 645 951 730 repudiabimus,
973 665 1013 711 ne
1032 646 1111 710 iilud
1127 645 1254 728 quidem
1276 632 1361 707 πολὺ
1383 633 1422 706 τὸ
1442 638 1643 726 ταραχῶδες
1661 658 1754 722 agno-
1815 637 1816 676 i

513 767 644 812 scamus.
688 750 791 831 Atque
807 749 933 814 omniuo
954 749 1104 815 rariorem
1119 767 1187 814 esse
1201 747 1327 812 illorum
1342 747 1516 810 metrorum
1539 763 1648 808 usum
1666 743 1753 806 dora

513 850 665 915 iastius
687 871 715 934 p.
739 852 780 915 ao
796 852 829 916 n
844 878 884 907 =
901 853 953 931 32,
976 852 1067 919 rra:
1088 848 1207 939 μέτρον
1222 898 1230 913 .
1248 898 1256 913 .
1273 898 1281 914 .
1298 850 1354 933 (sc.
1377 839 1611 913 σοισωσοαί
1634 846 1752 930 aare)
1815 827 1816 860 ¹

514 943 569 1017 διὰ
592 1003 601 1016 .
625 1003 633 1018 .
656 1002 664 1017 .
688 954 753 1018 τῶν
776 943 957 1020 ἀντιθέτων
979 957 1035 1037 (sc.
1057 952 1183 1034 ποδῶν)
1206 943 1360 1036 ὀλιγάκις,
1384 953 1416 1016 et
1436 950 1600 1015 nonnulla
1623 949 1753 1012 illorum
1815 1017 1816 1048 1

514 1056 711 1121 schematum
733 1058 767 1122 in
787 1056 940 1142 poematis
963 1057 1078 1123 desunt
1099 1056 1276 1140 (Westphal
1298 1058 1319 1120 1.
1343 1075 1369 1121 ο.
1392 1075 1422 1139 p.
1446 1053 1531 1135 595).

602 1159 663 1224 Sed
686 1180 746 1242 quo
773 1160 891 1226 maiore
918 1161 950 1224 in
972 1161 1129 1245 rhythmis
1155 1159 1386 1226 conformandis
1414 1157 1544 1222 licentia
1572 1156 1754 1220 utebantur
1815 1207 1816 1238 ,

515 1263 625 1346 poetae
650 1282 723 1328 cum
745 1263 797 1327 alii
820 1266 889 1328 tum
911 1264 1010 1347 lyrici,
1034 1283 1095 1346 quo
1117 1263 1219 1347 magis
1234 1262 1374 1327 variandi
1397 1260 1498 1326 studio
1520 1259 1751 1341 indulgebant

516 1384 552 1428 co
572 1365 698 1448 propius
720 1366 859 1430 camina
882 1385 1001 1444 eorum,
1024 1366 1212 1449 siquidem
1232 1366 1519 1440 recitabantur,
1543 1362 1586 1427 ad
1611 1363 1752 1426 solutam

516 1468 688 1532 orationem
701 1469 847 1534 accedere
859 1469 1053 1534 videbantur.
1074 1468 1187 1551 Itaque
1199 1471 1335 1534 testatur
1345 1467 1514 1551 Dionysius
1525 1465 1658 1548 (comp.
1669 1466 1751 1528 verb.

517 1590 542 1634 c.
566 1571 606 1633 26
629 1592 657 1655 p.
678 1572 741 1635 430
764 1591 833 1653 sqq.
860 1570 946 1652 Scir.)
969 1570 1183 1656 dithyrambos
1206 1571 1382 1654 legentibus
1403 1588 1553 1635 numeros
1577 1589 1651 1634 nou
1674 1571 1752 1632 tam-

519 1693 616 1756 quam
632 1675 714 1739 ultro
730 1693 798 1740 sese
814 1670 934 1752 offerre,
957 1675 1012 1740 sed
1026 1677 1127 1741 botos
1143 1693 1210 1739 csse
1232 1692 1292 1739 neo
1314 1673 1404 1740 laede
1420 1673 1573 1756 dignosci.
1580 1679 1605 1750 ¹)
1632 1670 1752 1751 Quam·

517 1771 625 1842 obrem
648 1777 703 1855 eis,
727 1778 780 1859 qui
803 1779 939 1842 solutam
962 1796 1085 1862 quoque
1108 1779 1281 1844 orationem
1302 1795 1468 1842 numerose
1495 1775 1616 1841 cadere
1643 1776 1750 1846 velint

516 1880 685 1963 lyricorum
707 1880 840 1945 maxime
862 1881 1028 1964 rhythmos
1051 1900 1118 1947 esse
1140 1881 1333 1966 recipiendos
1355 1883 1388 1964 (a
1409 1879 1483 1945 ibid.
1506 1898 1532 1944 ο.
1559 1880 1601 1943 11
1630 1900 1665 1963 p.
1691 1878 1748 1941 lac

518 1983 607 2049 Sca:
642 1973 713 2069 ἡδ’
748 1983 806 2066 (so.
829 1973 939 2069 λογικὴ
961 1979 1063 2065 λέξις)
1097 1981 1130 2048 ἒν
1151 1987 1220 2062 τοῖς
1241 1979 1366 2070 χρόνοις
1386 1985 1452 2048 τῶν
1472 1977 1597 2066 μορίων
1624 2003 1750 2063 συμμι-

517 2081 697 2173 τριάζουσα
710 2080 750 2150 τὸ
761 2076 892 2169 μελικὸν
902 2088 1011 2171 σχῆμα
1023 2077 1193 2174 εὔρυθμος,
1205 2078 1274 2152 ἀλλ’
1285 2077 1341 2152 οὐκ
1352 2079 1514 2173 ἔνρυθμος
1522 2077 1665 2168 (λέγοιτ’
1677 2075 1750 2165 dvi.)

518 2191 636 2255 Eorum
669 2189 766 2272 igitur
802 2190 991 2268 carminum,
1025 2209 1105 2273 quae
1141 2209 1267 2256 summa
1303 2190 1487 2254 fruebantur
1518 2187 1672 2267 licentia,
1711 2189 1750 2251 di

518 2293 766 2374 thyramborum‚
791 2295 955 2370 „membra
970 2297 1002 2359 et
1016 2294 1111 2376 pedes
1127 2342 1134 2357 .
1151 2341 1159 2357 .
1176 2341 1183 2357 .
1200 2295 1276 2359 sunt
1289 2293 1323 2358 in
1338 2293 1423 2358 omni
1437 2291 1591 2375 locupleti
1606 2292 1749 2356 oratioue

519 2396 651 2461 diffusa“
672 2395 847 2460 secundam
862 2396 1115 2482 Theophrastum
1132 2416 1179 2481 ap.
1195 2395 1257 2463 Cic.
1273 2396 1312 2461 de
1327 2397 1405 2462 orat.
1419 2394 1470 2459 [H
1486 2395 1547 2458 185
1565 2395 1628 2479 [=
1645 2396 1749 2460 Rufiu.

521 2519 552 2582 p.
576 2499 647 2576 572,
670 2501 690 2562 4
712 2498 758 2574 Κ;
788 2499 826 2564 cf.
849 2499 988 2566 eiusdem
1010 2519 1120 2566 versus
1141 2519 1171 2583 p.
1194 2500 1267 2577 567,
1290 2501 1329 2562 21
1353 2500 1442 2582 K].¹)
1486 2497 1559 2562 Huc
1593 2503 1679 2563 suut
1708 2519 1751 2562 re

520 2601 660 2668 vocanda
682 2603 776 2667 verba
804 2602 860 2666 ilia
881 2603 1044 2669 notissima
1064 2603 1187 2669 Horatii
1208 2603 1247 2668 de
1269 2602 1405 2668 Pindaro
1428 2604 1537 2684 (carm.
1558 2600 1610 2666 IV
1634 2605 1669 2680 2,
1687 2604 1749 2680 loy:

521 2705 602 2785 „Seu
634 2725 690 2789 per
721 2705 847 2770 audacis
881 2725 962 2771 nova
992 2706 1208 2790 dithyrambos
1237 2705 1341 2771 Verba
1373 2705 1507 2772 devolvit
1540 2707 1749 2788 numerisque

520 2808 620 2873 fertur
650 2808 735 2892 Lege
766 2809 905 2874 solutis.“
948 2808 1017 2890 Quo
1048 2830 1085 2876 ex
1112 2811 1179 2877 loco
1210 2813 1286 2875 sunt
1312 2808 1366 2891 qui
1397 2808 1554 2873 coniciant
1575 2808 1749 2874 Horatium

520 2911 702 2994 imperitum
731 2911 828 2977 luisse
857 2913 933 2978 artis
960 2914 1101 2980 musicae
1124 2912 1316 2980 Graecorum
1343 2913 1376 2977 et
1403 2929 1482 2994 quas
1503 2911 1673 2978 Pindarus
1697 2913 1750 2977 sibi

520 3015 722 3098 imposuisset
742 3015 827 3098 leges
849 3015 1019 3099 ignorasse.
1063 3017 1148 3082 Num
1171 3016 1317 3082 credibile
1340 3018 1389 3080 est
1409 3017 1535 3098 poetam
1552 3014 1751 3082 Graecorum

522 3119 696 3183 amatorem
719 3120 752 3183 et
773 3119 965 3184 imitatorem
986 3138 1114 3204 prorsus
1135 3119 1318 3198 nescivisse,
1352 3136 1432 3200 quae
1455 3120 1540 3184 esset
1561 3121 1751 3185 meliccrum

521 3222 702 3304 poematum
732 3220 892 3286 condicio?
935 3223 1015 3287 Mihi
1045 3241 1135 3288 secus
1166 3222 1297 3287 videtur.
1341 3220 1424 3286 Nam
1454 3221 1575 3303 siquis
1606 3224 1750 3287 evertis

522 3324 635 3402 allatis,
658 3327 776 3406 quauta
797 3325 847 3389 vel
870 3325 953 3409 apud
975 3327 1112 3391 eruditos
1127 3327 1191 3391 iam
1205 3325 1328 3390 Horatii
1343 3326 1445 3388 aetate
1460 3325 1645 3406 ignorantia
1660 3325 1751 3390 fuerit

523 3426 660 3492 musicae
683 3425 874 3492 Graecorum
906 3429 991 3507 artis,
1019 3429 1228 3512 colligendum
1258 3446 1325 3492 esso
1352 3427 1509 3511 opinetur,
1544 3428 1625 3510 quid
1649 3431 1750 3494 siden

523 3529 664 3594 videatur
696 3529 899 3596 iudicandum
930 3531 968 3596 do
998 3531 1066 3597 loco
1093 3530 1223 3598 Ausonii
1253 3531 1342 3614 epist
1363 3529 1439 3594 XIV
1462 3531 1517 3594 25:
1552 3530 1750 3608 ‚Nobiscum

523 3631 660 3698 invenies
697 3627 804 3696 έπέιον
841 3629 1055 3721 πολομορφέα
1089 3628 1230 3721 πληθύν,
1255 3681 1262 3697 .
1286 3682 1294 3698 .
1317 3681 1326 3698 .
1350 3629 1518 3698 Δάκτυλοι
1549 3625 1664 3720 ἡρῷον
1700 3635 1748 3699 καὶ

523 3725 732 3799 ἀοιδοττόλιον
756 3729 947 3822 χορίοιμβον,
981 3728 1044 3802 Σὺν
1075 3732 1198 3824 Θολίης
1223 3731 1323 3820 κώμῳ
1337 3731 1496 3820 ’σύρματοι
1528 3735 1747 3824 Τερψιχόρις,

523 3832 711 3904 §credendo
732 3860 768 3902 τε
784 3833 939 3920 κίναιδον,
955 3831 1087 3907 inaraba
1105 3831 1348 3927 ἀμφοτέρωθεν,
1364 3831 1539 3921 Ῥοθμῶν
1556 3841 1749 3928 Πινδαρι-

523 3941 597 4005 κῶν
631 3933 791 4025 ἔννομον
827 3934 1035 4030 εὐεπίην“1
1080 3947 1130 4009 An
1159 3943 1266 4008 rhetor
1297 3941 1436 4007 Gallicus
1469 3941 1594 4024 poetam
1636 3943 1748 4008 Roma·

523 4063 601 4110 num
623 4044 764 4111 doctrina
786 4049 960 4112 metrorum
980 4046 1168 4130 superabat?
1212 4046 1314 4110 Immo
1329 4063 1386 4110 suc
1408 4044 1475 4108 iure
1496 4044 1599 4127 potuit
1615 4044 1746 4111 Flaccus
1815 4042 1816 4100 1

593 4218 614 4285 ¹)
634 4217 669 4271 at
687 4215 817 4284 prolecto,
829 4231 898 4285 qnae
909 4217 946 4271 sit
956 4231 1126 4271 numerorum
1139 4215 1260 4271 condicio
1270 4215 1298 4270 iu
1310 4215 1463 4282 fragmento
1477 4212 1635 4269 Simoniden
1649 4216 1747 4272 laureu-
1815 4233 1816 4284 1

524 4301 638 4357 tationis
655 4301 765 4357 Danaes
783 4319 800 4358 a
818 4302 947 4372 Dionysio
965 4301 1081 4370 exempli
1100 4302 1190 4370 gratia
1208 4302 1301 4369 allato,
1318 4299 1437 4355 nondum
1454 4303 1498 4354 est
1515 4301 1699 4357 enucleatum

593 4389 614 4456 ²)
633 4386 719 4455 Blasv,
738 4395 797 4444 Act.
814 4387 925 4442 Bereds.
945 4387 985 4440 111
1005 4389 1107 4455 1,115:
1126 4387 1271 4456 „Darnaeh
1289 4385 1395 4441 mochte
1414 4401 1477 4440 vnau
1495 4385 1666 4455 behaupten
1685 4390 1744 4444 dass
1815 4425 1816 4464 ρ

524 4473 676 4528 mauchmal
693 4474 824 4530 aubchsu
839 4472 1045 4528 Demosthenes’
1059 4473 1143 4528 Prosa
1160 4472 1214 4527 und
1227 4471 1342 4527 Pindaro
1356 4470 1449 4539 Lyrik,
1467 4488 1518 4527 von
1536 4471 1586 4526 der
1599 4473 1746 4544 Str-ephen-

524 4559 591 4615 form
612 4559 777 4629 abgesehem
805 4560 855 4615 der
874 4559 996 4618 Abstend
1015 4559 1140 4629 geriuger
1158 4558 1198 4614 sei
1215 4558 1257 4613 als
1275 4557 1408 4614 avischen
1425 4557 1529 4612 Pindur
1546 4560 1602 4614 und
1620 4559 1745 4618 Homer?
