3480 5230
158 657 286 728 iudices
315 659 465 728 facienda
493 661 559 729 sint
585 662 702 749 verba,
735 671 874 751 apparet
905 685 944 730 ex
972 661 1140 730 Plutarchi
1170 661 1278 732 verbis
1311 663 1377 732 iarn

156 786 260 849 supra
280 763 390 830 allatis
413 765 469 851 (de
484 767 586 836 Stoic.
603 791 671 855 rep.
688 793 716 838 c.
732 773 778 854 2):
802 767 876 836 ἐπεὶ
894 764 1003 836 τοίνυν
1024 760 1133 836 πολλὰ
1144 807 1161 816 -
1173 806 1190 818 -
1202 760 1289 858 αύτῷ
1311 766 1379 858 Ζη-

156 893 248 949 νωνι,
281 867 389 936 πολλὰ
419 870 455 938 δὲ
487 871 666 954 Κλεάνθει,
701 875 844 942 πλεῖστα
877 872 915 940 δὲ
946 869 1143 962 Χρυσίππῳ
1175 870 1378 960 γεγραμμένα

155 969 300 1061 τυγχάνει
321 972 396 1060 περί
420 971 592 1057 πολιτείας
606 975 661 1043 καὶ
675 982 731 1044 τοῖν
753 973 915 1068 ἀρχεσθαι
930 975 985 1044 καὶ
1000 969 1106 1066 ἀρχειν
1127 974 1182 1042 καί
1205 974 1379 1060 δικάζειν

157 1076 213 1144 καί
236 1075 466 1167 ῥητορεύειν.
513 1079 586 1146 Huc
611 1081 777 1165 pertinent
804 1079 920 1163 rerba,
952 1102 1038 1165 quae
1066 1080 1151 1146 idem
1181 1079 1379 1147 Plutarchus

156 1180 189 1265 (l.
216 1202 243 1247 c.
267 1202 294 1250 c.
322 1188 355 1262 5)
379 1182 495 1248 tradit:
519 1181 725 1270 Χρύσιππος
758 1185 795 1252 δὲ
829 1184 930 1252 πάλιν
963 1183 997 1250 ἕν
1026 1187 1073 1272 τῷ
1108 1183 1187 1272 περὶ
1209 1188 1380 1273 ῥητορικῆς

155 1282 296 1372 γράφων,
322 1281 427 1352 “οἱ’τω
450 1287 652 1374 ῥητορεύσειν
673 1289 728 1354 καί
756 1287 1015 1356 πολιτεύσεσθαι
1036 1286 1093 1355 τὸν
1116 1283 1236 1375 σοφόν,
1259 1281 1304 1368 ιίς
1323 1287 1379 1354 καί

155 1391 213 1454 τοῦ
236 1385 378 1454 πλούτου
399 1382 493 1470 ὄντος
514 1383 643 1477 ἀγαθοῦ
664 1394 720 1458 καί
740 1395 799 1480 τῆς
821 1390 916 1480 δόξης
936 1391 991 1457 καί
1013 1395 1071 1478 τῆς
1091 1386 1240 1476 ύγιείας”.

242 1490 330 1555 Nihil
353 1491 421 1558 iere
444 1501 619 1577 praeterea
640 1496 760 1561 scimus
783 1496 823 1560 de
840 1495 1006 1574 Cleanthe,
1029 1495 1091 1560 nisi
1113 1494 1256 1560 Homero
1278 1495 1378 1560 inter-

155 1594 317 1677 pretando
355 1617 428 1661 enm
466 1601 615 1680 magnam
657 1620 792 1664 navasse
833 1601 967 1682 operam
979 1599 1002 1684 ¹)
1036 1597 1241 1681 multumque
1277 1596 1378 1662 fuisse

156 1697 189 1761 in
221 1697 329 1763 verbis
356 1705 472 1783 poetae
500 1692 712 1790 ἀλληγοριιαῖις
740 1701 958 1786 explicandis:
986 1724 1014 1767 ν.
1038 1702 1123 1766 Plnt.
1151 1700 1193 1766 de
1220 1699 1376 1765 audiend.

156 1806 243 1883 poet.
272 1823 298 1866 c.
330 1810 383 1886 113
411 1804 562 1886 Apollon.
593 1805 684 1888 soph.
716 1805 779 1874 len
807 1805 899 1873 Hom.
933 1828 964 1890 p.
995 1813 1055 1872 114
1083 1803 1185 1870 Beklr.
1215 1825 1243 1871 ν.
1271 1801 1378 1886 poblo:

156 1901 327 1992 Κλεάνθης
342 1905 379 1971 δὲ
395 1902 413 1973 ὁ
428 1905 603 1995 φιλόσοφος
623 1901 834 1996 ἀλληγορικῶς
847 1932 942 1996 φησι
965 1909 1144 1996 δηλοῦσθαι
1157 1899 1213 1973 τὸν
1227 1903 1318 1992 λόγον
1332 1897 1375 1972 δι’

155 1993 191 2072 οὗ
213 2006 394 2092 μιολύονται
416 2005 451 2076 ui
473 2006 574 2094 ὁρμαὶ
596 2011 652 2078 καί
673 2005 715 2078 τὰ
729 2011 874 2101 addest)
912 2012 998 2079 Usus
1014 2012 1117 2094 igitur
1137 2017 1188 2076 est
1203 2009 1376 2076 Cleanthes

156 2110 315 2176 vocabulo
343 2104 564 2201 ἀλληγορινιῖις.
621 2119 729 2199 Atque
761 2117 823 2182 hoc
855 2124 906 2182 est
937 2114 1195 2181 vetustissimum
1228 2109 1377 2177 vocabuli

155 2207 328 2301 ἀλληγορία
361 2217 593 2285 testimonium.
649 2220 743 2297 Quod
776 2242 853 2284 num
892 2217 1067 2284 Cleanthes
1105 2219 1175 2300 ipse
1214 2214 1377 2281 invenerit

155 2317 330 2400 nescimus;
363 2341 424 2384 nec
451 2325 559 2385 tamen
594 2321 752 2388 dissimile
784 2323 850 2388 veri
878 2327 929 2387 est
956 2322 1140 2388 Stoicorum
1168 2319 1312 2402 aliquem
1340 2317 1375 2382 id

154 2420 326 2488 invenisse.
381 2421 511 2488 Etenim
550 2426 766 2509 etymologica
794 2419 986 2513 ἀλληγορίας
1008 2423 1237 2508 interpretatio
1259 2459 1301 2471 -
1323 2420 1376 2485 cui

155 2525 267 2607 generi
300 2524 482 2592 finitionum
516 2536 649 2610 praeter
681 2535 809 2596 ceteros
837 2550 967 2612 operam
1004 2527 1134 2592 dedisse
1162 2526 1289 2592 Stoicos
1317 2545 1375 2588 nu·

154 2627 317 2692 tissimum
346 2634 397 2693 est
422 2665 464 2677 —
488 2652 559 2696 cum
583 2631 663 2697 alibi
696 2633 791 2698 nobis
814 2632 958 2698 occurrit
990 2636 1058 2695 tum
1082 2629 1170 2713 apud
1194 2625 1376 2712 Aphthonii

153 2731 362 2797 scholiastsm
387 2727 436 2814 (ΙΙ
454 2755 484 2816 p.
510 2743 528 2801 3
552 2757 601 2803 ex.
619 2735 687 2817 W.),
711 2737 766 2819 qui
796 2735 882 2801 idem
912 2733 979 2799 aha
1001 2732 1163 2817 quaedam
1191 2731 1374 2798 Stoicorum

155 2839 334 2920 praecepta
361 2834 508 2902 exhibet:
543 2831 714 2926 ἀλληγορία
746 2831 806 2926 γὰρ
838 2835 931 2923 παρὰ
962 2829 1000 2902 τὸ
1035 2829 1114 2902 ἀλλο
1145 2827 1304 2922 ἀγορεύειν
1335 2825 1374 2899 τὸ

154 2935 337 3021 κείμενον.3)
382 2939 455 3004 Hoc
483 2940 623 3019 accedit,
653 2942 739 3026 quod
764 2941 959 3007 Aristoteles
987 2939 1050 3005 hoc
1072 2938 1264 3004 vocabulum
1293 2957 1373 3002 non-

155 3041 231 3105 dum
259 3041 358 3108 novit.
408 3043 506 3109 Cuius
534 3044 685 3110 vocabuli
715 3067 800 3131 quae
829 3044 952 3109 fuerint
975 3042 1044 3108 lata
1072 3041 1216 3107 breviter
1242 3039 1372 3121 addam,

154 3165 227 3208 cum
250 3146 442 3228 praesertim
461 3145 495 3211 C.
513 3147 705 3230 Hammer‘)
727 3169 832 3231 nuper
854 3146 895 3213 de
915 3147 977 3211 hac
1000 3169 1036 3212 re
1052 3167 1117 3210 non
1132 3165 1267 3229 prorsus
1282 3149 1373 3208 recte

157 3246 341 3331 disputarit.
393 3250 530 3315 Constat
551 3257 627 3316 ante
650 3250 816 3317 Ciceronis
845 3256 986 3316 aetatem
1020 3248 1069 3314 rel
1099 3248 1216 3314 saltem
1245 3246 1374 3311 virente

156 3371 195 3416 eo
218 3351 412 3418 vocabulum
435 3353 518 3419 illud
542 3353 677 3420 Graecis
699 3355 733 3420 in
756 3375 817 3419 usu
841 3353 955 3434 fnisse3
983 3352 1022 3422 cf.
1045 3352 1109 3419 Cic.
1132 3373 1179 3418 or.
1202 3357 1256 3418 97:
1283 3349 1368 3428 „iam

154 3474 226 3517 cnm
258 3453 425 3521 finxerunt
457 3456 568 3541 plures
602 3457 775 3522 continuae
808 3455 1056 3536 translationes,
1095 3454 1176 3519 alia
1207 3452 1304 3536 plane
1335 3451 1374 3516 fit

154 3557 305 3639 oratio;
333 3558 447 3643 itaque
474 3559 536 3625 hoc
563 3583 664 3644 genus
692 3561 811 3625 Graeci
838 3559 1010 3644 appellant
1037 3551 1257 3646 ἀλληγορίαν“.
1306 3555 1373 3621 Sed

153 3659 241 3742 quod
264 3683 304 3726 ex
325 3662 381 3742 eis,
405 3663 523 3747 quibus
540 3663 654 3731 Cicero
677 3665 796 3748 pergit,
818 3663 944 3729 uerbis:
969 3662 1117 3741 „nomine
1132 3666 1230 3740 recte,
1254 3679 1372 3743 genere

152 3761 269 3827 melius
290 3764 347 3830 ille
372 3766 429 3851 [sc.
448 3767 672 3853 Aristoteles],
702 3767 760 3850 qui
781 3767 848 3832 ista
869 3767 981 3831 omnia
1004 3764 1234 3830 translationes
1258 3767 1372 3827 vocat“

153 3863 310 3932 Hammer
336 3869 370 3952 (l.
398 3891 425 3937 c.
454 3891 484 3953 p.
511 3877 566 3953 40)
601 3871 735 3954 collegit
765 3876 861 3935 caute
889 3868 1032 3953 quodam
1059 3867 1155 3933 modo
1183 3866 1370 3933 Ciceronem

152 3967 214 4034 hoc
237 3968 395 4036 vocabulo
419 3973 468 4037 uti
491 3971 590 4058 idque
613 3995 676 4040 non
692 3973 795 4038 multo
818 3978 895 4038 ante
912 3969 1098 4037 rhetoribus
1115 3969 1249 4035 Graecis
1271 3967 1371 4032 fuisse

152 4072 324 4154 usitatum,
348 4074 382 4140 id
412 4075 563 4159 equidem
589 4098 654 4142 non
681 4076 794 4161 probo.
837 4075 940 4141 Immo
964 4073 1113 4142 Ciceroni
1134 4073 1198 4157 ipsi
1220 4071 1300 4136 trita
1321 4071 1336 4135 f
1358 4108 1371 4119 -

151 4195 366 4210 Μ

222 4263 242 4328 ¹)
261 4261 334 4317 Idem
353 4263 418 4318 iecit
436 4265 517 4332 Zeno,
540 4281 620 4334 quem
638 4265 754 4334 quinque
772 4264 858 4320 libros
875 4260 1058 4338 προβλήματα
1072 4259 1204 4334 ‘Quamne‘
1228 4259 1370 4329 scripsisse

153 4346 237 4401 tradit
255 4347 334 4417 Diog.
353 4349 384 4402 L.
404 4348 455 4402 Vll
474 4351 498 4404 4.

220 4433 242 4500 ³)
261 4433 361 4488 Locum
380 4435 452 4488 hunc
469 4435 554 4490 debeo
573 4435 778 4491 Wachsmuthio
796 4436 813 4490 1.
832 4452 854 4490 c.
873 4437 885 4489 1
903 4453 928 4505 p.
949 4438 989 4490 18.

222 4521 243 4584 ’γ
263 4519 297 4572 cf.
315 4519 423 4575 Heracl.
444 4520 520 4575 Ponl.
540 4520 619 4588 alleg.
639 4521 717 4575 Hom.
738 4539 759 4576 o.
778 4524 808 4590 ,ἧς
828 4522 931 4590 Doxop.
950 4521 989 4576 VI
1006 4537 1031 4589 p.
1050 4522 1085 4573 20
1104 4520 1190 4574 Walz.

220 4607 241 4668 ⁴)
262 4605 414 4658 Demetrius
434 4611 497 4674 περὶ
517 4606 667 4680 ἑρμηνείας.
703 4607 754 4662 Ein
774 4606 1057 4666 literar-historischsr
1070 4605 1191 4660 Versuoh
1209 4603 1368 4677 (Lundshut.

154 4693 234 4758 laur)
251 4706 278 4762 p.
296 4693 387 4766 susq.
