3514 5244
802 442 844 505 59

297 635 363 700 iam
382 634 481 718 igitur
497 642 635 720 apparot
654 635 764 718 Arg.b,
784 655 979 719 quemquem
999 634 1067 699 fieri
1083 641 1200 719 potest,
1224 641 1258 698 nt
1274 633 1436 716 Schweig-

207 743 385 808 haeuserus
415 747 471 805 aut
495 739 667 807 Obcrlinus
694 742 798 808 bonas
828 741 987 826 quasdam
1016 741 1085 806 eius
1117 741 1271 806 lectiones
1295 749 1436 824 prseter-

207 849 360 932 misen'nt,
384 849 417 912 in
440 847 502 913 hac
526 867 652 931 quoque
675 855 769 933 parte
792 868 855 914 non
879 849 927 913 ite
949 849 1058 930 magni
1082 848 1177 932 pretii
1195 845 1304 913 scisse.
1340 867 1436 932 pono

208 956 355 1021 omnibus
392 955 433 1021 ils
470 955 651 1040 scripturis,
694 955 810 1039 quibus
848 956 907 1020 viri
949 955 996 1019 illi
1037 956 1121 1019 inter
1161 974 1197 1019 se
1233 952 1437 1036 dissentiunt,

208 1063 347 1127 maxime
389 1061 599 1128 diffidendum
643 1069 702 1128 cst.
761 1082 866 1145 neque
906 1081 984 1128 vero
1026 1060 1110 1127 huno
1148 1061 1263 1126 librum
1300 1061 1438 1147 periisse

208 1167 305 1234 ualde
329 1167 502 1264 dolendum
526 1176 585 1234 cst.
622 1189 695 1234 nam
721 1176 753 1235 et
776 1169 1116 1252 Norimbergensis
1140 1171 1189 1234 20
1204 1169 1240 1234 V.
1257 1169 1291 1233 0.
1315 1168 1437 1234 soeculi

208 1275 289 1340 XIII
315 1275 367 1339 vel
394 1275 472 1339 XIV
504 1275 569 1340 iam
603 1295 623 1340 a
650 1275 815 1341 Ludovico
849 1275 890 1341 de
923 1276 980 1339 Ion
1013 1276 1127 1360 paucis
1159 1274 1241 1340 locis
1273 1275 1438 1360 inspectus

210 1387 251 1460 (v.
276 1381 434 1466 Syrnboloe
456 1385 498 1447 od
519 1386 659 1448 notitiem
682 1385 817 1448 codc'cum
842 1392 871 1448 et
893 1385 1131 1448 emmcdaIIooem
1155 1385 1239 1466 epist.
1261 1385 1295 1446 L.
1318 1383 1440 1448 Annaei

210 1489 350 1570 Senecae,
376 1487 559 1554 Suevoturti
585 1491 671 1556 1839
694 1511 724 1574 p.
745 1491 766 1555 5
791 1496 822 1556 et
845 1489 988 1554 Flokerti
1013 1487 1089 1554 edit
1112 1488 1174 1553 rol.
1198 1489 1213 1551 I
1236 1509 1266 1573 p.
1291 1488 1382 1565 XIX)
1407 1495 1440 1552 et

209 1595 522 1662 Vindobonensis
544 1597 617 1662 150
637 1597 757 1662 saeculi
772 1596 852 1660 XIII
871 1599 913 1677 (v.
932 1598 1065 1661 Tabulae
1079 1598 1145 1662 cdd.
1162 1619 1233 1660 mac.
1249 1596 1440 1660 ln'bliotlrecoc

209 1705 369 1768 Pololr'noe
390 1704 629 1768 thcoboncnctc
642 1703 704 1768 vol.
720 1703 735 1765 I
753 1723 799 1769 nr.
817 1705 880 1770 150
903 1711 936 1768 et
955 1704 1122 1767 Endlr'clrer
1136 1705 1290 1783 cotalopuo
1305 1705 1440 1766 codicum

216 1810 522 1875 Vindoboncnoioncl
544 1830 590 1874 nr.
608 1812 684 1888 196)
709 1811 773 1893 qui,
797 1829 869 1875 cum
885 1809 1018 1874 easdem
1037 1815 1135 1892 atquc
1150 1810 1256 1893 Argo
1280 1807 1440 1893 epistulas

210 1917 403 1998 contineant,
427 1915 472 1980 ed
495 1915 630 1981 eandem
655 1915 811 1981 familiam
834 1916 995 2000 pertinere
1018 1915 1177 1999 videntur,
1201 1915 1233 1978 in
1250 1915 1320 1979 eius
1334 1913 1440 1978 locum

211 2023 361 2089 substitui
380 2031 524 2107 possunt.
553 2042 649 2108 porro
670 2023 867 2088 simillimam
889 2023 971 2087 libro
988 2023 1099 2105 Argi>
1123 2021 1244 2086 Iureti
1268 2020 1440 2086 codicem

211 2128 371 2212 quendam
404 2127 518 2213 trisse,
556 2129 647 2196 cuius
686 2129 859 2213 aliquoties
890 2131 922 2194 in
961 2128 1226 2194 adnotationibus
1264 2127 1440 2193 editionum

211 2236 347 2301 Parisiis
371 2237 464 2302 annis
483 2237 568 2303 1598
584 2243 616 2302 et
636 2239 720 2303 1602
745 2237 933 2303 emissarum
958 2236 1152 2302 mentionem
1175 2235 1262 2318 lacit,
1285 2243 1372 2300 recte
1386 2235 1440 2298 ob·

213 2351 374 2409 servatum
404 2351 453 2410 est
476 2365 497 2409 a
521 2343 672 2410 Fickerto
696 2347 740 2429 (p.
763 2345 847 2420 XV).
894 2346 947 2428 qui
971 2364 1045 2408 num
1070 2343 1168 2407 etiam
1190 2363 1273 2408 nnnc
1298 2349 1385 2408 extet
1408 2349 1441 2406 et

212 2471 274 2534 quo
298 2449 368 2516 loco
393 2451 569 2534 ignoratur.

302 2645 441 2711 omnium
471 2645 593 2712 sacculi
621 2645 803 2711 duodecimi
828 2651 859 2710 et
883 2645 999 2710 decimi
1023 2645 1110 2710 tertii
1134 2644 1280 2710 codicum
1305 2645 1654 2756 diligen-³·100fflffllb10·

211 2752 335 2818 tissime
360 2761 393 2816 ct
416 2752 679 2818 emendatissime
703 2752 815 2838 scripti
840 2761 914 2818 sunt
936 2751 969 2816 hi
994 2751 1057 2817 duo
1081 2752 1170 2817 libri:
1455 2717 1652 2840 „0³0¹ssss

301 2875 556 2959 Erlangensis
585 2879 660 2943 354
688 2877 721 2942 in
749 2877 943 2942 membranis
972 2877 1095 2942 formae
1122 2877 1282 2942 maximae
1311 2879 1441 2944 saeculo

212 2983 276 3046 XII
294 2983 347 3048 vel
365 2983 453 3066 XIII,
478 2983 506 3048 si
529 2982 722 3066 Harlesium
745 2983 810 3048 XII
833 2990 970 3050 exeunte
994 2985 1142 3068 scriptus,
1167 2984 1194 3049 si
1216 2983 1440 3050 lrmischernm

213 3087 308 3154 audis
328 3087 391 3174 (E).
424 3089 611 3156 continebat
623 3099 754 3175 praeter
768 3091 834 3155 alic
849 3090 992 3155 libellum
1007 3089 1049 3154 de
1063 3089 1215 3156 remediis
1230 3091 1440 3176 fortuitorum,

213 3195 371 3279 epistulas
400 3195 450 3261 Il
482 3215 585 3278 usque
612 3195 656 3260 ad
685 3196 744 3260 VII
767 3199 797 3280 4,
821 3200 864 3262 25
898 3199 1045 3274 (olc'orton
1077 3219 1182 3261 rerum
1214 3201 1439 3282 Inaequaliloc),

212 3301 312 3367 libros
336 3301 377 3368 de
400 3303 570 3368 clementia
594 3310 626 3368 ct
641 3302 799 3387 epistulas
815 3302 910 3368 Pauli
924 3311 957 3368 et
971 3303 1116 3368 Senecae
1130 3309 1267 3370 mutuos.
1296 3305 1442 3369 Fickerti

213 3409 246 3472 in
280 3429 372 3474 usnm
405 3417 481 3474 ante
512 3430 629 3476 annum
661 3412 745 3477 1839
783 3431 853 3475 enm
892 3409 928 3475 G.
958 3410 1030 3475 Chr.
1058 3409 1176 3474 Harles
1214 3410 1441 3476 conferendum

213 3515 346 3598 curavit
375 3515 433 3582 sed
461 3515 558 3582 hodIc
581 3516 646 3581 iam
669 3536 733 3582 non
757 3525 845 3582 extat
868 3518 902 3582 in
925 3516 983 3582 illa
1010 3516 1215 3600 bibliotheca,
1245 3537 1308 3599 quc
1337 3517 1378 3583 de
1405 3537 1440 3582 re

215 3643 266 3688 me
304 3623 556 3706 interrogantem
593 3625 759 3690 Zuokerus
796 3623 1061 3690 bibliothecarius
1098 3623 1237 3706 benigne
1273 3625 1441 3689 certiorem

214 3729 299 3796 fecit.
346 3751 373 3796 v.
398 3730 541 3796 Fickerti
569 3733 789 3814 Prolepoorenc
812 3753 842 3816 p.
866 3733 918 3815 53,
947 3730 1047 3796 editio
1070 3751 1101 3814 p.
1124 3729 1212 3794 XXI.
1258 3731 1441 3797 accuratius

214 3857 286 3902 eom
311 3837 485 3923 descripsit
504 3837 714 3904 lrrnischerus
739 3839 769 3902 in
795 3839 875 3902 libro
900 3838 977 3903 hoc:
1003 3839 1365 3920 Hoodcclrrislenlrotclcp
1387 3839 1442 3902 der·

213 3947 271 4028 lrpl.
303 3947 660 4010 l'olr-crsitotsoibliorlel
684 3967 721 4008 co
746 3947 914 4028 Erloopeo,
941 3948 1026 4012 1852
1051 3965 1081 4028 p.
1106 3949 1148 4010 00
1169 3963 1215 4026 sq.
1240 3945 1279 4008 cl'.
1303 3966 1333 4029 p.
1353 3945 1392 4010 X.

213 4089 276 4098 —-

214 4197 378 4266 scripturam
403 4205 459 4251 aut
482 4199 557 4250 lade
579 4197 736 4261 fallimur
759 4213 791 4249 ex
815 4195 914 4250 codicis
933 4195 955 4248 P
973 4195 1090 4248 lectione
1109 4197 1198 4248 ortam
1218 4211 1275 4248 esse
1294 4194 1442 4249 verisimile

214 4289 263 4340 est.
301 4303 385 4354 qnare
404 4284 506 4339 corruit
525 4285 735 4340 fundamentum
754 4285 927 4340 coniecturae
946 4284 1123 4352 Hauptionae
1142 4281 1243 4351 (opusc.
1258 4283 1284 4336 II
1301 4283 1363 4348 328)
1383 4293 1442 4338 cut

214 4377 289 4429 iride
304 4377 473 4444 pellimur.
510 4377 630 4428 ceterum
650 4374 705 4428 iam
721 4375 847 4438 Hessius,
868 4391 950 4443 quem
965 4373 1095 4434 richero,
1116 4372 1164 4440 qui
1183 4371 1212 4424 in
1232 4371 1352 4426 editione
1371 4371 1442 4426 nihil

215 4463 249 4517 de
264 4464 284 4517 P
299 4463 454 4525 rettulerat,
474 4463 587 4518 schedas
605 4463 694 4517 denno
712 4465 859 4518 excussisse
873 4465 982 4516 constat
997 4461 1032 4528 (v.
1043 4461 1108 4515 edit.
1121 4460 1216 4514 llaasii
1229 4461 1282 4514 vol.
1292 4461 1332 4515 IIl
1347 4479 1372 4530 p.
1385 4461 1441 4524 le,

215 4557 288 4606 recte
315 4552 348 4606 de
376 4553 507 4606 hocloco
529 4551 676 4615 iudicarit,
705 4553 785 4606 modo
808 4569 843 4606 ne
866 4555 1015 4618 utrumqne
1042 4549 1155 4604 verbum
1181 4553 1210 4603 et
1236 4549 1391 4619 decipiendi
1414 4553 1443 4604 et

215 4641 329 4695 Iullondi
353 4641 382 4695 in
406 4643 523 4696 Senecas
545 4641 698 4696 orationem
725 4641 878 4710 recepisset.
916 4651 971 4694 aret
995 4643 1183 4708 deciperetur·
1206 4647 1262 4692 oret
1284 4639 1443 4704 fallimur

214 4729 334 4785 codicem
353 4731 381 4784 M
400 4731 501 4786 habere
518 4729 591 4784 infre
609 4729 707 4784 dicrum
