3568 5238
773 427 879 488 .45

241 665 401 729 nusquam
434 648 563 711 uberius
596 648 710 712 dixisse
745 650 993 712 consentaneum
1027 649 1082 724 sit,
1117 667 1220 730 neque
1248 668 1285 712 ex
1309 648 1471 720 Sallustio,

242 751 298 832 qui
312 751 439 814 nomine
456 751 572 815 omisso
588 751 688 815 obiter
710 750 792 814 hanc
814 770 882 814 rem
906 751 1010 832 tangit
1026 749 1128 824 (Catil.
1146 743 1208 830 15),
1231 769 1323 815 30333
1339 754 1471 833 poterat.

241 850 311 916 Iam
339 872 422 928 vero,
451 871 525 917 cum
552 851 683 918 Orosius
705 853 763 934 (VI
787 855 819 934 3)
847 853 971 916 Livium
998 853 1086 916 illam
1115 858 1279 924 33033131)
1308 872 1470 918 enarrasse

242 956 333 1019 testis
356 957 405 1030 eit,
432 957 469 1018 ut
491 974 528 1019 ex
552 956 610 1020 hoo
633 959 862 1020 commentator
884 974 942 1018 sua
964 955 1106 1018 hauriret
1128 955 1247 1020 lactum
1270 973 1337 1020 esse
1360 959 1471 1038 potest.

329 1057 473 1138 Denique
496 1059 652 1122 Asconius
677 1061 720 1140 (p.
739 1059 788 1134 14,
815 1058 954 1139 15-17)
977 1058 1164 1141 Pompeium
1187 1055 1302 1122 33311.
1325 1058 1471 1141 elephan-

243 1163 348 1224 torum
371 1179 510 1242 pugnam
533 1162 698 1246 primum
722 1161 863 1224 omnium
899 1161 1021 1224 dedisse
1049 1161 1082 1223 in
1110 1161 1192 1224 circo
1216 1159 1377 1223 affirmans
1400 1179 1472 1224 con-

243 1262 330 1344 gruit
357 1281 429 1326 cum
458 1262 579 1326 Seneca
603 1263 652 1340 (de
681 1262 765 1326 brev.
791 1263 842 1326 rit.
868 1264 936 1343 13),
969 1262 1128 1344 discrepat
1150 1281 1169 1326 a
1190 1263 1384 1335 Fenestella,
1418 1263 1471 1344 qni

245 1364 342 1446 (apud
371 1364 509 1428 Plinium
547 1367 578 1429 h.
613 1386 643 1427 3.
677 1364 754 1428 VIII
787 1366 839 1442 19)
868 1364 1036 1430 Claudium
1058 1363 1231 1428 Pulchrum
1256 1365 1299 1429 M.
1336 1365 1471 1428 Antonio

243 1471 280 1530 A.
291 1466 454 1531 Postumio
470 1487 548 1532 coss.
565 1470 597 1532 in
610 1467 770 1532 aedilitate
788 1469 845 1532 hoc
856 1470 994 1550 primum
1007 1465 1117 1531 fecisse
1130 1467 1328 1540 contendith.
1349 1466 1472 1529 Plutar-

243 1569 323 1633 chus
340 1570 405 1646 (rit.
423 1570 531 1652 Pomp.
548 1589 574 1634 3.
592 1573 646 1648 52)
662 1589 811 1653 pugnam,
836 1589 931 1652 qnam
948 1570 1034 1634 dedit
1049 1570 1225 1652 Pompeius,
1248 1569 1472 1634 commemorat

245 1676 341 1755 atque
357 1668 660 1755 ἐκπληκτικώτατον
674 1669 789 1755 θέαμα
805 1673 947 1738 nominat
960 1691 1019 1736 nec
1040 1673 1203 1737 dissimilia
1216 1673 1366 1754 leguntur
1388 1670 1470 1753 apud

243 1775 377 1839 Dionem
414 1774 548 1838 XXXIII
575 1775 626 1838 38.
681 1776 794 1858 ltaque
827 1794 928 1856 neque
962 1775 1000 1838 ad
1035 1775 1221 1839 Sallustium
1255 1778 1311 1838 ant
1343 1773 1382 1838 ad
1415 1774 1471 1837 Fe·

243 1877 411 1942 nestellam
434 1877 619 1941 scholiastae
646 1879 754 1942 relatio
776 1878 914 1943 revocari
937 1881 1040 1960 potest
1066 1882 1098 1941 et
1125 1877 1251 1942 Asconii
1278 1880 1310 1940 et
1333 1877 1470 1940 Senecae

247 1981 442 2044 narrationes
466 1979 581 2044 indicia
607 1999 681 2062 prae
709 2001 742 2044 se
770 1981 876 2046 ferunt
904 1981 1051 2057 auctoris,
1085 1980 1139 2060 qui
1169 1981 1200 2043 in
1232 1979 1357 2044 laudem
1380 1977 1473 2043 Pom·

242 2082 293 2165 pei
320 2083 410 2146 ludos
436 2085 472 2146 ut
495 2083 823 2164 magnificentissimos
846 2085 975 2167 pingere
999 2083 1171 2158 studuerit,
1203 2083 1236 2146 id
1259 2081 1341 2162 quod
1364 2082 1396 2144 in
1418 2080 1470 2145 Li-

247 2184 333 2248 vium
356 2185 498 2248 omnium
521 2185 637 2267 optime
654 2186 797 2268 quadrat.
835 2187 932 2262 Adde,
956 2185 1039 2267 quod
1063 2185 1209 2258 eundem,
1232 2203 1326 2266 quem
1344 2183 1470 2260 Seneca,

245 2287 484 2368 elephantorum
506 2307 675 2352 numerum
696 2288 755 2352 Dio
778 2290 890 2371 prodit,
913 2293 959 2364 ut,
983 2289 1131 2370 qnoniam
1153 2307 1209 2370 per
1230 2289 1332 2351 totum
1355 2287 1469 2351 librum

245 2388 379 2454 XXXIX
402 2389 481 2452 Livii
505 2392 639 2472 vestigia
661 2391 859 2473 reperiuntur
868 2394 905 2473 ³),
929 2392 987 2454 hos
1003 2391 1090 2454 Livio
1112 2409 1186 2454 usos
1209 2409 1278 2453 esse
1302 2389 1378 2452 satis
1401 2408 1470 2471 pro·

244 2491 348 2554 habile
371 2492 457 2572 sit¹).
501 2492 663 2557 Postremo
684 2494 885 2570 Plutarchus
909 2513 1004 2576 quem
1026 2493 1058 2557 in
1081 2493 1147 2557 vita
1167 2492 1295 2575 Pompei
1319 2491 1469 2555 nonnulla

244 2612 281 2656 er
304 2594 390 2657 Livio
414 2596 567 2660 delibasse
590 2601 725 2672 constat,
748 2599 830 2662 hano
853 2617 927 2679 prae
951 2597 1064 2660 ceteris
1087 2614 1227 2679 pugnam
1250 2594 1419 2677 praedicat.

329 2696 543 2762 Praetereade
556 2699 884 2780 legeVariahsconins
897 2703 929 2763 et
939 2700 1103 2782 Appianas
1115 2701 1148 2762 et
1156 2697 1301 2762 Valerius
1314 2697 1471 2762 Maximus

244 2797 328 2862 haud
345 2798 508 2863 dissimilia
522 2802 665 2866 tradunt:
681 2803 833 2866 Asconius
851 2810 894 2885 (p.
912 2804 960 2877 19,
977 2803 1116 2882 22-25)
1136 2801 1232 2864 haec:
1253 2799 1374 2864 ‘italico
1389 2800 1471 2864 bello

245 2903 366 2974 exorto,
390 2920 463 2965 cum
485 2902 524 2965 cb
548 2904 641 2967 sociis
664 2908 812 2986 negatam
836 2905 996 2968 civitatem
1017 2904 1163 2969 nobilitas
1185 2904 1217 2966 in
1241 2903 1357 2966 invidia
1380 2905 1471 2978 esset,

245 3001 282 3079 Q.
295 3002 408 3066 Varius
425 3004 571 3070 tribunus
587 3007 688 3089 plebis
704 3008 807 3088 legem
823 3007 909 3082 tulit,
930 3010 970 3070 nt
985 3010 1239 3088 quaereretur
1255 3005 1297 3069 de
1312 3007 1369 3080 iis,
1386 3024 1470 3086 quo·

244 3122 325 3166 rum
349 3125 414 3188 ope
438 3108 650 3172 consiliove
672 3109 767 3172 socii
784 3112 918 3172 contra
941 3110 1122 3191 populum
1138 3109 1349 3172 Romanum
1366 3125 1471 3171 arma

246 3209 532 3289 sumpsissent';
556 3211 717 3292 Appianus
733 3211 776 3290 (b.
792 3229 817 3274 3.
833 3209 848 3272 I
865 3211 919 3286 37)
942 3211 1034 3275 haec:
1065 3205 1094 3274 οί
1119 3204 1237 3288 inercie
1258 3205 1414 3292 ἐπίβασιν
1440 3205 1473 3285 ἐς

246 3305 463 3396 συκοφαντίαν
489 3313 553 3376 τιῖιν
579 3309 705 3398 ἐχθρῶν
730 3303 768 3376 τὸ
792 3311 975 3394 πολίτευμα
998 3305 1096 3377 αίτοῖ·
1118 3309 1297 3394 τιθέμενοι,
1352 3307 1471 3376 Κόιν-

245 3434 312 3476 τον
348 3403 518 3498 Οίοίριον
563 3410 760 3500 δήμαρχον
788 3409 954 3480 ἔπεισαν
989 3412 1272 3501 ἐσηγήσασθαι
1313 3409 1471 3498 κρίσεις

245 3505 350 3580 εἶναι
378 3507 474 3580 κατὰ
495 3519 572 3580 τῶν
599 3521 683 3594 τοῖς
706 3508 961 3596 Ἰταλιώταις
988 3514 1058 3581 ἐντὶ
1084 3509 1130 3581 τὰ
1157 3507 1268 3581 κοινὰ
1296 3516 1471 3602 φανερῶς

244 3607 403 3704 ’ἠκρίφα
417 3615 680 3704 βοηθούντων,
705 3616 944 3698 ἐλπίσαντες
966 3611 1054 3698 τοὺς
1077 3615 1266 3698 δυνατοδς
1288 3613 1471 3694 ἅπαντας

247 3711 384 3784 αὐτίκα
416 3717 454 3798 ἐς
481 3717 656 3807 ἔγκλημα
696 3719 922 3808 ἐπίφθονον
953 3717 1194 3802 ἐπάξεσθαι,
1234 3718 1288 3785 καὶ
1323 3715 1469 3784 δικάσειν

245 3817 307 3902 μὲν
329 3813 434 3902 αι’τοί,
459 3823 636 3907 γενομένων
658 3816 687 3888 δ’
705 3821 833 3889 ἐκείνων
855 3815 1006 3888 ἐκντοδιίιν
1028 3820 1245 3909 διναταίτερον
1265 3817 1313 3887 ἐτι
1329 3825 1387 3907 τῆς
1403 3817 1469 3886 τιό-

247 3973 408 3982 -.--,
435 3977 446 3980 -

315 4065 335 4126 ¹)
354 4061 438 4115 Hane
456 4077 514 4116 rem
531 4061 622 4131 tangit
639 4062 722 4116 etiam
741 4061 910 4118 Plutarchus
929 4063 987 4130 (vit.
1006 4063 1067 4118 (lat.
1087 4063 1153 4116 min.
1173 4079 1196 4117 3.
1216 4064 1268 4130 19).

316 4147 335 4212 ἰ)
370 4146 484 4200 Asconii
505 4153 534 4200 et
557 4147 678 4202 Senecae
699 4153 796 4202 auctor
813 4148 840 4202 in
858 4164 948 4202 errore
966 4165 1026 4203 esse
1043 4149 1164 4203 videtur:
1195 4147 1229 4202 cf.
1253 4147 1401 4200 Drumann
1426 4146 1469 4200 IV

245 4247 272 4300 p.
291 4231 341 4285 524
360 4247 387 4284 n.
408 4233 447 4286 18.

315 4320 337 4384 ⁸)
356 4317 493 4370 Grasshol
508 4317 526 4372 1.
544 4335 566 4372 3.
586 4335 612 4388 p.
631 4319 673 4372 27.

314 4405 337 4470 ⁴)
356 4401 439 4469 Quod
462 4403 518 4458 Dic
541 4402 690 4470 ‘armatos'‚
717 4403 821 4458 Seneca
838 4403 983 4457 'innoxios’
1014 4405 1064 4472 (sic
1086 4404 1209 4458 restituit
1226 4405 1321 4470 Gertz)
1344 4404 1469 4458 homines

246 4502 311 4540 cum
325 4486 480 4559 elephante
495 4505 633 4560 pugnasse
651 4495 753 4556 nmat,
771 4497 881 4543 3331333
895 4487 1020 4559 opinioni
1037 4487 1108 4543 nihil
1126 4487 1295 4558 adversatur,
1312 4505 1376 4546 cum
1395 4489 1470 4560 apud

248 4573 380 4627 Senecam
404 4572 482 4640 ahos,
508 4574 577 4628 allos
602 4573 676 4644 apud
699 4573 818 4628 Dionem
841 4573 1041 4644 intellegendos
1064 4591 1124 4629 esse
1141 4574 1309 4630 contendens
1323 4576 1469 4630 Drumann

246 4657 302 4726 (IV
322 4676 348 4729 p.
366 4659 418 4713 524
435 4675 462 4714 n.
481 4660 524 4726 11)
542 4675 647 4714 3333033
663 4658 732 4714 mihi
750 4659 882 4715 videatur.
