<?xml version="1.0" encoding="UTF-8"?>
<!DOCTYPE html PUBLIC "-//W3C//DTD XHTML 1.0 Transitional//EN"
    "http://www.w3.org/TR/xhtml1/DTD/xhtml1-transitional.dtd">
<html xmlns="http://www.w3.org/1999/xhtml" xml:lang="en" lang="en">
 <head>
  <title>
</title>
<meta http-equiv="Content-Type" content="text/html;charset=utf-8" />
  <meta name='ocr-system' content='tesseract 3.04.00' />
  <meta name='ocr-capabilities' content='ocr_page ocr_carea ocr_par ocr_line ocrx_word'/>
</head>
<body>
  <div class='ocr_page' id='page_1' title='image "./destoicorumstud00strigoog_0162.png"; bbox 0 0 3480 5230; ppageno 0'>
   <div class='ocr_carea' id='block_1_1' title="bbox 800 399 840 459">
    <p class='ocr_par' dir='ltr' id='par_1_1' title="bbox 800 399 840 459">
     <span class='ocr_line' id='line_1_1' title="bbox 800 399 840 459; baseline -0.025 0"><span class='ocrx_word' id='word_1_1' title='bbox 800 399 840 459; x_wconf 74' lang='lat'>39</span> 
     </span>
    </p>
   </div>
   <div class='ocr_carea' id='block_1_2' title="bbox 712 483 922 493">
    <p class='ocr_par' dir='ltr' id='par_1_2' title="bbox 712 483 922 493">
     <span class='ocr_line' id='line_1_2' title="bbox 712 483 922 493; baseline 0 -1"><span class='ocrx_word' id='word_1_2' title='bbox 712 483 922 493; x_wconf 58' lang='lat' dir='ltr'>uun—.—</span> 
     </span>
    </p>
   </div>
   <div class='ocr_carea' id='block_1_3' title="bbox 204 617 1427 2666">
    <p class='ocr_par' dir='ltr' id='par_1_3' title="bbox 204 617 1427 2666">
     <span class='ocr_line' id='line_1_3' title="bbox 210 617 1427 708; baseline 0.004 -22"><span class='ocrx_word' id='word_1_3' title='bbox 210 620 384 702; x_wconf 87' lang='lat' dir='ltr'>sententia,</span> <span class='ocrx_word' id='word_1_4' title='bbox 414 618 567 686; x_wconf 87' lang='lat' dir='ltr'>dubitant</span> <span class='ocrx_word' id='word_1_5' title='bbox 593 618 702 688; x_wconf 88' lang='lat' dir='ltr'>adhuc</span> <span class='ocrx_word' id='word_1_6' title='bbox 728 617 874 687; x_wconf 89' lang='lat' dir='ltr'>homiues</span> <span class='ocrx_word' id='word_1_7' title='bbox 900 620 999 691; x_wconf 90' lang='lat' dir='ltr'>docti.</span> <span class='ocrx_word' id='word_1_8' title='bbox 1044 621 1185 708; x_wconf 78' lang='lat' dir='ltr'>Spengel</span> <span class='ocrx_word' id='word_1_9' title='bbox 1207 622 1304 706; x_wconf 87' lang='lat' dir='ltr'>(Mus.</span> <span class='ocrx_word' id='word_1_10' title='bbox 1326 621 1427 692; x_wconf 83' lang='lat' dir='ltr'>Rhea.</span> 
     </span>
     <span class='ocr_line' id='line_1_4' title="bbox 212 722 1426 812; baseline 0.002 -21"><span class='ocrx_word' id='word_1_11' title='bbox 212 724 321 792; x_wconf 85' lang='lat' dir='ltr'>XVIII</span> <span class='ocrx_word' id='word_1_12' title='bbox 342 747 374 811; x_wconf 88' lang='lat' dir='ltr'>p.</span> <span class='ocrx_word' id='word_1_13' title='bbox 396 728 474 811; x_wconf 85' lang='grc'>493)</span> <span class='ocrx_word' id='word_1_14' title='bbox 497 725 587 792; x_wconf 93' lang='lat' dir='ltr'>nisus</span> <span class='ocrx_word' id='word_1_15' title='bbox 613 722 721 792; x_wconf 84' lang='lat' dir='ltr'>verbis</span> <span class='ocrx_word' id='word_1_16' title='bbox 749 723 941 805; x_wconf 81' lang='lat' dir='ltr'><strong>Quintiliani</strong></span> <span class='ocrx_word' id='word_1_17' title='bbox 964 725 998 812; x_wconf 89' lang='lat' dir='ltr'>(l.</span> <span class='ocrx_word' id='word_1_18' title='bbox 1021 748 1048 793; x_wconf 90' lang='lat' dir='ltr'>c.</span> <span class='ocrx_word' id='word_1_19' title='bbox 1071 729 1089 812; x_wconf 57' lang='grc' dir='ltr'>ᾖ</span> <span class='ocrx_word' id='word_1_20' title='bbox 1110 727 1145 812; x_wconf 90' lang='grc'>4)</span> <span class='ocrx_word' id='word_1_21' title='bbox 1167 749 1283 812; x_wconf 90' lang='lat' dir='ltr'>parum</span> <span class='ocrx_word' id='word_1_22' title='bbox 1306 728 1426 812; x_wconf 90' lang='lat' dir='ltr'>proba·</span> 
     </span>
     <span class='ocr_line' id='line_1_5' title="bbox 210 827 1426 916; baseline 0.002 -21"><span class='ocrx_word' id='word_1_23' title='bbox 210 827 323 896; x_wconf 90' lang='lat' dir='ltr'>biliter</span> <span class='ocrx_word' id='word_1_24' title='bbox 344 832 498 915; x_wconf 78' lang='lat' dir='ltr'>opinatur</span> <span class='ocrx_word' id='word_1_25' title='bbox 520 851 592 896; x_wconf 89' lang='lat' dir='ltr'>eum</span> <span class='ocrx_word' id='word_1_26' title='bbox 616 829 770 898; x_wconf 78' lang='lat' dir='ltr'>statuisse</span> <span class='ocrx_word' id='word_1_27' title='bbox 803 828 972 912; x_wconf 88' lang='lat' dir='ltr'>iudicium,</span> <span class='ocrx_word' id='word_1_28' title='bbox 1006 831 1231 916; x_wconf 80' lang='lat' dir='ltr'>partitionem,</span> <span class='ocrx_word' id='word_1_29' title='bbox 1266 831 1426 911; x_wconf 79' lang='lat' dir='ltr'>ordinem,</span> 
     </span>
     <span class='ocr_line' id='line_1_6' title="bbox 208 929 1426 1018; baseline 0.002 -20"><span class='ocrx_word' id='word_1_30' title='bbox 208 933 434 1015; x_wconf 84' lang='lat' dir='ltr'>elocutionem,</span> <span class='ocrx_word' id='word_1_31' title='bbox 456 933 571 1001; x_wconf 90' lang='lat' dir='ltr'>athas</span> <span class='ocrx_word' id='word_1_32' title='bbox 593 938 705 1017; x_wconf 89' lang='lat' dir='ltr'>partes</span> <span class='ocrx_word' id='word_1_33' title='bbox 726 951 807 998; x_wconf 81' lang='lat' dir='ltr'>voce</span> <span class='ocrx_word' id='word_1_34' title='bbox 828 929 996 1018; x_wconf 79' lang='grc' dir='ltr'><strong><em>οἰκονομία</em></strong></span> <span class='ocrx_word' id='word_1_35' title='bbox 1022 955 1103 1006; x_wconf 75' lang='lat' dir='ltr'>esse,</span> <span class='ocrx_word' id='word_1_36' title='bbox 1117 934 1331 1018; x_wconf 86' lang='lat' dir='ltr'>complexum.</span> <span class='ocrx_word' id='word_1_37' title='bbox 1376 937 1426 1001; x_wconf 88' lang='lat' dir='ltr'>An</span> 
     </span>
     <span class='ocr_line' id='line_1_7' title="bbox 209 1033 1426 1132; baseline 0.002 -28"><span class='ocrx_word' id='word_1_38' title='bbox 209 1033 396 1122; x_wconf 77' lang='grc' dir='ltr'><strong><em>οἰκονομίαν</em></strong></span> <span class='ocrx_word' id='word_1_39' title='bbox 417 1037 519 1132; x_wconf 84' lang='lat' dir='ltr'>solam</span> <span class='ocrx_word' id='word_1_40' title='bbox 542 1035 683 1121; x_wconf 89' lang='lat' dir='ltr'>putabat</span> <span class='ocrx_word' id='word_1_41' title='bbox 704 1036 924 1120; x_wconf 88' lang='lat' dir='ltr'>Hermagoras</span> <span class='ocrx_word' id='word_1_42' title='bbox 946 1037 989 1103; x_wconf 90' lang='lat' dir='ltr'>ad</span> <span class='ocrx_word' id='word_1_43' title='bbox 1013 1037 1210 1104; x_wconf 89' lang='lat' dir='ltr'>rhetoricam</span> <span class='ocrx_word' id='word_1_44' title='bbox 1239 1039 1426 1122; x_wconf 73' lang='lat' dir='ltr'>pertinere?</span> 
     </span>
     <span class='ocr_line' id='line_1_8' title="bbox 208 1138 1427 1228; baseline 0.002 -23"><span class='ocrx_word' id='word_1_45' title='bbox 208 1140 393 1206; x_wconf 79' lang='lat' dir='ltr'>Volkmann</span> <span class='ocrx_word' id='word_1_46' title='bbox 415 1141 435 1206; x_wconf 93' lang='lat' dir='ltr'>l.</span> <span class='ocrx_word' id='word_1_47' title='bbox 459 1162 484 1208; x_wconf 92' lang='lat' dir='ltr'>c.</span> <span class='ocrx_word' id='word_1_48' title='bbox 507 1163 538 1224; x_wconf 91' lang='lat' dir='ltr'>p.</span> <span class='ocrx_word' id='word_1_49' title='bbox 560 1147 600 1208; x_wconf 82' lang='lat'>29</span> <span class='ocrx_word' id='word_1_50' title='bbox 624 1160 672 1223; x_wconf 92' lang='lat' dir='ltr'>sq.</span> <span class='ocrx_word' id='word_1_51' title='bbox 695 1143 793 1223; x_wconf 88' lang='lat' dir='ltr'>putat</span> <span class='ocrx_word' id='word_1_52' title='bbox 814 1161 888 1206; x_wconf 89' lang='lat' dir='ltr'>eum</span> <span class='ocrx_word' id='word_1_53' title='bbox 910 1161 973 1214; x_wconf 89' lang='lat' dir='ltr'>non</span> <span class='ocrx_word' id='word_1_54' title='bbox 996 1161 1088 1208; x_wconf 88' lang='lat' dir='ltr'>secus</span> <span class='ocrx_word' id='word_1_55' title='bbox 1111 1162 1150 1208; x_wconf 91' lang='lat' dir='ltr'>ac</span> <span class='ocrx_word' id='word_1_56' title='bbox 1166 1141 1294 1208; x_wconf 85' lang='lat' dir='ltr'>Stoicos</span> <span class='ocrx_word' id='word_1_57' title='bbox 1316 1138 1427 1228; x_wconf 83' lang='grc' dir='ltr'><strong><em>νόησιν</em></strong></span> 
     </span>
     <span class='ocr_line' id='line_1_9' title="bbox 206 1237 1424 1330; baseline 0.001 -22"><span class='ocrx_word' id='word_1_58' title='bbox 206 1238 333 1330; x_wconf 78' lang='grc' dir='ltr'><strong><em>εὕρεσιν</em></strong></span> <span class='ocrx_word' id='word_1_59' title='bbox 355 1241 512 1311; x_wconf 78' lang='grc' dir='ltr'><strong><em>διάθεσιν</em></strong></span> <span class='ocrx_word' id='word_1_60' title='bbox 533 1243 585 1310; x_wconf 84' lang='lat' dir='ltr'>rel</span> <span class='ocrx_word' id='word_1_61' title='bbox 608 1237 796 1326; x_wconf 78' lang='grc' dir='ltr'><strong><em>οἰκονομίαν</em></strong></span> <span class='ocrx_word' id='word_1_62' title='bbox 817 1242 979 1327; x_wconf 88' lang='lat' dir='ltr'>posuisse,</span> <span class='ocrx_word' id='word_1_63' title='bbox 1001 1243 1037 1308; x_wconf 94' lang='lat' dir='ltr'>id</span> <span class='ocrx_word' id='word_1_64' title='bbox 1059 1243 1145 1309; x_wconf 91' lang='lat' dir='ltr'>enim</span> <span class='ocrx_word' id='word_1_65' title='bbox 1167 1264 1208 1309; x_wconf 88' lang='lat' dir='ltr'>ex</span> <span class='ocrx_word' id='word_1_66' title='bbox 1231 1243 1424 1323; x_wconf 82' lang='lat' dir='ltr'>Quintillani</span> 
     </span>
     <span class='ocr_line' id='line_1_10' title="bbox 207 1345 1425 1432; baseline 0.001 -21"><span class='ocrx_word' id='word_1_67' title='bbox 207 1345 380 1413; x_wconf 86' lang='lat' dir='ltr'>verborum</span> <span class='ocrx_word' id='word_1_68' title='bbox 403 1367 527 1413; x_wconf 84' lang='lat' dir='ltr'>conexu</span> <span class='ocrx_word' id='word_1_69' title='bbox 549 1367 719 1432; x_wconf 88' lang='lat' dir='ltr'>apparere.</span> <span class='ocrx_word' id='word_1_70' title='bbox 764 1345 953 1412; x_wconf 82' lang='lat' dir='ltr'>Memoriam</span> <span class='ocrx_word' id='word_1_71' title='bbox 970 1352 1004 1412; x_wconf 92' lang='lat' dir='ltr'>et</span> <span class='ocrx_word' id='word_1_72' title='bbox 1025 1345 1325 1430; x_wconf 85' lang='lat' dir='ltr'>pronuntiationem</span> <span class='ocrx_word' id='word_1_73' title='bbox 1340 1348 1425 1413; x_wconf 89' lang='lat' dir='ltr'>Her-</span> 
     </span>
     <span class='ocr_line' id='line_1_11' title="bbox 207 1448 1426 1534; baseline -0.001 -18"><span class='ocrx_word' id='word_1_74' title='bbox 207 1471 374 1534; x_wconf 87' lang='lat' dir='ltr'>magoram</span> <span class='ocrx_word' id='word_1_75' title='bbox 397 1471 462 1516; x_wconf 92' lang='lat' dir='ltr'>nou</span> <span class='ocrx_word' id='word_1_76' title='bbox 484 1451 647 1534; x_wconf 78' lang='lat' dir='ltr'>recepisse</span> <span class='ocrx_word' id='word_1_77' title='bbox 674 1449 761 1516; x_wconf 91' lang='lat' dir='ltr'>idem</span> <span class='ocrx_word' id='word_1_78' title='bbox 784 1448 953 1516; x_wconf 90' lang='lat' dir='ltr'>contendit</span> <span class='ocrx_word' id='word_1_79' title='bbox 974 1471 1005 1534; x_wconf 91' lang='lat' dir='ltr'>p.</span> <span class='ocrx_word' id='word_1_80' title='bbox 1029 1457 1079 1518; x_wconf 84' lang='lat'>30.</span> <span class='ocrx_word' id='word_1_81' title='bbox 1122 1454 1166 1517; x_wconf 84' lang='lat' dir='ltr'>At</span> <span class='ocrx_word' id='word_1_82' title='bbox 1188 1449 1304 1534; x_wconf 92' lang='lat' dir='ltr'>siquis</span> <span class='ocrx_word' id='word_1_83' title='bbox 1326 1449 1426 1516; x_wconf 85' lang='lat' dir='ltr'>verba</span> 
     </span>
     <span class='ocr_line' id='line_1_12' title="bbox 208 1550 1424 1637; baseline 0 -19"><span class='ocrx_word' id='word_1_84' title='bbox 208 1553 402 1630; x_wconf 85' lang='lat' dir='ltr'>Quintiliani</span> <span class='ocrx_word' id='word_1_85' title='bbox 433 1553 510 1618; x_wconf 92' lang='lat' dir='ltr'>inde</span> <span class='ocrx_word' id='word_1_86' title='bbox 536 1575 556 1618; x_wconf 96' lang='lat' dir='ltr'>a</span> <span class='ocrx_word' id='word_1_87' title='bbox 582 1552 690 1637; x_wconf 89' lang='lat' dir='ltr'>capite</span> <span class='ocrx_word' id='word_1_88' title='bbox 724 1551 823 1619; x_wconf 91' lang='lat' dir='ltr'>tertio</span> <span class='ocrx_word' id='word_1_89' title='bbox 855 1550 934 1618; x_wconf 89' lang='lat' dir='ltr'>libri</span> <span class='ocrx_word' id='word_1_90' title='bbox 967 1551 1058 1618; x_wconf 89' lang='lat' dir='ltr'>tertii</span> <span class='ocrx_word' id='word_1_91' title='bbox 1091 1552 1266 1636; x_wconf 83' lang='lat' dir='ltr'>diligenter</span> <span class='ocrx_word' id='word_1_92' title='bbox 1298 1551 1424 1636; x_wconf 88' lang='lat' dir='ltr'>legerit,</span> 
     </span>
     <span class='ocr_line' id='line_1_13' title="bbox 205 1653 1424 1739; baseline 0.002 -18"><span class='ocrx_word' id='word_1_93' title='bbox 205 1654 309 1737; x_wconf 91' lang='lat' dir='ltr'>aliud,</span> <span class='ocrx_word' id='word_1_94' title='bbox 334 1656 465 1739; x_wconf 90' lang='lat' dir='ltr'>opinor,</span> <span class='ocrx_word' id='word_1_95' title='bbox 495 1654 594 1722; x_wconf 86' lang='lat' dir='ltr'>saciet</span> <span class='ocrx_word' id='word_1_96' title='bbox 621 1656 791 1722; x_wconf 88' lang='lat' dir='ltr'>iudicium.</span> <span class='ocrx_word' id='word_1_97' title='bbox 829 1655 935 1722; x_wconf 88' lang='lat' dir='ltr'>Docet</span> <span class='ocrx_word' id='word_1_98' title='bbox 957 1655 1043 1721; x_wconf 90' lang='lat' dir='ltr'>onim</span> <span class='ocrx_word' id='word_1_99' title='bbox 1066 1653 1186 1721; x_wconf 90' lang='lat' dir='ltr'>Fabius</span> <span class='ocrx_word' id='word_1_100' title='bbox 1209 1655 1344 1722; x_wconf 88' lang='lat' dir='ltr'>ineunte</span> <span class='ocrx_word' id='word_1_101' title='bbox 1367 1656 1424 1723; x_wconf 92' lang='lat' dir='ltr'>illo</span> 
     </span>
     <span class='ocr_line' id='line_1_14' title="bbox 207 1757 1423 1844; baseline 0 -20"><span class='ocrx_word' id='word_1_102' title='bbox 207 1759 317 1842; x_wconf 89' lang='lat' dir='ltr'>capite</span> <span class='ocrx_word' id='word_1_103' title='bbox 340 1759 497 1844; x_wconf 88' lang='lat' dir='ltr'>plurimos</span> <span class='ocrx_word' id='word_1_104' title='bbox 520 1759 744 1842; x_wconf 85' lang='lat' dir='ltr'>maximosque</span> <span class='ocrx_word' id='word_1_105' title='bbox 765 1762 916 1824; x_wconf 84' lang='lat' dir='ltr'>auctores</span> <span class='ocrx_word' id='word_1_106' title='bbox 932 1757 1151 1824; x_wconf 85' lang='lat' dir='ltr'>inventionem</span> <span class='ocrx_word' id='word_1_107' title='bbox 1176 1757 1423 1842; x_wconf 88' lang='lat' dir='ltr'>dispositionem</span> 
     </span>
     <span class='ocr_line' id='line_1_15' title="bbox 207 1860 1424 1945; baseline 0 -17"><span class='ocrx_word' id='word_1_108' title='bbox 207 1860 424 1929; x_wconf 87' lang='lat' dir='ltr'>elocutionem</span> <span class='ocrx_word' id='word_1_109' title='bbox 461 1861 650 1928; x_wconf 88' lang='lat' dir='ltr'>memoriam</span> <span class='ocrx_word' id='word_1_110' title='bbox 687 1861 988 1945; x_wconf 88' lang='lat' dir='ltr'>pronuntiationem</span> <span class='ocrx_word' id='word_1_111' title='bbox 1022 1865 1060 1926; x_wconf 89' lang='lat' dir='ltr'>ut</span> <span class='ocrx_word' id='word_1_112' title='bbox 1092 1860 1278 1928; x_wconf 91' lang='lat' dir='ltr'>rhetoricae</span> <span class='ocrx_word' id='word_1_113' title='bbox 1311 1867 1424 1945; x_wconf 89' lang='lat' dir='ltr'>partes</span> 
     </span>
     <span class='ocr_line' id='line_1_16' title="bbox 206 1963 1424 2048; baseline 0.002 -18"><span class='ocrx_word' id='word_1_114' title='bbox 206 1963 392 2034; x_wconf 85' lang='lat' dir='ltr'>tradidisse.</span> <span class='ocrx_word' id='word_1_115' title='bbox 429 1965 519 2030; x_wconf 90' lang='lat' dir='ltr'>Idem</span> <span class='ocrx_word' id='word_1_116' title='bbox 542 1964 620 2030; x_wconf 90' lang='lat' dir='ltr'>inde</span> <span class='ocrx_word' id='word_1_117' title='bbox 643 1987 663 2030; x_wconf 89' lang='lat' dir='ltr'>a</span> <span class='ocrx_word' id='word_1_118' title='bbox 684 1963 891 2048; x_wconf 84' lang='lat' dir='ltr'>paragrapho</span> <span class='ocrx_word' id='word_1_119' title='bbox 914 1963 1052 2048; x_wconf 88' lang='lat' dir='ltr'>septima</span> <span class='ocrx_word' id='word_1_120' title='bbox 1075 1963 1220 2030; x_wconf 81' lang='lat' dir='ltr'>affirmat</span> <span class='ocrx_word' id='word_1_121' title='bbox 1236 1963 1424 2032; x_wconf 87' lang='lat' dir='ltr'>Ciceronem</span> 
     </span>
     <span class='ocr_line' id='line_1_17' title="bbox 206 2065 1423 2152; baseline 0.002 -21"><span class='ocrx_word' id='word_1_122' title='bbox 206 2087 338 2151; x_wconf 90' lang='lat' dir='ltr'>quoque</span> <span class='ocrx_word' id='word_1_123' title='bbox 366 2068 400 2133; x_wconf 94' lang='lat' dir='ltr'>iu</span> <span class='ocrx_word' id='word_1_124' title='bbox 429 2067 593 2152; x_wconf 90' lang='lat' dir='ltr'>plerisque</span> <span class='ocrx_word' id='word_1_125' title='bbox 620 2066 792 2134; x_wconf 92' lang='lat' dir='ltr'>rhetoricis</span> <span class='ocrx_word' id='word_1_126' title='bbox 824 2066 917 2134; x_wconf 88' lang='lat' dir='ltr'>libris</span> <span class='ocrx_word' id='word_1_127' title='bbox 950 2065 993 2132; x_wconf 94' lang='lat' dir='ltr'>ad</span> <span class='ocrx_word' id='word_1_128' title='bbox 1026 2066 1100 2134; x_wconf 92' lang='lat' dir='ltr'>illas</span> <span class='ocrx_word' id='word_1_129' title='bbox 1135 2067 1279 2151; x_wconf 90' lang='lat' dir='ltr'>quinque</span> <span class='ocrx_word' id='word_1_130' title='bbox 1311 2074 1423 2151; x_wconf 86' lang='lat' dir='ltr'>partes</span> 
     </span>
     <span class='ocr_line' id='line_1_18' title="bbox 205 2167 1423 2254; baseline 0.002 -19"><span class='ocrx_word' id='word_1_131' title='bbox 205 2169 437 2254; x_wconf 84' lang='lat' dir='ltr'>pervenisse;¹)</span> <span class='ocrx_word' id='word_1_132' title='bbox 460 2171 559 2236; x_wconf 89' lang='lat' dir='ltr'>etiam</span> <span class='ocrx_word' id='word_1_133' title='bbox 579 2169 716 2235; x_wconf 89' lang='lat' dir='ltr'>Diouem</span> <span class='ocrx_word' id='word_1_134' title='bbox 738 2175 773 2236; x_wconf 88' lang='lat' dir='ltr'>et</span> <span class='ocrx_word' id='word_1_135' title='bbox 793 2168 999 2245; x_wconf 88' lang='lat' dir='ltr'>Theodorum</span> <span class='ocrx_word' id='word_1_136' title='bbox 1024 2169 1155 2236; x_wconf 90' lang='lat' dir='ltr'>casdem</span> <span class='ocrx_word' id='word_1_137' title='bbox 1177 2167 1341 2251; x_wconf 88' lang='lat' dir='ltr'>habuisse,</span> <span class='ocrx_word' id='word_1_138' title='bbox 1365 2172 1423 2237; x_wconf 91' lang='lat' dir='ltr'>sed</span> 
     </span>
     <span class='ocr_line' id='line_1_19' title="bbox 204 2270 1422 2357; baseline 0.002 -20"><span class='ocrx_word' id='word_1_139' title='bbox 204 2271 303 2338; x_wconf 88' lang='lat' dir='ltr'>aliter</span> <span class='ocrx_word' id='word_1_140' title='bbox 324 2272 445 2339; x_wconf 88' lang='lat' dir='ltr'>divisas</span> <span class='ocrx_word' id='word_1_141' title='bbox 468 2293 507 2339; x_wconf 91' lang='lat' dir='ltr'>ac</span> <span class='ocrx_word' id='word_1_142' title='bbox 530 2270 733 2339; x_wconf 88' lang='lat' dir='ltr'>distributas.</span> <span class='ocrx_word' id='word_1_143' title='bbox 779 2273 861 2338; x_wconf 91' lang='lat' dir='ltr'>Tum</span> <span class='ocrx_word' id='word_1_144' title='bbox 884 2276 938 2357; x_wconf 77' lang='lat'>§9</span> <span class='ocrx_word' id='word_1_145' title='bbox 961 2271 1083 2356; x_wconf 88' lang='lat' dir='ltr'>pergit:</span> <span class='ocrx_word' id='word_1_146' title='bbox 1107 2272 1350 2356; x_wconf 88' lang='lat' dir='ltr'>„Hermagoras</span> <span class='ocrx_word' id='word_1_147' title='bbox 1372 2275 1422 2340; x_wconf 90' lang='lat' dir='ltr'>iu·</span> 
     </span>
     <span class='ocr_line' id='line_1_20' title="bbox 205 2374 1424 2460; baseline 0.002 -20"><span class='ocrx_word' id='word_1_148' title='bbox 205 2374 325 2441; x_wconf 90' lang='lat' dir='ltr'>dicium</span> <span class='ocrx_word' id='word_1_149' title='bbox 358 2375 568 2460; x_wconf 87' lang='lat' dir='ltr'>partitionem</span> <span class='ocrx_word' id='word_1_150' title='bbox 601 2375 749 2441; x_wconf 87' lang='lat' dir='ltr'>ordinem</span> <span class='ocrx_word' id='word_1_151' title='bbox 783 2396 933 2459; x_wconf 89' lang='lat' dir='ltr'>quaeque</span> <span class='ocrx_word' id='word_1_152' title='bbox 965 2375 1162 2442; x_wconf 89' lang='lat' dir='ltr'>elocutionis</span> <span class='ocrx_word' id='word_1_153' title='bbox 1197 2380 1273 2441; x_wconf 90' lang='lat' dir='ltr'>sunt</span> <span class='ocrx_word' id='word_1_154' title='bbox 1304 2376 1424 2444; x_wconf 91' lang='lat' dir='ltr'>subicit</span> 
     </span>
     <span class='ocr_line' id='line_1_21' title="bbox 205 2477 1423 2564; baseline 0.003 -21"><span class='ocrx_word' id='word_1_155' title='bbox 205 2479 443 2547; x_wconf 88' lang='lat' dir='ltr'>oeconomiae.“</span> <span class='ocrx_word' id='word_1_156' title='bbox 475 2479 588 2563; x_wconf 90' lang='lat' dir='ltr'>Neque</span> <span class='ocrx_word' id='word_1_157' title='bbox 611 2477 713 2563; x_wconf 89' lang='lat' dir='ltr'>igitur</span> <span class='ocrx_word' id='word_1_158' title='bbox 735 2477 870 2544; x_wconf 90' lang='lat' dir='ltr'>dubium</span> <span class='ocrx_word' id='word_1_159' title='bbox 894 2485 945 2544; x_wconf 90' lang='lat' dir='ltr'>est</span> <span class='ocrx_word' id='word_1_160' title='bbox 967 2479 1046 2564; x_wconf 87' lang='lat' dir='ltr'>quin</span> <span class='ocrx_word' id='word_1_161' title='bbox 1069 2477 1110 2544; x_wconf 92' lang='lat' dir='ltr'>ab</span> <span class='ocrx_word' id='word_1_162' title='bbox 1134 2477 1338 2564; x_wconf 82' lang='lat' dir='ltr'>Hermagora</span> <span class='ocrx_word' id='word_1_163' title='bbox 1360 2481 1423 2548; x_wconf 90' lang='lat' dir='ltr'>hae</span> 
     </span>
     <span class='ocr_line' id='line_1_22' title="bbox 204 2581 640 2666; baseline 0 -18"><span class='ocrx_word' id='word_1_164' title='bbox 204 2585 316 2666; x_wconf 87' lang='lat' dir='ltr'>partes</span> <span class='ocrx_word' id='word_1_165' title='bbox 338 2581 536 2648; x_wconf 87' lang='lat' dir='ltr'>constitutae</span> <span class='ocrx_word' id='word_1_166' title='bbox 558 2581 640 2650; x_wconf 86' lang='lat' dir='ltr'>sint:</span> 
     </span>
    </p>
   </div>
   <div class='ocr_carea' id='block_1_4' title="bbox 268 2717 1424 2814">
    <p class='ocr_par' dir='ltr' id='par_1_4' title="bbox 268 2717 1424 2814">
     <span class='ocr_line' id='line_1_23' title="bbox 268 2717 1424 2814; baseline 0.004 -31"><span class='ocrx_word' id='word_1_167' title='bbox 268 2719 410 2784; x_wconf 83' lang='lat' dir='ltr'>inventio</span> <span class='ocrx_word' id='word_1_168' title='bbox 518 2717 706 2785; x_wconf 89' lang='lat' dir='ltr'>oeconomia</span> <span class='ocrx_word' id='word_1_169' title='bbox 932 2720 1093 2814; x_wconf 13' lang='lat' dir='ltr'>*memoria</span> <span class='ocrx_word' id='word_1_170' title='bbox 1158 2803 1159 2806; x_wconf 8' lang='grc' dir='ltr'><strong>Ἴ</strong></span> <span class='ocrx_word' id='word_1_171' title='bbox 1199 2721 1424 2804; x_wconf 88' lang='lat' dir='ltr'>pronuntiatio</span> 
     </span>
    </p>
   </div>
   <div class='ocr_carea' id='block_1_5' title="bbox 204 2895 911 3077">
    <p class='ocr_par' dir='ltr' id='par_1_5' title="bbox 204 2895 911 3077">
     <span class='ocr_line' id='line_1_24' title="bbox 323 2895 911 2992; baseline 0.002 -18"><span class='ocrx_word' id='word_1_172' title='bbox 323 2895 911 2992; x_wconf 50' lang='lat' dir='ltr'>adfirmarim-*mom</span> 
     </span>
     <span class='ocr_line' id='line_1_25' title="bbox 204 3010 313 3077; baseline 0.018 -2"><span class='ocrx_word' id='word_1_173' title='bbox 204 3010 238 3075; x_wconf 94' lang='lat' dir='ltr'>id</span> <span class='ocrx_word' id='word_1_174' title='bbox 262 3016 313 3077; x_wconf 90' lang='lat' dir='ltr'>est</span> 
     </span>
    </p>
   </div>
   <div class='ocr_carea' id='block_1_6' title="bbox 271 3107 1374 3215">
    <p class='ocr_par' dir='ltr' id='par_1_6' title="bbox 271 3107 1374 3215">
     <span class='ocr_line' id='line_1_26' title="bbox 271 3107 1374 3215; baseline 0 -35"><span class='ocrx_word' id='word_1_175' title='bbox 271 3109 395 3200; x_wconf 63' lang='grc' dir='ltr'><strong><em>εὕρεσις</em></strong></span> <span class='ocrx_word' id='word_1_176' title='bbox 503 3109 723 3215; x_wconf 22' lang='grc' dir='ltr'><strong><em>,οἰκονομία</em></strong></span> <span class='ocrx_word' id='word_1_177' title='bbox 950 3109 1060 3202; x_wconf 81' lang='grc' dir='ltr'><strong><em>μνήμη</em></strong></span> <span class='ocrx_word' id='word_1_178' title='bbox 1199 3107 1374 3204; x_wconf 75' lang='grc' dir='ltr'><strong><em>ὑπόκρισις</em></strong></span> 
     </span>
    </p>
   </div>
   <div class='ocr_carea' id='block_1_7' title="bbox 204 3287 1423 3920">
    <p class='ocr_par' dir='ltr' id='par_1_7' title="bbox 204 3287 1423 3920">
     <span class='ocr_line' id='line_1_27' title="bbox 414 3287 957 3392; baseline 0 -24"><span class='ocrx_word' id='word_1_179' title='bbox 414 3297 522 3392; x_wconf 88' lang='grc' dir='ltr'><strong><em>κρίσις</em></strong></span> <span class='ocrx_word' id='word_1_180' title='bbox 544 3299 703 3390; x_wconf 81' lang='grc' dir='ltr'><strong><em>διαίρεσις</em></strong></span> <span class='ocrx_word' id='word_1_181' title='bbox 723 3287 957 3384; x_wconf 53' lang='lat' dir='ltr'>stiffi-Tite</span> 
     </span>
     <span class='ocr_line' id='line_1_28' title="bbox 278 3415 1423 3508; baseline 0.001 -20"><span class='ocrx_word' id='word_1_182' title='bbox 278 3423 315 3488; x_wconf 92' lang='lat' dir='ltr'>In</span> <span class='ocrx_word' id='word_1_183' title='bbox 328 3422 441 3489; x_wconf 87' lang='lat' dir='ltr'>eadem</span> <span class='ocrx_word' id='word_1_184' title='bbox 453 3422 522 3490; x_wconf 85' lang='lat' dir='ltr'>fere</span> <span class='ocrx_word' id='word_1_185' title='bbox 534 3421 944 3491; x_wconf 88' lang='lat' dir='ltr'>sententiaestPideritius</span> <span class='ocrx_word' id='word_1_186' title='bbox 956 3420 990 3504; x_wconf 89' lang='lat' dir='ltr'>(l.</span> <span class='ocrx_word' id='word_1_187' title='bbox 1002 3441 1029 3488; x_wconf 91' lang='lat' dir='ltr'>c.</span> <span class='ocrx_word' id='word_1_188' title='bbox 1042 3441 1073 3504; x_wconf 89' lang='lat' dir='ltr'>p.</span> <span class='ocrx_word' id='word_1_189' title='bbox 1084 3425 1147 3504; x_wconf 76' lang='lat'>26),</span> <span class='ocrx_word' id='word_1_190' title='bbox 1159 3421 1222 3487; x_wconf 91' lang='lat' dir='ltr'>nisi</span> <span class='ocrx_word' id='word_1_191' title='bbox 1237 3422 1326 3506; x_wconf 92' lang='lat' dir='ltr'>quod</span> <span class='ocrx_word' id='word_1_192' title='bbox 1338 3415 1423 3508; x_wconf 78' lang='grc' dir='ltr'><strong><em>εἰρι-</em></strong></span> 
     </span>
     <span class='ocr_line' id='line_1_29' title="bbox 205 3517 1421 3614; baseline -0.001 -23"><span class='ocrx_word' id='word_1_193' title='bbox 205 3519 266 3606; x_wconf 90' lang='grc' dir='ltr'><strong><em>σιν,</em></strong></span> <span class='ocrx_word' id='word_1_194' title='bbox 280 3546 378 3609; x_wconf 91' lang='lat' dir='ltr'>quam</span> <span class='ocrx_word' id='word_1_195' title='bbox 395 3525 530 3592; x_wconf 90' lang='lat' dir='ltr'>eandem</span> <span class='ocrx_word' id='word_1_196' title='bbox 546 3525 709 3611; x_wconf 87' lang='lat' dir='ltr'>intellegit</span> <span class='ocrx_word' id='word_1_197' title='bbox 724 3529 822 3610; x_wconf 89' lang='lat' dir='ltr'>atque</span> <span class='ocrx_word' id='word_1_198' title='bbox 838 3521 952 3612; x_wconf 84' lang='grc' dir='ltr'><strong><em>κρίσιν,</em></strong></span> <span class='ocrx_word' id='word_1_199' title='bbox 964 3518 1129 3614; x_wconf 80' lang='grc' dir='ltr'><strong><em>οἰκονομίᾳ</em></strong></span> <span class='ocrx_word' id='word_1_200' title='bbox 1138 3525 1300 3594; x_wconf 87' lang='lat' dir='ltr'>contineri</span> <span class='ocrx_word' id='word_1_201' title='bbox 1314 3517 1421 3610; x_wconf 86' lang='lat' dir='ltr'>putat.</span> 
     </span>
     <span class='ocr_line' id='line_1_30' title="bbox 204 3627 1421 3714; baseline -0.001 -21"><span class='ocrx_word' id='word_1_202' title='bbox 204 3629 321 3712; x_wconf 88' lang='lat' dir='ltr'>Itaque</span> <span class='ocrx_word' id='word_1_203' title='bbox 351 3627 503 3712; x_wconf 89' lang='lat' dir='ltr'>equidem</span> <span class='ocrx_word' id='word_1_204' title='bbox 535 3630 599 3694; x_wconf 93' lang='lat' dir='ltr'>iam</span> <span class='ocrx_word' id='word_1_205' title='bbox 629 3629 864 3714; x_wconf 77' lang='lat' dir='ltr'>Hermagoran</span> <span class='ocrx_word' id='word_1_206' title='bbox 894 3627 1083 3694; x_wconf 90' lang='lat' dir='ltr'>memoriam</span> <span class='ocrx_word' id='word_1_207' title='bbox 1108 3631 1222 3712; x_wconf 89' lang='lat' dir='ltr'>(atque</span> <span class='ocrx_word' id='word_1_208' title='bbox 1245 3629 1421 3713; x_wconf 87' lang='lat' dir='ltr'>actionem)</span> 
     </span>
     <span class='ocr_line' id='line_1_31' title="bbox 205 3729 1421 3816; baseline -0.001 -20"><span class='ocrx_word' id='word_1_209' title='bbox 205 3732 236 3796; x_wconf 94' lang='lat' dir='ltr'>in</span> <span class='ocrx_word' id='word_1_210' title='bbox 267 3732 449 3798; x_wconf 88' lang='lat' dir='ltr'>rhetoricae</span> <span class='ocrx_word' id='word_1_211' title='bbox 476 3732 619 3816; x_wconf 89' lang='lat' dir='ltr'>partium</span> <span class='ocrx_word' id='word_1_212' title='bbox 648 3753 818 3799; x_wconf 88' lang='lat' dir='ltr'>numerum</span> <span class='ocrx_word' id='word_1_213' title='bbox 840 3731 1003 3814; x_wconf 87' lang='lat' dir='ltr'>recepisse</span> <span class='ocrx_word' id='word_1_214' title='bbox 1037 3729 1228 3796; x_wconf 88' lang='lat' dir='ltr'>censuerim.</span> <span class='ocrx_word' id='word_1_215' title='bbox 1274 3731 1421 3809; x_wconf 82' lang='lat' dir='ltr'>Quocum</span> 
     </span>
     <span class='ocr_line' id='line_1_32' title="bbox 204 3832 1420 3920; baseline -0.002 -20"><span class='ocrx_word' id='word_1_216' title='bbox 204 3833 286 3900; x_wconf 92' lang='lat' dir='ltr'>bene</span> <span class='ocrx_word' id='word_1_217' title='bbox 323 3834 407 3906; x_wconf 90' lang='lat' dir='ltr'>illud</span> <span class='ocrx_word' id='word_1_218' title='bbox 446 3837 612 3919; x_wconf 88' lang='lat' dir='ltr'>congruit,</span> <span class='ocrx_word' id='word_1_219' title='bbox 651 3835 740 3920; x_wconf 90' lang='lat' dir='ltr'>quod</span> <span class='ocrx_word' id='word_1_220' title='bbox 782 3833 975 3902; x_wconf 83' lang='lat' dir='ltr'>Cornificius</span> <span class='ocrx_word' id='word_1_221' title='bbox 1009 3833 1073 3898; x_wconf 92' lang='lat' dir='ltr'>iam</span> <span class='ocrx_word' id='word_1_222' title='bbox 1108 3832 1191 3899; x_wconf 91' lang='lat' dir='ltr'>adeo</span> <span class='ocrx_word' id='word_1_223' title='bbox 1233 3839 1420 3899; x_wconf 88' lang='lat' dir='ltr'>accuratam</span> 
     </span>
    </p>
   </div>
   <div class='ocr_carea' id='block_1_8' title="bbox 204 4105 1422 4694">
    <p class='ocr_par' dir='ltr' id='par_1_8' title="bbox 204 4105 1422 4424">
     <span class='ocr_line' id='line_1_33' title="bbox 276 4105 1422 4179; baseline -0.002 -14"><span class='ocrx_word' id='word_1_224' title='bbox 276 4110 296 4179; x_wconf 91' lang='lat'>¹)</span> <span class='ocrx_word' id='word_1_225' title='bbox 315 4107 355 4165; x_wconf 87' lang='lat' dir='ltr'>Re</span> <span class='ocrx_word' id='word_1_226' title='bbox 373 4125 438 4166; x_wconf 79' lang='lat' dir='ltr'>sera</span> <span class='ocrx_word' id='word_1_227' title='bbox 455 4110 548 4167; x_wconf 79' lang='lat' dir='ltr'>Cicero</span> <span class='ocrx_word' id='word_1_228' title='bbox 567 4113 619 4178; x_wconf 87' lang='lat' dir='ltr'>(or.</span> <span class='ocrx_word' id='word_1_229' title='bbox 637 4111 685 4173; x_wconf 76' lang='lat'>42)</span> <span class='ocrx_word' id='word_1_230' title='bbox 703 4109 771 4166; x_wconf 82' lang='lat' dir='ltr'>tria</span> <span class='ocrx_word' id='word_1_231' title='bbox 789 4108 904 4165; x_wconf 86' lang='lat' dir='ltr'>ridenda</span> <span class='ocrx_word' id='word_1_232' title='bbox 921 4123 981 4164; x_wconf 87' lang='lat' dir='ltr'>esse</span> <span class='ocrx_word' id='word_1_233' title='bbox 999 4106 1102 4164; x_wconf 88' lang='lat' dir='ltr'>oratori</span> <span class='ocrx_word' id='word_1_234' title='bbox 1122 4105 1210 4176; x_wconf 84' lang='lat' dir='ltr'>dccet,</span> <span class='ocrx_word' id='word_1_235' title='bbox 1230 4106 1309 4176; x_wconf 88' lang='lat' dir='ltr'>quid</span> <span class='ocrx_word' id='word_1_236' title='bbox 1327 4105 1422 4163; x_wconf 88' lang='lat' dir='ltr'>dicat</span> 
     </span>
     <span class='ocr_line' id='line_1_34' title="bbox 207 4192 1421 4266; baseline -0.002 -16"><span class='ocrx_word' id='word_1_237' title='bbox 207 4193 367 4263; x_wconf 82' lang='lat' dir='ltr'>(inventio),</span> <span class='ocrx_word' id='word_1_238' title='bbox 391 4211 457 4264; x_wconf 87' lang='lat' dir='ltr'>quo</span> <span class='ocrx_word' id='word_1_239' title='bbox 476 4195 620 4266; x_wconf 86' lang='lat' dir='ltr'>quidque</span> <span class='ocrx_word' id='word_1_240' title='bbox 639 4197 715 4252; x_wconf 91' lang='lat' dir='ltr'>loco</span> <span class='ocrx_word' id='word_1_241' title='bbox 732 4194 884 4264; x_wconf 79' lang='lat' dir='ltr'>(collocatio</span> <span class='ocrx_word' id='word_1_242' title='bbox 908 4209 956 4248; x_wconf 80' lang='lat' dir='ltr'>seu</span> <span class='ocrx_word' id='word_1_243' title='bbox 979 4193 1145 4262; x_wconf 83' lang='lat' dir='ltr'>dispositio),</span> <span class='ocrx_word' id='word_1_244' title='bbox 1171 4192 1336 4260; x_wconf 89' lang='lat' dir='ltr'>quomodo</span> <span class='ocrx_word' id='word_1_245' title='bbox 1354 4193 1421 4259; x_wconf 90' lang='lat' dir='ltr'>(elo-</span> 
     </span>
     <span class='ocr_line' id='line_1_35' title="bbox 205 4279 1418 4351; baseline -0.003 -15"><span class='ocrx_word' id='word_1_246' title='bbox 205 4279 303 4351; x_wconf 89' lang='lat' dir='ltr'>cutio);</span> <span class='ocrx_word' id='word_1_247' title='bbox 322 4281 468 4338; x_wconf 78' lang='lat' dir='ltr'>elocutIoni</span> <span class='ocrx_word' id='word_1_248' title='bbox 488 4283 573 4338; x_wconf 85' lang='lat' dir='ltr'>etiam</span> <span class='ocrx_word' id='word_1_249' title='bbox 590 4281 722 4338; x_wconf 86' lang='lat' dir='ltr'>actionem</span> <span class='ocrx_word' id='word_1_250' title='bbox 743 4280 910 4346; x_wconf 79' lang='lat' dir='ltr'>adnumerat,</span> <span class='ocrx_word' id='word_1_251' title='bbox 928 4279 1084 4335; x_wconf 86' lang='lat' dir='ltr'>memoriam</span> <span class='ocrx_word' id='word_1_252' title='bbox 1097 4295 1130 4333; x_wconf 84' lang='lat' dir='ltr'>ex</span> <span class='ocrx_word' id='word_1_253' title='bbox 1149 4279 1310 4346; x_wconf 85' lang='lat' dir='ltr'>„partibus“</span> <span class='ocrx_word' id='word_1_254' title='bbox 1328 4279 1418 4332; x_wconf 87' lang='lat' dir='ltr'>exclu-</span> 
     </span>
     <span class='ocr_line' id='line_1_36' title="bbox 204 4364 522 4424; baseline 0.013 -4"><span class='ocrx_word' id='word_1_255' title='bbox 204 4364 252 4420; x_wconf 83' lang='lat' dir='ltr'>dit</span> <span class='ocrx_word' id='word_1_256' title='bbox 289 4366 522 4424; x_wconf 76' lang='lat' dir='ltr'>cl.door.148.</span> 
     </span>
    </p>

    <p class='ocr_par' dir='ltr' id='par_1_9' title="bbox 205 4447 1421 4694">
     <span class='ocr_line' id='line_1_37' title="bbox 274 4447 1421 4524; baseline -0.003 -21"><span class='ocrx_word' id='word_1_257' title='bbox 274 4453 295 4520; x_wconf 75' lang='lat'>²)</span> <span class='ocrx_word' id='word_1_258' title='bbox 313 4457 412 4521; x_wconf 78' lang='grc' dir='ltr'><strong><em>κρίσιν,</em></strong></span> <span class='ocrx_word' id='word_1_259' title='bbox 438 4453 529 4518; x_wconf 77' lang='grc' dir='ltr'><strong><em>τάξιν,</em></strong></span> <span class='ocrx_word' id='word_1_260' title='bbox 555 4451 702 4524; x_wconf 73' lang='grc' dir='ltr'><strong><em>μερισμσιίς</em></strong></span> <span class='ocrx_word' id='word_1_261' title='bbox 724 4452 754 4518; x_wconf 88' lang='lat' dir='ltr'>(l.</span> <span class='ocrx_word' id='word_1_262' title='bbox 774 4469 798 4520; x_wconf 88' lang='lat' dir='ltr'>q.</span> <span class='ocrx_word' id='word_1_263' title='bbox 817 4448 964 4522; x_wconf 73' lang='grc' dir='ltr'><strong><em>διαίρεσιν)</em></strong></span> <span class='ocrx_word' id='word_1_264' title='bbox 991 4451 1075 4505; x_wconf 73' lang='lat' dir='ltr'>eliam</span> <span class='ocrx_word' id='word_1_265' title='bbox 1103 4450 1248 4517; x_wconf 75' lang='lat' dir='ltr'>Dionysius</span> <span class='ocrx_word' id='word_1_266' title='bbox 1276 4447 1421 4514; x_wconf 79' lang='grc' dir='ltr'><strong><em>οἰκονομίᾳ</em></strong></span> 
     </span>
     <span class='ocr_line' id='line_1_38' title="bbox 205 4533 1421 4608; baseline -0.001 -17"><span class='ocrx_word' id='word_1_267' title='bbox 205 4536 344 4606; x_wconf 80' lang='lat' dir='ltr'>subiungit</span> <span class='ocrx_word' id='word_1_268' title='bbox 368 4538 403 4594; x_wconf 89' lang='lat' dir='ltr'>de</span> <span class='ocrx_word' id='word_1_269' title='bbox 428 4540 508 4595; x_wconf 82' lang='lat' dir='ltr'>lacer.</span> <span class='ocrx_word' id='word_1_270' title='bbox 532 4555 554 4595; x_wconf 83' lang='lat' dir='ltr'>c</span> <span class='ocrx_word' id='word_1_271' title='bbox 574 4540 600 4592; x_wconf 81' lang='lat'>4.</span> <span class='ocrx_word' id='word_1_272' title='bbox 637 4536 742 4593; x_wconf 85' lang='lat' dir='ltr'>Ibidem</span> <span class='ocrx_word' id='word_1_273' title='bbox 765 4537 841 4594; x_wconf 84' lang='lat' dir='ltr'>vides</span> <span class='ocrx_word' id='word_1_274' title='bbox 863 4534 971 4605; x_wconf 73' lang='lat' dir='ltr'>clipeum</span> <span class='ocrx_word' id='word_1_275' title='bbox 988 4551 1005 4590; x_wconf 92' lang='lat' dir='ltr'>a</span> <span class='ocrx_word' id='word_1_276' title='bbox 1023 4541 1110 4608; x_wconf 81' lang='grc' dir='ltr'><strong><em>κρίσει</em></strong></span> <span class='ocrx_word' id='word_1_277' title='bbox 1132 4535 1289 4592; x_wconf 74' lang='lat' dir='ltr'>ffisdnatam</span> <span class='ocrx_word' id='word_1_278' title='bbox 1335 4534 1368 4589; x_wconf 81' lang='lat' dir='ltr'>cl.</span> <span class='ocrx_word' id='word_1_279' title='bbox 1387 4533 1421 4590; x_wconf 91' lang='lat' dir='ltr'>de</span> 
     </span>
     <span class='ocr_line' id='line_1_39' title="bbox 206 4623 752 4694; baseline 0 -17"><span class='ocrx_word' id='word_1_280' title='bbox 206 4624 289 4678; x_wconf 85' lang='lat' dir='ltr'>&#39;l&#39;huc</span> <span class='ocrx_word' id='word_1_281' title='bbox 308 4623 370 4680; x_wconf 90' lang='lat' dir='ltr'>hist.</span> <span class='ocrx_word' id='word_1_282' title='bbox 389 4640 412 4680; x_wconf 90' lang='lat' dir='ltr'>c.</span> <span class='ocrx_word' id='word_1_283' title='bbox 431 4626 463 4694; x_wconf 74' lang='lat'>93</span> <span class='ocrx_word' id='word_1_284' title='bbox 481 4623 515 4681; x_wconf 89' lang='lat' dir='ltr'>de</span> <span class='ocrx_word' id='word_1_285' title='bbox 533 4623 558 4681; x_wconf 87' lang='lat' dir='ltr'>vi</span> <span class='ocrx_word' id='word_1_286' title='bbox 574 4623 650 4680; x_wconf 86' lang='lat' dir='ltr'>Deru.</span> <span class='ocrx_word' id='word_1_287' title='bbox 668 4641 691 4679; x_wconf 91' lang='lat' dir='ltr'>c.</span> <span class='ocrx_word' id='word_1_288' title='bbox 710 4624 752 4678; x_wconf 87' lang='lat'>51.</span> 
     </span>
    </p>
   </div>
   <div class='ocr_carea' id='block_1_9' title="bbox 0 0 1744 5230">
    <p class='ocr_par' dir='ltr' id='par_1_10' title="bbox 0 0 1744 5230">
     <span class='ocr_line' id='line_1_40' title="bbox 0 0 1744 5230; baseline 0 2"><span class='ocrx_word' id='word_1_289' title='bbox 0 0 1744 5230; x_wconf 95' lang='lat' dir='ltr'> </span> 
     </span>
    </p>
   </div>
  </div>
 </body>
</html>
