3568 5238
371 663 427 720 ιἰο
454 660 603 721 solutus
640 663 761 737 esset,
795 661 960 726 interce-

371 762 491 836 deret,
516 781 597 826 eum
613 763 655 826 de
672 781 712 826 ea
727 782 766 827 re
781 765 828 825 od
840 785 959 846 popu-

371 865 444 924 lum
468 865 648 929 ferretur.

503 1056 575 1116 ase.
599 1074 628 1136 p.
652 1055 701 1130 οι,
725 1057 824 1118 s-e÷
1051 1055 1109 1120 mo
1131 1054 1264 1120 xxxvl
1288 1057 1329 1118 ιο
1353 1057 1430 1138 (23),
1449 1057 1476 1118 1.
1501 1059 1534 1120 2:

458 1172 577 1236 Aliam
594 1173 731 1239 deinde
747 1176 868 1256 legem
885 1175 958 1240 Cor·
1069 1169 1350 1251 otroginebdvee
1367 1173 1595 1258 ὁιενομοῧὲ-

370 1276 486 1348 nelius.
511 1277 569 1339 etsi
592 1295 685 1341 uerno
708 1297 882 1361 repugnare
906 1281 960 1342 au'-
1004 1273 1593 1362 τησεκαὶξ’τεροντόνόεοὶστρα-

371 1397 424 1442 sus
449 1380 506 1454 est,
530 1378 639 1442 multis
655 1383 761 1444 tamen
782 1381 890 1444 iuvib's
906 1385 961 1446 tu·
1005 1378 1112 1465 rpyoi
1127 1373 1330 1460 πάντεςιὰ
1345 1379 1488 1459 δίκαια,
1503 1373 1592 1446 καθ’

372 1481 431 1558 lit,
461 1483 501 1544 ut
522 1485 724 1564 praetores
753 1502 796 1547 er
819 1483 959 1548 edictis
1007 1471 1237 1549 ἃδικάοειν
1271 1478 1442 1566 ἔμελλον,
1487 1478 1593 1547 αὐτοὶ

371 1585 451 1647 suis
474 1586 674 1667 perpetuis
694 1587 754 1650 ius
770 1586 959 1651 dicerent:
1007 1582 1294 1670 συγγράφοντες
1348 1582 1593 1666 ἐξετίθεσαν·

371 1706 466 1768 quae
489 1707 551 1750 res
568 1689 778 1772 cunctam1)
796 1691 959 1772 gratiam
1005 1678 1042 1751 οὗ
1056 1684 1116 1771 γάρ
1133 1713 1189 1753 πω
1206 1686 1315 1753 πάντα
1331 1680 1373 1753 ιὰ
1387 1685 1596 1770 δικαιώματα

371 1790 586 1855 ambitiosis
613 1794 870 1875 praetoribus¹
895 1795 958 1875 qui
1003 1786 1045 1852 τὰ
1059 1784 1186 1876 περὶτὰ
1198 1788 1595 1874 σομβόλαιαδιειὲτακιο.

372 1893 474 1957 νοτία
514 1895 572 1958 ius
617 1895 744 1958 dicere
779 1915 959 1960 assuere·
1004 1888 1095 1957 ἐπεὶ
1125 1881 1187 1960 οὗν
1210 1888 1297 1960 oiire
1320 1891 1475 1973 ἐσάπαξ
1494 1887 1594 1958 τοῦτ’

369 1999 477 2073 rant,
501 1998 669 2062 sustulit.
1004 1991 1166 2062 ἐποίουν
1200 1990 1287 2062 οὔτε
1320 1989 1365 2060 τὰ
1403 1993 1596 2082 γραφέντα

1003 2092 1175 2182 ἐτήρουν,
1200 2091 1297 2165 ἀλλὰ
1317 2097 1511 2176 πολλάκις
1536 2089 1596 2162 αὖ·

1001 2199 1046 2272 τὰ
1079 2202 1325 2289 μετέγραψαν
1364 2201 1428 2265 καὶ
1472 2191 1596 2280 συχνὰ

1002 2309 1041 2374 ἓν
1072 2306 1193 2392 τούτῳ
1226 2299 1326 2390 πρὸς
1349 2301 1461 2388 χάριν
1482 2298 1504 2389 ἢ
1529 2303 1596 2366 καὶ

1001 2404 1079 2476 κατ’
1115 2405 1261 2496 ἔχθραν
1299 2413 1428 2486 ιιναῖν,
1469 2401 1595 2490 ὥςπερ

1001 2510 1116 2594 εἰκός,
1153 2511 1345 2598 ἐγίγνετο,
1372 2506 1596 2594 ἑσηγήσατο

1001 2611 1079 2682 κατ’
1108 2608 1225 2702 ἀρχάς
1258 2637 1298 2678 τε
1319 2606 1433 2689 εὐθὺς
1461 2601 1598 2687 αὐτοὺς

1000 2717 1046 2784 τὰ
1084 2716 1219 2785 δίκαια
1271 2707 1334 2796 οἷς
1387 2710 1598 2800 χρήσονται

1001 2819 1225 2907 προλέγειν,
1275 2819 1340 2884 καὶ
1377 2815 1492 2904 μηδὲν
1527 2807 1595 2878 ἀπ’

1001 2917 1126 2988 αὐτῶν
1150 2921 1427 3007 παρατρέπειν.

458 3111 614 3175 Nimirum
643 3114 680 3176 de
702 3131 818 3176 causa
839 3111 948 3176 offensi
964 3114 1100 3179 Cornelii
1117 3114 1271 3178 Asconius
1288 3115 1320 3176 et
1336 3111 1395 3174 Dio
1419 3109 1596 3190 discrepare

372 3215 529 3290 videntur,
559 3235 630 3278 cunr
655 3215 707 3279 ille
732 3215 859 3296 quidem
881 3235 911 3298 p.
936 3218 985 3294 50,
1022 3218 1147 3280 11-19
1180 3215 1340 3298 scripserit
1367 3212 1545 3277 Cornelium
1576 3229 1597 3272 a

372 3321 500 3391 senatu,
529 3319 582 3397 qui
617 3319 682 3382 eius
710 3318 894 3382 relationem
928 3327 977 3383 ‘ue
1001 3321 1070 3402 quis
1093 3319 1207 3400 legatis
1231 3321 1408 3382 exterarum
1429 3315 1597 3378 nationum

371 3421 538 3502 pecuniam
561 3439 729 3503 expensam
753 3421 857 3484 terret'
890 3422 1103 3504 repudiasset,
1137 3422 1308 3486 alienatum
1330 3420 1433 3499 legem
1456 3415 1598 3500 promul-

372 3541 463 3604 gasse
501 3527 549 3586 ‘ne
584 3523 637 3604 qui
670 3524 729 3587 nisi
758 3543 814 3606 per
836 3525 988 3608 populum
1018 3526 1141 3607 legibus
1176 3523 1367 3594 solveretur,
1397 3520 1456 3585 Dio
1486 3523 1597 3584 autem
1689 3577 1695 3594 ,

372 3625 518 3705 (XXXVI
541 3627 581 3688 38
605 3627 682 3707 (21),
707 3628 726 3689 3
749 3627 830 3708 sqq.)
870 3628 1050 3692 Cornelium
1071 3629 1155 3692 banc
1177 3628 1280 3708 legem
1302 3624 1454 3688 ferentem
1477 3621 1598 3696 fecerit,

372 3730 466 3810 quod,
493 3747 565 3792 curn
589 3729 653 3810 ipse
682 3729 847 3794 eonsilium
868 3729 1033 3795 habuisset
1054 3731 1158 3812 legem
1190 3729 1324 3802 ferendi,
1348 3745 1411 3808 qua
1433 3745 1539 3794 seuere
1562 3725 1599 3788 in

373 3831 509 3894 ambitus
542 3850 610 3894 reos
645 3831 957 3908 animadverteretur,
992 3833 1136 3897 consules
1160 3833 1236 3912 (scil.
1259 3831 1344 3912 Piso)
1354 3837 1379 3911 ²)
1407 3849 1444 3894 ex
1466 3833 1600 3894 senatus

372 3935 515 3996 consulto
538 3933 670 3997 eandem
695 3936 798 4015 legem
821 3935 875 3999 sed
897 3936 1136 4000 moderatiorem
1158 3936 1314 3999 tulissent.

457 4053 561 4117 Etiam
585 4055 753 4119 scholiasta
775 4075 805 4138 p.
834 4056 888 4131 67,
924 4058 1050 4118 12-14
1084 4057 1117 4121 C.
1140 4055 1263 4120 Pisonis
1286 4056 1389 4136 legem
1412 4054 1449 4116 de
1474 4053 1599 4116 ambitu

373 4161 611 4232 commemorat;
636 4158 716 4238 quod
740 4161 846 4222 autem
862 4159 1035 4239 graviorem
1059 4177 1128 4222 eam
1152 4159 1235 4234 dicit,
1260 4177 1356 4238 quam
1371 4159 1464 4220 antea
1481 4155 1598 4230 fueret,

372 4278 471 4322 none
494 4259 592 4322 Dione
614 4259 747 4325 Cornelii
770 4263 873 4341 legem
908 4263 1094 4326 severiorem
1119 4262 1215 4326 fuisse
1244 4261 1387 4324 tradente
1419 4257 1549 4323 dissidet
1558 4264 1600 4338 ³),

443 4517 463 4583 ¹)
483 4515 529 4570 Sic
548 4515 639 4570 Baiter
657 4515 826 4580 emendarum
845 4516 924 4570 codd.
943 4515 1076 4586 praebent
1093 4515 1233 4572 ‘eumaut'.

442 4603 463 4668 ²)
482 4601 514 4654 cf.
535 4603 598 4654 Asc.
617 4618 644 4670 p.
663 4603 705 4668 67,
725 4602 833 4656 12-14.

440 4691 462 4754 ⁸)
481 4687 546 4741 Hoc
564 4687 702 4741 Wilmaus
720 4687 749 4749 d.
768 4705 790 4742 c.
809 4706 835 4758 p.
854 4690 898 4757 12)
916 4687 986 4742 falso
1003 4687 1151 4742 contendit.
