3560 5242
781 415 822 476 63

187 657 245 702 nec
267 638 376 720 iugum
399 657 501 719 neque
525 637 683 702 hominem
707 638 891 702 adorantem
914 635 1098 719 respexerit,
1122 639 1177 699 aut
1198 635 1413 699 Tertullianus

188 759 205 803 e
228 739 382 816 Minucio,
405 740 560 822 siquidem
584 739 629 804 eis
651 740 835 804 Tertulliani
857 739 977 814 verbis,
1001 738 1114 820 quibus
1138 738 1176 801 de
1198 737 1410 818 imaginum

188 846 374 923 suggestu
401 843 520 925 agitur,
551 842 634 925 apud
663 841 841 906 Minucium
870 841 948 905 nihil
974 839 1150 923 respondet.
1199 839 1287 918 Quae
1315 840 1411 904 verba

188 943 400 1028 comparanda
422 963 490 1010 esse
506 964 578 1009 oum
596 944 644 1008 bis
660 945 762 1009 verbis
777 944 905 1009 Iustini:
920 933 990 1020 τὰς
1012 937 1170 1018 εἰκόνας
1193 937 1261 1005 ἐπὶ
1284 938 1412 1027 τούτῳ

187 1049 239 1132 τῷ
264 1043 442 1131 σχήματι
464 1037 678 1111 ἀνατίθετε
700 1055 742 1130 (p.
767 1047 819 1126 62)
844 1045 1044 1111 Schwenkius
1067 1043 1183 1109 oblitas
1207 1046 1264 1108 eat.

274 1150 357 1232 llrgo
394 1151 489 1214 etiam
523 1150 572 1213 his
608 1150 684 1215 locis
720 1151 879 1214 Minucius
916 1151 948 1214 et
979 1146 1192 1212 Tertullianus
1229 1149 1415 1229 pressemnt

187 1252 322 1334 vestigia
344 1253 526 1336 apologetae
548 1252 633 1316 illius
655 1251 772 1328 Latini,
796 1253 851 1334 qui
872 1254 928 1315 aut
941 1250 1101 1314 Iustinum
1124 1251 1251 1313 secutas
1273 1251 1341 1312 erat
1356 1253 1411 1312 aut

189 1373 261 1418 eum
286 1353 478 1437 scriptorem,
502 1373 521 1418 a
543 1373 605 1436 quc
627 1353 769 1419 Iustinus
792 1355 896 1419 locum
918 1353 1009 1417 illum
1031 1352 1174 1434 sumpsit.
1211 1350 1295 1415 Nam
1316 1349 1415 1415 Iusti·

188 1476 266 1520 num
303 1456 511 1520 vetustiorum
545 1459 708 1521 auctorum
742 1458 837 1521 libros
870 1456 903 1519 in
927 1473 995 1520 rem
1023 1473 1114 1518 suam
1141 1453 1331 1519 convertisse
1354 1454 1412 1517 viri

190 1558 272 1622 docti
296 1576 405 1622 omnes
428 1559 637 1623 consentiunt.

274 1659 342 1725 Iam
364 1660 398 1723 hi
419 1661 478 1726 loci
500 1661 584 1726 inter
599 1681 638 1726 -se
662 1661 840 1726 conserendi
863 1664 955 1726 sunt:

441 1763 519 1829 Iust.
796 1765 800 1900 Ι
1079 1762 1156 1826 Min.

232 1867 321 1949 Apol.
344 1865 360 1928 I
383 1867 404 1928 4
426 1885 455 1948 p.
481 1866 582 1942 lae:
622 1863 690 1928 Καὶ
713 1859 799 1981 γαὶρ4
875 1867 925 1942 28,
954 1866 982 1926 3.
1013 1867 1050 1926 4:
1088 1863 1153 1928 Nos
1191 1866 1298 1928 tamen
1336 1882 1410 1928 curn

189 1959 263 2046 τοὺς
291 1965 581 2054 κατηγορουμέναας
608 1958 658 2053 ἐφ’
688 1961 777 2046 ὑμῶν
820 1967 988 2049 sacrilegos
1033 1966 1154 2047 aliquos
1198 1969 1231 2030 et
1269 1968 1413 2044 incestos,

189 2065 316 2147 πάντας
343 2068 423 2153 πρὶν
451 2067 644 2156 ἐλεγχθῆναι
667 2061 703 2132 οὐ
725 2091 776 2133 τι·
817 2071 1003 2152 parricidas
1025 2069 1120 2133 etiam
1143 2066 1354 2133 defendendos
1378 2071 1411 2132 et

188 2175 335 2258 paropsiae,
358 2167 400 2258 ἐφ
422 2165 513 2259 ἡμῶν
536 2164 628 2238 δὲτὸ
651 2164 777 2252 ὄνομα
797 2154 799 2229 i
820 2172 955 2238 tuendos
978 2171 1242 2253 suscipiebamus,
1271 2170 1327 2235 bos
1350 2190 1411 2235 nec

190 2268 235 2352 ὡς
256 2267 383 2359 ἔλεγχον
405 2271 585 2357 λαμβάνετε
608 2325 615 2339 .
642 2323 649 2338 .
673 2324 680 2338 .
706 2271 776 2338 Καὶ
797 2296 799 2358 ς
821 2273 994 2340 audiendos
1020 2274 1054 2336 in
1080 2277 1183 2337 totum
1207 2274 1412 2356 putabamus,

190 2372 293 2441 πάλιν
308 2373 364 2442 ἐὰν
374 2375 435 2460 μέν
446 2381 575 2456 νιςτῶν
585 2399 778 2464 κατηγοροε
797 2376 798 2451 j
821 2394 1061 2458 nonnumquam
1095 2377 1191 2440 etiam
1223 2375 1413 2440 miserantes

189 2477 296 2560 μένων
350 2473 508 2564 ἔξαρνος
560 2477 690 2566 γένηται
739 2481 778 2564 τῇ
797 2466 799 2547 i
821 2499 929 2544 eorum
950 2479 1107 2544 crudelius
1124 2478 1352 2554 saeviebamus,
1374 2482 1414 2542 nt

189 2585 282 2668 φωνῇ
302 2574 348 2667 μὴ
363 2573 447 2647 εἶναι
462 2579 612 2669 φήσαςῤ)
635 2573 775 2668 ἀφίετε
797 2562 800 2671 t
822 2585 1088 2665 torqueremus
1111 2579 1347 2645 confitentes
1370 2580 1411 2644 ad

191 2675 291 2750 αἰνὸν
314 2679 360 2764 ὥς
378 2683 482 2772 μηδὲν
499 2681 639 2768 ἐλέγχειν
654 2678 777 2764 digamas
798 2686 801 2775 l
821 2685 1019 2767 negandum,
1042 2683 1186 2748 videlicet
1208 2701 1249 2747 ne
1264 2683 1412 2766 perirent,

192 2779 434 2869 ἁμαρτάνοντα,
468 2779 525 2852 ἐὰν
553 2785 590 2852 δέ
615 2811 666 2865 τις
688 2780 778 2868 ὁμο·
798 2778 801 2809 ¹
822 2790 1000 2852 exercentes
1013 2788 1045 2851 in
1061 2787 1110 2850 his
1122 2803 1301 2870 perversam
1313 2805 1413 2868 quae·

191 2884 340 2976 λογήσῃ
369 2880 469 2970 εἶναι,
504 2881 560 2954 διὰ
580 2879 638 2975 τὴν
661 2881 779 2971 epoto-
822 2891 965 2966 ationem,
981 2909 1044 2954 non
1059 2907 1262 2971 quaevercm
1276 2892 1412 2963 erueret,

191 2986 263 3073 γιάν
285 2988 478 3070 κολάζετε.
800 2992 802 3046 :
824 2993 879 3057 sed
902 3011 981 3074 quae
1003 2991 1203 3056 mendacium
1225 2994 1359 3074 cogeret.
1376 2995 1411 3056 et

801 3088 803 3109 '
824 3096 850 3160 si
873 3097 927 3178 qui
949 3095 1099 3158 infirmior
1120 3093 1205 3158 mab
1226 3112 1355 3177 pressus
1378 3096 1411 3157 et

801 3210 802 3221 ¹
823 3198 924 3262 victus
941 3196 1155 3263 Christianum
1170 3215 1204 3262 se
1219 3199 1415 3278 negasset

825 3300 1048 3364 favebamus
1086 3300 1129 3378 ei,
1167 3298 1259 3381 quasi
1295 3299 1411 3363 eierato

800 3379 972 3466 *nomine
999 3403 1063 3466 iam
1097 3403 1203 3467 omnia
1236 3400 1321 3466 facta
1354 3418 1416 3464 sua.

823 3504 878 3568 illa
899 3505 1063 3586 negatione
1083 3512 1249 3587 purgaret.

278 3605 472 3684 Quibuscum
494 3609 708 3691 componenda
731 3609 806 3671 sunt
827 3607 905 3670 haec
928 3608 1022 3671 verba
1044 3607 1245 3672 Tertulliani:

275 3709 363 3792 Apol.
396 3711 415 3772 2
442 3729 473 3793 p.
507 3710 556 3788 61,
588 3711 643 3772 25:
684 3709 746 3775 Sed
780 3709 966 3775 Christianis
1004 3709 1077 3774 solis
1111 3709 1188 3774 nihil
1218 3707 1413 3793 permittitur

191 3810 277 3892 loqui
300 3812 382 3893 quod
405 3831 533 3876 oausam
553 3819 677 3896 purget,
701 3813 783 3894 quod
806 3813 969 3874 veritatem
991 3810 1148 3889 defendat,
1172 3811 1255 3894 quod
1276 3810 1413 3875 iudicem

192 3931 254 3978 non
276 3912 371 4004 iaciat
391 3915 552 3992 iniustam,
575 3916 630 3980 sed
652 3915 729 3980 illud
752 3915 855 3979 solum
871 3917 1080 3998 exspectatur,
1104 3914 1187 3996 quod
1203 3914 1272 3980 odio
1287 3913 1412 3998 publico

192 4017 403 4082 necessarium
436 4020 496 4094 eat,
534 4017 686 4083 confessio
724 4018 904 4091 nominis,
940 4036 1002 4081 non
1036 4016 1222 4082 examinatio
1255 4015 1415 4081 criminis:

193 4118 332 4200 quaudo,
361 4120 388 4184 si
415 4119 453 4184 de
476 4121 581 4202 aliquo
603 4123 734 4184 nocente
758 4120 966 4202 cognoscatis,
993 4139 1056 4183 non
1080 4119 1189 4184 statim
1211 4119 1353 4184 confesso
1376 4135 1413 4182 eo

192 4239 306 4285 nomen
328 4221 499 4285 homicidae
522 4223 571 4285 vel
592 4223 740 4306 sacrilegi
761 4223 811 4285 cel
834 4223 943 4285 incesti
964 4223 1013 4286 vel
1035 4222 1153 4306 publici
1173 4222 1288 4298 hostis,
1316 4223 1352 4284 ut
1373 4219 1412 4284 de

193 4323 308 4388 nostris
339 4325 447 4406 elogiis
480 4324 609 4407 loquar,
643 4325 782 4389 contenti
815 4325 882 4389 sitis
911 4325 950 4389 ad
978 4323 1261 4408 pronuntiandum,
1293 4323 1355 4386 nisi
1381 4325 1414 4386 et

193 4427 417 4509 consequentia
439 4427 584 4511 exigatis,
607 4427 793 4510 qualitatem
815 4427 905 4505 facti,
928 4445 1113 4504 numerum,
1135 4426 1251 4504 locum,
1273 4425 1415 4502 modum,
