3546 5236
868 349 1080 446 Aa..

449 544 514 609 iarn
538 544 637 628 igitur
660 544 758 610 etiam
783 545 809 610 si
834 543 896 609 hac
918 543 1140 627 recognitione
1163 563 1228 608 non
1251 541 1285 606 id
1304 542 1453 608 effectum
1475 548 1589 622 estut,

360 650 447 734 quod
470 651 613 717 Haasius
636 652 801 735 sperabat,
824 657 893 715 tota
916 649 1018 716 libelli
1041 649 1145 716 torma
1168 649 1398 732 immutaretur,
1422 649 1590 731 aliquanto

359 765 468 824 tamen
509 758 642 843 propius
685 757 729 822 ed
772 757 945 841 genuinam
986 757 1110 841 dialogi
1146 756 1316 822 Annaeaui
1358 755 1492 820 formam
1531 773 1591 820 nos

360 866 542 932 accessisse
565 863 759 931 contendere
787 864 871 930 licet.
918 885 958 930 ex
981 871 1050 930 tota
1074 865 1158 931 enim
1182 863 1261 948 eius,
1285 862 1392 948 qualis
1415 864 1449 926 in
1471 861 1591 927 codici-

360 974 420 1039 bus
449 981 598 1039 servatus
626 979 685 1058 est,
717 972 843 1037 ratione
872 972 969 1038 facile
997 979 1135 1058 apparet
1164 991 1238 1038 eum
1260 991 1281 1036 a
1305 989 1368 1053 qno
1393 970 1593 1054 compositus

362 1085 413 1146 est
437 1080 668 1165 epitomatoris‚
691 1079 797 1144 atita
821 1078 937 1163 dicam,
960 1079 1127 1162 negotIum
1145 1078 1402 1161 administrasse,
1426 1076 1593 1141 rarissime

360 1186 610 1271 interpolatoris.
656 1186 767 1268 itaque
794 1184 924 1252 omissis
951 1185 1061 1251 multis
1089 1191 1219 1270 praeter
1241 1183 1478 1269 praefationem
1501 1181 1593 1246 illam

361 1293 491 1359 brevem
515 1300 547 1359 et
570 1293 714 1377 ineptam
736 1291 816 1357 nihil
839 1291 881 1358 de
905 1312 963 1358 suo
988 1290 1126 1358 addidit.
1163 1311 1260 1374 quarn
1283 1291 1317 1355 iu
1340 1290 1446 1355 locum
1463 1289 1592 1374 prologi

361 1401 531 1466 Annaeani
562 1399 606 1465 ed
634 1398 817 1465 Gallionem
851 1399 964 1484 scripti
992 1399 1200 1464 substitutam
1229 1417 1303 1463 esse
1330 1397 1510 1482 probabilis
1543 1402 1594 1460 est

361 1507 478 1574 Haasii
501 1507 686 1574 coniectura
716 1505 759 1592 (v.
783 1509 882 1572 ledea
905 1510 1065 1572 mianum
1087 1509 1121 1570 ia
1142 1508 1339 1570 autumnitate
1362 1505 1595 1569 Vrattslaaieasi

360 1635 443 1680 cauo
479 1613 619 1700 1859s60
654 1617 864 1680 habendarum
900 1617 998 1699 pb).
1052 1613 1219 1679 enuntiata
1255 1631 1332 1678 vero
1365 1610 1528 1694 quaedam
1561 1617 1595 1673 et

362 1721 598 1786 enuntiatorum
635 1723 778 1788 membra
815 1722 855 1786 ob
888 1721 1045 1786 orationis
1078 1720 1262 1786 barbariem
1294 1727 1327 1784 et
1359 1718 1593 1785 sententiarum

362 1829 609 1912 peruersitatem
628 1828 774 1894 Senecae
797 1827 1025 1911 abiudicanda,
1050 1848 1123 1892 cum
1145 1827 1178 1892 in
1202 1827 1294 1892 libris
1317 1847 1338 1892 a
1361 1845 1412 1891 me
1436 1824 1594 1890 adhibitis

362 1934 479 2020 desint,
510 1954 575 1999 non
606 1935 662 1999 ille
695 1934 857 2001 adiecisse
885 1933 1021 2018 videtur,
1051 1934 1110 2000 sed
1141 1934 1354 2019 interpolator
1380 1933 1490 1998 nescio
1520 1932 1594 2016 quis

363 2041 494 2107 saeculo
519 2042 614 2108 tertio
638 2041 764 2107 decimo
788 2042 961 2108 recentior:
988 2045 1017 2125 ἵ,
1040 2044 1061 2108 2
1084 2043 1265 2126 asthartem
1288 2043 1369 2106 eam
1391 2041 1517 2106 maiores
1540 2043 1594 2104 sie

361 2153 502 2214 inactum
525 2158 569 2214 est
591 2159 625 2214 at
646 2172 710 2215 coa
727 2172 798 2234 pro
815 2153 943 2234 feritate
966 2152 1020 2214 sed
1040 2171 1108 2234 pro
1131 2151 1348 2214 caramtadiac
1362 2151 1480 2214 latrem.
1509 2147 1594 2224 11‚3
1704 2221 1705 2234 ,

362 2259 491 2340 (leubae
518 2260 725 2322 stertisset
748 2279 817 2321 oum
839 2260 987 2322 amissis
1011 2259 1144 2322 taediis
1167 2261 1320 2340 moseres,
1350 2257 1469 2320 laetam
1496 2275 1592 2320 occa.

366 2366 416 2447 12,
440 2365 460 2428 2
482 2368 651 2447 fomenta
677 2366 852 2430 malitiae.
899 2383 995 2448 porro
1019 2363 1060 2428 de
1084 2363 1210 2428 duobus
1239 2362 1329 2446 locis,
1357 2365 1410 2445 qui
1439 2361 1540 2428 etiam
1562 2361 1594 2424 in
1704 2351 1705 2372 ³

364 2471 387 2536 S
412 2469 542 2536 dicendi
566 2489 669 2553 genus
691 2469 791 2536 medii
814 2471 888 2536 aevi
912 2470 1096 2548 ostendunt,
1126 2470 1268 2537 dubitari
1291 2476 1401 2555 potest
1423 2477 1529 2533 utrum
1553 2469 1593 2531 ab
1704 2469 1705 2480 ¹

364 2577 577 2661 epitomatore
610 2597 652 2642 an
680 2597 701 2640 a
729 2577 860 2642 librario
889 2577 999 2660 aliquo
1027 2579 1142 2642 mutati
1171 2577 1244 2643 sint
1295 2597 1429 2660 quornm
1456 2575 1593 2640 alterum
1704 2645 1705 2660 ξ

365 2686 431 2768 (ll,
446 2685 489 2768 3),
513 2704 576 2766 quo
601 2683 742 2748 deflendi
765 2685 896 2749 verbum
921 2705 1019 2751 sensu
1034 2685 1248 2768 intransitive,
1272 2683 1305 2748 id
1320 2683 1407 2766 quod
1421 2703 1594 2764 numquam
1704 2761 1705 2786 ,

366 2791 443 2856 secit
467 2791 601 2876 Seneca,
625 2799 806 2875 usurpatur,
832 2811 930 2876 supra
954 2790 1160 2857 emendatum
1177 2811 1250 2858 esse
1265 2789 1392 2857 confido
1407 2791 1468 2855 boo
1482 2789 1592 2853 modo:

363 2900 511 2962 demeres
543 2899 700 2981 (defleas
732 2897 853 2978 codd),
884 2902 980 2980 pernis
1013 2897 1068 2984 (de
1101 2898 1150 2962 ire
1183 2899 1355 2981 11115,4
1386 2899 1460 2981 prid
1488 2901 1593 2980 penta,

364 3007 496 3084 demate,
521 3007 595 3088 qaid
617 3009 784 3088 expertast,
810 3003 849 3069 ct.
873 3012 939 3069 nat.
964 3013 1089 3087 quaest.
1112 3005 1144 3068 Il
1167 3007 1219 3088 59,
1243 3002 1288 3089 9),
1312 3003 1446 3069 alterius
1470 3006 1536 3087 (14,
1565 3005 1593 3082 1)

364 3115 462 3194 capita
489 3133 552 3176 aaa
579 3114 653 3196 qaid
673 3114 849 3196 perdideris
875 3114 930 3176 sed
957 3114 1050 3196 praed
1082 3116 1258 3194 evaseris,
1293 3111 1346 3176 ubi
1377 3130 1466 3175 more
1497 3109 1594 3176 medii

368 3219 442 3284 aeri
465 3221 546 3302 qaod
568 3223 701 3284 causeris
723 3239 782 3303 pro
807 3238 846 3283 eo
871 3218 956 3302 quod
980 3225 1030 3284 est
1050 3227 1078 3283 te
1092 3222 1222 3284 ausisse
1235 3217 1363 3284 videtur
1377 3216 1498 3282 dictum
1513 3237 1593 3296 esse,

367 3327 483 3391 sinon
507 3331 627 3390 certam
652 3325 908 3390 emendationem
937 3325 1054 3408 inveni,
1087 3347 1158 3391 cum
1187 3329 1306 3409 peada
1337 3333 1413 3390 ante
1442 3327 1522 3409 qaod
1550 3325 1593 3388 in·

365 3452 514 3516 sererem,
538 3440 646 3497 tannen
670 3431 864 3498 emendandi
888 3433 975 3496 viam
997 3453 1049 3498 me
1073 3433 1305 3499 monstravisse
1328 3439 1415 3517 puto.
1453 3433 1499 3496 ita
1518 3449 1592 3497 vero

364 3539 460 3604 bomo
484 3539 540 3604 ille
560 3539 705 3605 Senecae
729 3539 845 3605 librum
867 3541 900 3605 in
924 3548 1097 3622 angustum
1121 3540 1237 3624 coegit,
1260 3549 1296 3605 ut
1319 3559 1358 3604 ex
1382 3539 1423 3604 iis
1447 3558 1531 3622 quae
1555 3539 1593 3602 de

366 3654 469 3711 morte
493 3645 660 3730 disputata
684 3654 776 3710 erant
800 3646 881 3713 satis
904 3647 1006 3711 multe
1030 3653 1227 3732 excerperet,
1250 3648 1405 3731 pauciora
1430 3667 1470 3711 ex
1489 3648 1593 3731 capite

364 3755 401 3816 de
411 3760 604 3836 paupertate,
629 3753 828 3837 paucissima
852 3774 891 3818 ex
915 3755 956 3819 iis
980 3774 1064 3838 quae
1088 3753 1129 3819 de
1153 3754 1331 3838 calumniis,
1357 3752 1398 3818 de
1423 3754 1530 3837 exilio,
1554 3753 1592 3818 de

366 3860 442 3926 aliis
466 3860 707 3934 calamitatibus
732 3861 820 3927 dicta
845 3869 945 3946 erant,
973 3863 1006 3926 in
1030 3862 1093 3927 fine
1117 3883 1227 3928 rursus
1252 3883 1291 3928 ex
1315 3882 1353 3927 eo
1378 3863 1485 3946 capite
1509 3859 1592 3945 quod

366 3975 436 4032 erat
464 3970 502 4032 de
524 3989 622 4032 acore
645 3971 760 4034 amissa
788 3968 882 4054 plura
910 3969 1063 4034 retineret
1095 3969 1149 4052 (cf.
1171 3969 1315 4036 Haasius
1339 3969 1358 4036 l.
1382 3968 1432 4054 a).
1478 3967 1592 4052 integri

366 4075 451 4138 enim
477 4074 601 4158 dialogi
625 4076 767 4160 capitum
792 4076 929 4142 similem
952 4077 1105 4141 ambitum
1130 4075 1233 4143 fnisse
1256 4096 1349 4142 nemo
1369 4075 1488 4159 credet,
1513 4076 1540 4142 si
1556 4095 1592 4140 ea

367 4200 451 4264 qnae
475 4182 509 4246 in
533 4182 608 4247 aliis
631 4183 723 4249 libris
746 4185 835 4249 velut
858 4183 891 4247 in
915 4183 1190 4249 consolationibus
1205 4182 1358 4250 disseruit
1372 4203 1443 4248 oum
1458 4183 1610 4248 exilibus·

366 4287 417 4353 bis
441 4287 587 4372 reliquiis
612 4290 857 4375 comparaverit.
895 4289 1023 4356 cecedit
1045 4289 1133 4374 quod
1153 4291 1347 4376 epitomator
1360 4289 1472 4355 ultimo
1489 4291 1591 4376 capite

458 4537 493 4608 ¹⁰)
525 4541 564 4604 13,
593 4543 602 4593 l
633 4541 663 4593 in
690 4541 767 4595 libris
795 4542 904 4596 saeculo
931 4542 997 4595 XIII
1024 4541 1220 4596 recentioribus
1248 4545 1276 4595 et
1303 4540 1378 4610 apud
1406 4540 1590 4596 Hildebertnm
1704 4527 1705 4530 ¹

367 4607 475 4695 defles
493 4631 571 4684 extat
590 4630 634 4684 vel
653 4631 770 4698 deflet,
788 4631 817 4684 in
836 4631 1031 4686 vetustioribus
1049 4631 1161 4686 verbum
1181 4631 1305 4700 simplex.
