3560 5242
809 561 846 622 81

728 647 935 658 ---...-.

308 779 370 845 Sed
393 781 465 844 nolo
487 780 607 863 longior
629 799 706 846 esse.
745 781 829 846 Setis
852 782 935 847 enim
959 785 1097 865 apparet,
1120 782 1238 865 opinor,
1260 781 1328 848 iure
1344 783 1439 846 Eber-

222 886 290 946 tum
314 884 346 959 (l.
369 903 395 948 e.
418 903 446 966 p.
471 885 545 964 323)
573 883 735 966 negavisse
762 885 866 950 looum
894 885 983 950 illum
1006 885 1229 968 impedimento
1252 906 1335 963 esse,
1365 906 1438 968 quo-

221 986 327 1049 minus
351 986 447 1050 etism
469 987 541 1068 post
562 985 746 1051 Tertulliani
769 988 1007 1071 Apologetioum
1029 989 1223 1066 absolutum,
1246 988 1331 1054 tertii
1354 1009 1384 1072 p.
1405 988 1439 1054 C.

222 1088 338 1152 saeouli
362 1088 448 1153 initio
472 1087 636 1153 Octavium
660 1090 811 1174 seriptum
835 1110 902 1156 esse
926 1109 1098 1156 sumamus.

307 1191 416 1273 Neque
440 1210 476 1255 ex
500 1192 568 1256 aliis
592 1191 712 1257 Ostorii
734 1194 809 1258 loeis
832 1194 870 1258 de
885 1193 1015 1258 Minucii
1038 1197 1140 1259 aetate
1165 1194 1333 1277 quiequam
1356 1194 1441 1259 oolli-

222 1293 359 1375 gendnm
389 1296 445 1358 est.
489 1293 561 1358 lure
591 1295 675 1360 eninr
698 1296 737 1362 K.
760 1296 785 1360 I.
809 1296 1016 1361 Neumannus
1039 1297 1240 1378 dubitavit,¹)
1267 1316 1345 1362 num
1367 1315 1441 1362 rara

222 1399 306 1460 esset
333 1397 506 1462 Schwenlrii
535 1400 692 1464 sententia
725 1419 760 1465 eo
795 1402 948 1484 tempore,
983 1419 1044 1482 quo
1073 1400 1142 1466 Oet.
1173 1421 1199 1466 e.
1226 1401 1276 1478 18,
1300 1401 1319 1462 5
1341 1402 1440 1481 sqq.⁸)

222 1500 374 1584 seriptum
401 1502 462 1577 est,
492 1501 559 1565 fieri
586 1521 648 1566 non
674 1493 829 1586 potuisse,
857 1503 933 1586 quin
956 1504 1205 1587 unnsprinneps
1229 1503 1440 1587 reipublicae

221 1607 388 1686 praeesset.
427 1605 505 1668 ann
526 1605 608 1669 enim
626 1607 770 1669 aoourate
787 1605 863 1669 dinit
878 1605 1080 1670 Sehrrenlrins
1095 1606 1229 1672 naeleste
1247 1608 1279 1670 et
1293 1608 1441 1671 terrestre

221 1706 388 1788 imperium
421 1709 485 1772 toto
515 1708 568 1772 illo
599 1709 666 1773 loeo
698 1709 781 1774 inter
808 1728 841 1773 se
869 1709 1057 1794 eomparori,
1092 1712 1158 1774 tam
1187 1708 1321 1774 dilucide
1348 1710 1441 1773 verbo

222 1808 408 1890 ‘imperium’
446 1809 626 1892 frequenter
661 1814 825 1895 usurpato,
861 1812 988 1876 Romuli
1021 1815 1054 1876 et
1085 1811 1191 1889 Remi,
1232 1811 1376 1878 Caesaris
1410 1813 1442 1876 et

220 1911 349 1994 Pompei
382 1913 532 1995 exemplis
565 1914 731 1997 imperium
763 1915 944 1980 Rommmm
978 1915 1161 1996 signifiosri,
1195 1917 1231 1979 ut
1264 1918 1374 1980 eontra
1408 1933 1441 1978 se

221 2015 325 2098 ipsum
352 2014 508 2080 Minucius
537 2015 753 2099 disputaturus
783 2017 891 2095 luerit,
922 2019 949 2084 si
980 2019 1040 2082 duo
1063 2019 1220 2102 prinsipes
1243 2018 1352 2083 eodem
1375 2017 1442 2081 inre

222 2121 290 2182 tum
317 2118 459 2184 fuissent.
504 2118 617 2202 Itaque
639 2139 741 2202 neque
765 2121 856 2186 annis
881 2121 1063 2196 161-169,
1094 2121 1207 2204 quibus
1230 2121 1273 2187 Μ.
1297 2119 1442 2186 Aurelius

221 2223 254 2284 et
275 2221 309 2284 L.
332 2221 433 2286 Verus
456 2221 611 2305 principes
634 2222 773 2300 fuerunt,
797 2224 962 2289 Octavium
979 2225 1131 2309 seriptum
1147 2245 1216 2290 esse
1232 2243 1333 2306 neque
1350 2221 1442 2287 annis

222 2324 404 2399 177-180,
434 2323 550 2406 quibus
578 2325 619 2390 M.
651 2324 799 2390 Aurelius
828 2345 902 2391 num
931 2327 1102 2393 Commodo
1130 2327 1298 2412 imperium
1329 2323 1441 2390 tenuit

223 2428 284 2492 Sed
312 2447 351 2492 ne
375 2447 410 2492 eo
434 2427 561 2510 quidem
584 2430 736 2512 tempore,
765 2448 826 2510 qno
848 2429 890 2494 Μ.
914 2431 1061 2496 Aurelius
1084 2429 1169 2496 solus
1192 2428 1399 2514 imperatori
1419 2427 1443 2492 't

223 2531 431 2614 (rue-177),
465 2549 523 2595 neo
553 2531 646 2614 paulo
675 2533 745 2614 post
771 2551 888 2596 annum
920 2533 995 2610 180,
1028 2534 1102 2598 dum
1124 2534 1275 2599 memorie
1297 2533 1441 2598 binorum

222 2635 398 2718 prinnipum
431 2634 556 2698 illorum
588 2634 804 2717 imperiorum,
843 2653 922 2717 quae
956 2637 1120 2701 incruenta
1150 2636 1296 2718 fuissent,
1333 2653 1442 2700 reeens

222 2740 318 2814 esset,
347 2736 391 2802 sie
420 2737 513 2802 soribi
537 2737 683 2821 potuisse.
729 2738 930 2803 Sohuenlrius
953 2739 1049 2822 igitur
1071 2743 1180 2804 eenset
1201 2737 1331 2803 Minunii
1353 2737 1442 2802 libel-

221 2841 288 2904 lum
317 2844 389 2905 ante
419 2859 538 2904 annum
563 2841 622 2903 161
651 2840 859 2924 compositum
888 2861 966 2906 esse.
1017 2842 1176 2908 ‘Indessen
1200 2841 1283 2924 zeigt
1303 2841 1443 2904 Athena-

222 2962 328 3024 goras,
352 2943 424 3008 dass
447 2961 521 3006 man
547 2943 614 3008 eine
638 2945 742 3008 solohe
759 2944 1063 3009 Sammtherrsohslt
1084 2945 1176 3027 ruhig
1199 2945 1245 3009 als
1261 2943 1441 3008 Monarohie

224 3045 401 3110 betroehtet
427 3046 493 3109 hat.
546 3045 653 3129 Suppl.
677 3067 703 3110 e.
729 3048 769 3110 18
792 3047 963 3128 vergleioht
984 3067 1019 3112 er
1040 3048 1089 3112 die
1114 3048 1325 3130 gemeinsame
1348 3047 1442 3112 Herr-

223 3147 325 3212 snhalt
358 3148 413 3212 des
444 3146 532 3212 Maro
564 3149 661 3213 Aurel
696 3149 760 3214 und
794 3149 985 3215 Commodus
1019 3151 1079 3215 mit
1110 3151 1165 3214 der
1192 3149 1443 3232 weltregierung

223 3250 333 3316 Gottes
362 3252 416 3315 des
442 3250 555 3316 Vaters
583 3253 648 3317 und
677 3253 732 3318 des
755 3253 891 3328 Sohnes,
920 3253 970 3318 die
998 3252 1215 3317 ausdrriolrlioh
1247 3253 1294 3318 als
1316 3251 1443 3316 Einheit

221 3353 404 3418 bezeichnet
434 3355 606 3436 werden'.³)
662 3356 830 3421 Praeterea
863 3357 965 3420 verbis
997 3356 1131 3438 ‘quando
1165 3375 1318 3439 umquem
1353 3355 1442 3437 regni

222 3456 354 3522 societas
382 3460 438 3521 eut
465 3478 537 3522 oum
564 3459 624 3524 fide
647 3459 748 3542 eoepit
769 3464 824 3522 aut
846 3457 913 3524 sine
936 3477 1044 3524 eruore
1068 3459 1201 3535 desiit?',
1225 3458 1338 3542 qnippe
1361 3477 1441 3540 quae

222 3559 302 3624 inter
332 3561 417 3624 looos
451 3581 635 3628 communes
669 3561 865 3626 numerando
897 3561 961 3626 sint
989 3562 1031 3646 (v.
1057 3581 1151 3646 supra
1174 3582 1203 3645 p.
1228 3563 1281 3642 28)
1313 3565 1345 3626 et
1371 3580 1442 3626 onn-

223 3711 430 3718 ---—--.——.-=

291 3785 315 3849 ¹)
334 3781 455 3850 Giitting.
475 3781 611 3838 Get-Ana.
631 3785 699 3838 1884
717 3799 741 3850 p.
760 3785 819 3837 358.

291 3867 312 3938 ¹>
330 3869 373 3923 'Ni
398 3867 481 3934 sorte,
508 3868 633 3937 quoniam
658 3869 692 3924 de
718 3869 889 3938 providentia
911 3868 986 3922 nulla
1010 3868 1147 3924 dubitatio
1171 3873 1227 3932 est,
1254 3867 1440 3936 inquirendum

222 3959 318 4023 putas,
347 3959 435 4009 utrum
461 3955 539 4009 unius
566 3955 678 4024 imperio
696 3973 730 4009 an
749 3953 864 4010 arbitrio
882 3955 1060 4022 plurimorum
1080 3956 1197 4009 caeleste
1215 3969 1326 4022 regnum
1345 3955 1441 4023 guber-

223 4045 314 4107 netur,
339 4039 407 4108 qnod
432 4039 519 4108 ipsum
543 4057 596 4094 non
621 4046 664 4096 est
687 4040 764 4095 multi
786 4040 887 4096 laboris
912 4039 1018 4108 aperire
1036 4039 1171 4110 cogitanti
1189 4039 1306 4110 imperia
1325 4043 1441 4106 terrena,

222 4127 319 4194 quibus
337 4126 463 4193 exempla
481 4125 574 4193 utique
593 4127 626 4181 do
645 4126 729 4182 caelo.
748 4125 855 4193 qnando
874 4140 1000 4194 umquam
1019 4125 1096 4194 regni
1113 4124 1229 4180 societas
1247 4131 1297 4180 aut
1313 4141 1373 4179 enm
1386 4124 1438 4180 fida

222 4213 313 4280 coepit
336 4216 385 4266 ant
403 4211 460 4264 sine
480 4227 576 4266 cruore
595 4212 695 4268 desiit?
717 4211 814 4266 omitto
833 4209 931 4266 Persas
949 4211 982 4265 ile
1002 4226 1130 4279 equorum
1149 4210 1253 4265 hinnitu
1272 4216 1441 4278 augurantes

223 4298 413 4367 principatum,
432 4301 461 4350 et
476 4297 667 4354 Thebanorum
685 4313 743 4366 par,
761 4301 895 4351 mortuam
914 4296 1043 4358 tabulam,
1064 4301 1181 4350 transeo.
1201 4296 1236 4349 ob
1255 4301 1394 4365 pastorum
1412 4301 1441 4352 et

222 4399 302 4440 casae
328 4398 440 4450 regnum
459 4383 493 4437 de
511 4384 628 4451 geminis
646 4382 777 4438 memoria
795 4381 939 4436 notissima
957 4387 1008 4435 est.
1028 4380 1122 4449 generi
1140 4386 1169 4436 ot
1187 4384 1272 4436 anseri
1292 4382 1363 4438 bella
1382 4387 1439 4439 toto

222 4471 287 4527 orbe
306 4469 405 4523 diffusa
421 4473 494 4534 sunt,
512 4474 542 4524 et
562 4474 616 4524 tarn
635 4470 726 4537 magni
745 4467 852 4538 imperii
870 4467 937 4522 duos
955 4467 1065 4522 fortuna
1082 4483 1134 4522 non
1153 4467 1236 4538 oepit.
1256 4467 1315 4522 vido
1335 4473 1440 4524 catara:

221 4572 269 4610 rex
288 4570 355 4608 unus
372 4553 484 4622 apibus,
503 4555 557 4610 dux
576 4573 644 4611 unus
662 4555 689 4609 in
708 4554 852 4624 gregibus,
869 4552 897 4606 in
916 4552 1046 4607 armentis
1065 4557 1154 4607 rector
1172 4569 1249 4608 unna.
1270 4560 1300 4609 tu
1318 4553 1344 4608 in
1364 4554 1440 4609 caelo

221 4657 353 4695 summum
371 4641 544 4696 maiestatem
562 4640 645 4696 (lividi
663 4641 759 4696 credas
778 4644 806 4695 et
823 4637 909 4694 scindi
928 4639 984 4693 reri
1004 4637 1075 4692 illius
1090 4654 1122 4694 an
1134 4638 1216 4694 divini
1229 4639 1336 4708 imperii
1350 4644 1439 4695 totam

221 4733 387 4796 potestatem
395 4727 415 4778 'l'

291 4815 315 4882 ⁸)
333 4813 366 4868 K.
385 4815 405 4868 l.
424 4812 574 4868 Neomann.
593 4812 685 4868 Theol.
705 4811 854 4868 nitu-zen.
872 4811 909 4866 Vl
928 4811 992 4866 1681
1013 4827 1038 4880 p.
1057 4811 1115 4864 423.

1212 4897 1229 4950 6
