3514 5244
799 405 816 466 7

194 599 376 663 communia
399 617 473 664 osse
495 597 641 680 vidisset,
664 597 774 680 multa,
798 596 934 679 quaeis
958 616 1039 662 sana
1062 596 1205 680 haberet,
1228 594 1424 680 depravata,

195 724 267 769 eum
290 705 398 789 ipsum
421 711 599 769 ceterorum
623 704 762 768 omnium
793 710 961 788 parentem
989 701 1097 768 dicere
1125 722 1190 767 uon
1221 700 1424 784 dubitarit⁶l.

194 831 291 894 quam
314 811 507 877 sententiam
526 830 628 895 nuper
650 811 697 875 ita
711 811 856 894 mutavit,
876 819 910 875 ut
924 807 1083 892 quosdam
1097 808 1226 874 codices
1241 807 1420 874 deteriores

193 938 258 983 non
290 938 330 982 ex
353 917 566 983 Ambrosiano
599 916 780 1001 descriptos
808 935 882 982 esse
913 923 1056 1001 putaret,
1091 914 1149 982 sed
1182 935 1223 980 ex
1251 915 1316 980 alio
1345 934 1423 997 quo-

195 1024 271 1090 dam
295 1023 464 1108 archetypi
495 1023 565 1090 eius
592 1022 823 1108 apographon.
874 1029 942 1087 tam
970 1023 1121 1105 exiguum
1149 1029 1258 1087 tamen
1285 1023 1422 1086 fructum

198 1151 239 1196 ex
253 1131 293 1196 iis
309 1129 353 1196 ad
367 1130 568 1214 dialogorum
584 1129 841 1195 emendationem
860 1130 933 1214 capi
954 1129 1127 1214 existimat,
1145 1136 1181 1194 ut
1203 1127 1422 1214 profiteatur⁷)

197 1240 313 1303 nnllam
336 1241 406 1302 olim
430 1235 570 1324 [eutitiooe
603 1245 702 1302 lerino
735 1239 927 1301 traditionem
953 1238 991 1301 ub
1020 1259 1056 1300 ea
1083 1257 1174 1320 mam
1202 1237 1425 1300 Ambrosianus

197 1345 336 1409 eubibeui
355 1348 398 1408 ila
422 1347 582 1424 diuersum,
607 1345 718 1407 nedrrm
741 1347 785 1408 ila
807 1347 972 1426 meliorem,
996 1351 1029 1407 nl
1051 1364 1114 1407 non
1136 1345 1201 1409 eolo
1219 1342 1425 1407 Ambrosiam

197 1453 239 1514 ad
262 1459 376 1515 lentam
401 1453 643 1516 conslitnendnm
666 1452 797 1514 contenti
819 1471 884 1514 esse
902 1452 1067 1533 paramus.
1114 1468 1325 1532 quaecunque
1347 1468 1423 1514 vero

197 1557 246 1620 illi
269 1558 354 1622 bona
377 1557 543 1642 praebent,
567 1575 607 1621 ea
629 1563 760 1640 praeter
782 1556 910 1621 unicum
933 1556 1071 1622 lacunae
1099 1554 1268 1622 cuiusdam
1295 1553 1351 1636 (de
1374 1555 1423 1620 ira

197 1664 543 1750 1118,8p.126,24
568 1663 704 1750 Gertzii)
733 1663 988 1748 supplementum
1018 1683 1039 1727 a
1066 1662 1181 1728 scribis
1209 1662 1424 1728 lectoribusve

197 1771 389 1836 coniecturis
412 1779 541 1856 reperta
565 1789 638 1836 esse
662 1768 749 1834 dicit.

283 1902 317 1959 at
349 1896 469 1959 erravit
499 1895 549 1958 vir
581 1893 622 1960 de
655 1894 800 1959 Senecae
834 1893 964 1977 scriptis
998 1894 1117 1978 optime
1149 1893 1290 1959 meritus.
1346 1913 1421 1958 uam

194 2022 302 2067 eorum
336 2001 465 2084 quidem
496 2001 664 2084 vitiorum,
700 2001 815 2083 quibus
850 2000 879 2063 A
911 2020 982 2064 cum
1015 1998 1228 2065 deterioribus
1265 2000 1423 2084 congruit,

193 2108 284 2192 origo
308 2109 372 2172 iam
397 2129 435 2173 ex
461 2127 498 2173 eo
523 2106 713 2191 archetypo,
746 2126 785 2172 ex
819 2127 881 2190 quo
915 2113 948 2171 et
979 2105 1032 2171 hic
1065 2113 1097 2171 et
1126 2106 1174 2170 illi
1203 2114 1422 2189 manaverunt,

193 2215 369 2301 repetenda
402 2222 461 2280 est.
516 2234 609 2298 quem
638 2214 851 2278 Ambrosiano
880 2213 1046 2296 aliquanto
1079 2213 1288 2278 vetustiorem
1321 2212 1423 2279 fuisse

193 2322 329 2388 historia
354 2321 466 2387 critica
489 2321 640 2386 librorum
661 2321 805 2386 Senecae
834 2327 866 2386 et
889 2320 1049 2386 similibus
1072 2320 1209 2385 aliorum
1233 2319 1423 2404 scriptorum

194 2428 271 2496 satis
309 2428 523 2495 consideratis
560 2429 674 2512 negari
710 2427 765 2492 vix
801 2435 918 2512 potest.
964 2427 1099 2493 liberum
1141 2434 1249 2492 autem
1287 2445 1361 2492 esse
1393 2425 1422 2488 A

194 2536 304 2602 multis
335 2536 434 2620 vitiis,
466 2535 582 2619 quibus
616 2555 726 2600 omnes
758 2533 889 2600 codices
922 2534 1117 2600 recentiores
1149 2534 1309 2618 inquinati
1339 2541 1422 2618 sunt,

194 2643 374 2708 mirandum
398 2661 462 2706 non
486 2649 544 2726 est,
569 2641 663 2725 quod,
687 2659 894 2724 quoscunque
908 2641 1080 2706 Fickertus
1105 2640 1261 2724 adhibuit,
1290 2641 1421 2707 saeculo

193 2749 270 2814 XIV
294 2749 487 2814 vetustiores
511 2769 575 2814 nou
600 2756 681 2831 sunt,
710 2768 773 2831 quo
802 2754 924 2830 quanta
958 2747 1077 2813 damna
1109 2768 1219 2814 omnes
1248 2749 1423 2832 scriptores

195 2855 304 2920 Latini
328 2875 348 2918 a
370 2854 521 2938 librariis,
544 2874 628 2936 quae
651 2874 715 2920 non
743 2854 985 2939 intellegebant,
1013 2855 1211 2920 mutantibus
1233 2854 1325 2940 passi
1349 2854 1423 2938 siut,

196 2981 289 3027 nemo
311 2961 422 3027 nescit.
452 2981 527 3025 nam
550 2961 843 3027 Ambrosianum
868 2961 894 3024 B
918 2965 938 3027 2
963 2981 1041 3045 sup.
1067 2962 1110 3042 (I)
1134 2960 1222 3046 apud
1236 2961 1423 3026 Fickertum

194 3068 257 3134 vol.
281 3069 312 3131 II
335 3090 363 3152 p.
388 3067 479 3152 XII),
510 3088 605 3151 quem
637 3068 767 3134 saeculo
799 3067 879 3131 XIII
904 3068 964 3132 'vel
995 3068 1072 3132 XIV
1106 3069 1237 3134 ineunte
1269 3069 1423 3153 scriptum

196 3194 269 3240 esse
292 3175 420 3240 Brauca
444 3181 476 3240 et
498 3176 645 3258 Rogatus
669 3173 900 3258 indicaverant,
925 3174 1055 3240 saeculo
1079 3175 1156 3238 XIV
1184 3173 1424 3240 attribuendum

195 3301 268 3348 esse
292 3282 385 3348 testis
409 3282 556 3347 oculatus
580 3281 714 3346 affirmo.
760 3281 1046 3348 Laurentianus
1074 3287 1182 3346 autem
1210 3281 1346 3346 LXXVI
1370 3284 1423 3366 32,

194 3408 287 3471 quem
312 3389 460 3454 Gertaius
483 3388 605 3474 primus
629 3387 826 3455 examinavit
850 3395 882 3454 et
906 3389 960 3471 qui
988 3389 1030 3453 ab
1058 3387 1163 3461 abiel)
1198 3387 1329 3453 saeculo
1357 3388 1421 3452 XII

194 3496 334 3580 scriptus
359 3515 432 3562 esse
456 3495 631 3578 dicebatur,
655 3495 703 3560 illi
726 3503 821 3560 certe
843 3517 905 3560 rino
928 3497 1050 3559 caerula
1073 3497 1224 3558 recentior
1247 3495 1337 3560 visus
1361 3502 1420 3578 est,

194 3609 262 3669 tres
285 3609 410 3668 tautum
433 3602 532 3668 libros
556 3601 598 3668 de
621 3604 669 3667 ira
694 3601 835 3667 continet
861 3601 998 3666 necdum
1027 3608 1114 3666 totus
1144 3621 1300 3667 excussus
1329 3600 1421 3678 θεῖ’).

282 3727 346 3792 iam
380 3747 455 3792 vero
488 3726 658 3792 nonnullos
692 3746 800 3791 eorum
834 3725 974 3790 locorum
1007 3725 1197 3810 afferamus,
1230 3745 1270 3791 er
1303 3725 1419 3808 quibus

193 3833 323 3899 codices
356 3834 513 3917 quosdam
545 3833 741 3899 recentiores
773 3852 877 3915 neque
909 3852 949 3897 ex
981 3833 1010 3896 A
1042 3851 1147 3915 neque
1179 3853 1220 3898 ex
1247 3831 1359 3898 codice
1391 3833 1421 3898 ei

194 3940 357 4006 simillimo
382 3939 515 4006 fluxisse
539 3949 685 4024 apparet.
731 3940 876 4004 omittam
900 3939 1046 4006 consulto
1071 3958 1136 4024 eos,
1160 3940 1276 4022 quibus
1300 3941 1341 4006 ob
1370 3960 1421 4005 ra·

284 4135 305 4203 ὓ)
325 4139 423 4190 §badia
441 4140 537 4190 critica
558 4139 586 4189 in
606 4137 719 4190 Senecae
737 4137 867 4204 dialoffor,
887 4134 1013 4189 Hauniae
1033 4135 1102 4189 1874
1122 4153 1148 4204 p.
1167 4135 1201 4188 37
1220 4153 1260 4203 sq.

281 4224 303 4290 ⁸)
323 4227 435 4280 Senecae
454 4228 624 4294 dialoaormm
646 4225 730 4280 libros
750 4225 815 4278 XII
839 4227 877 4278 ad
904 4227 1018 4279 codicem
1037 4227 1187 4292 praecipue
1211 4227 1420 4279 Ambrosianum

194 4334 245 4370 rec.
266 4317 303 4370 Μ.
325 4317 353 4370 0.
375 4319 465 4380 Gertz,
484 4314 611 4369 Hauniae
630 4315 700 4368 1886
718 4333 744 4383 p.
764 4313 840 4367 XXV
860 4331 900 4380 sq.

282 4401 303 4468 ⁷)
322 4405 388 4459 ibid
408 4423 433 4474 p.
453 4404 578 4458 XXVIII.

283 4491 305 4560 ⁸)
324 4493 476 4548 Bandinius
496 4493 525 4546 in
546 4493 674 4561 &taloan
692 4495 811 4546 codicum
837 4493 1000 4545 Latinorum
1024 4492 1194 4546 bibliothecae
1217 4493 1420 4546 Laurentianae

192 4584 245 4636 vol.
265 4583 304 4636 lll
325 4601 348 4651 p.
372 4583 423 4638 105
441 4583 550 4638 saeculo
569 4581 632 4636 XIII
652 4581 761 4636 ineunti
780 4599 843 4635 eum
862 4581 970 4635 tribuit.

282 4669 304 4738 ⁹]
323 4691 349 4725 v.
369 4671 474 4726 Gertzii
492 4671 557 4726 edit.
578 4689 604 4730 u.
623 4669 707 4724 XXX.
