3560 5242
699 417 908 512 *ἓξ

193 639 271 704 alles
300 639 402 706 seincr
430 639 689 723 ursprirnglicheu
715 637 862 716 Absiobt,
892 659 930 704 nu
953 639 1121 716 beueisen,
1154 637 1225 702 dass
1248 635 1337 701 nicht
1358 633 1407 698 die

192 742 372 826 superstitio
393 743 536 808 Romana
551 742 661 808 Crund
685 743 740 808 der
755 741 1017 808 Weltberrsobaft
1040 742 1099 821 sei,
1121 741 1209 807 nicht
1229 739 1318 805 recht
1339 739 1407 803 ent-

191 845 365 927 sprecbeud
396 845 462 912 und
494 863 554 910 nur
588 864 644 910 aus
673 846 745 910 dem
772 845 1068 927 zusammeuhauge
1099 843 1201 909 seiuer
1229 842 1340 922 Quelle
1368 860 1407 905 zu

191 947 344 1013 erlldren.
389 949 464 1012 llrst
486 949 658 1026 ueiterhiu,
680 965 724 1011 uo
746 948 779 1012 in
802 946 903 1012 dieser
925 966 985 1012 von
1001 947 1062 1012 den
1077 945 1406 1029 llroberungslrriegen

193 1049 242 1114 die
275 1051 361 1116 Rede
394 1069 472 1128 uer,
505 1051 629 1118 lommt
660 1069 694 1116 er
722 1051 841 1116 seinem
867 1049 994 1120 Zuecle
1025 1051 1138 1116 naber:
1166 1051 1231 1115 iam
1256 1049 1406 1114 finitimos

193 1169 269 1235 agro
291 1154 423 1237 pellere,
446 1153 587 1220 civitates
610 1153 767 1238 proximas
782 1153 920 1219 evertere
936 1172 1009 1218 cum
1032 1153 1188 1237 templis
1211 1155 1247 1218 et
1275 1151 1406 1216 altari·

190 1255 260 1320 bus
284 1258 343 1322 etc.
393 1257 568 1324 Tertullian
591 1259 672 1324 aetat
693 1275 734 1322 an
755 1256 869 1322 beiden
891 1255 1142 1321 Parollelstellen
1163 1256 1253 1339 Apol.
1276 1255 1318 1318 25
1340 1254 1406 1320 und

191 1358 230 1422 ad
254 1359 327 1424 Nat.
350 1359 383 1424 11
406 1360 444 1422 17
469 1363 535 1424 erst
557 1379 597 1426 an
621 1359 737 1425 diesem
759 1359 884 1426 Punlte
907 1360 972 1438 ein,
999 1359 1073 1424 sehr
1095 1377 1167 1424 aum
1187 1357 1330 1424 Vortboil
1351 1357 1405 1422 der

189 1461 356 1528 etriktmen
365 1461 633 1547 Beueisfdbrung.
655 1465 739 1529 Abor
754 1463 833 1528 eben
849 1462 979 1528 deshalb
994 1462 1037 1527 ist
1047 1463 1136 1527 nicht
1146 1461 1315 1545 glaublicb,
1330 1460 1404 1525 dass

189 1564 357 1644 Minucius,
385 1584 446 1630 von
473 1565 540 1630 ihrn
567 1565 788 1648 unbefriedigt,
811 1564 869 1633 auf
880 1564 988 1631 Cicero
1007 1565 1288 1648 zurbolgegengen
1303 1565 1402 1628 wire!

197 1675 199 1680 ’
273 1667 344 1734 Meo
379 1668 505 1750 quidem
535 1669 647 1734 iudicio
671 1688 707 1734 ex
730 1669 832 1734 uerbis
855 1669 1012 1735 ‘omnibus
1034 1669 1157 1753 populis
1180 1687 1206 1734 e.
1231 1687 1261 1750 q.
1285 1670 1318 1733 s’
1342 1687 1404 1732 non

190 1771 333 1853 sequitur
355 1772 485 1837 Furium
513 1773 644 1840 exordiis
672 1772 717 1837 rei
744 1772 888 1856 publicae
910 1772 1072 1838 Romanae
1095 1774 1127 1837 et
1147 1771 1259 1836 linium
1280 1771 1404 1854 imperii

187 1875 410 1958 propagatione
437 1877 633 1959 probavisse,
665 1893 761 1956 quam
786 1875 902 1940 iniuste
931 1875 1066 1941 Romani
1093 1875 1125 1940 in
1148 1877 1268 1942 ceteras
1291 1877 1402 1958 gentes

188 1995 221 2040 se
249 1979 429 2060 gessissent
474 1977 564 2058 Quod
586 1997 624 2044 ex
645 1978 801 2043 Lactantii
822 1979 939 2043 verbis:
963 1979 1062 2044 ‘Tum
1085 1977 1208 2044 omissis
1231 1977 1404 2042 communi-

188 2078 246 2144 bus
275 2080 314 2144 ad
341 2081 466 2165 proprie
493 2079 647 2148 veniebat'
677 2081 852 2146 necessario
874 2083 958 2146 certe
980 2101 1043 2148 non
1067 2081 1210 2148 efficitur.
1255 2079 1403 2146 Ceterum

187 2181 253 2248 iure
282 2203 318 2250 ec
344 2183 456 2250 melito
484 2183 699 2267 quaerendum
728 2185 789 2260 est,
816 2203 919 2249 nonne
942 2185 1059 2250 verbis:
1089 2184 1254 2251 ‘Omnibus
1280 2183 1403 2267 populis

187 2305 214 2350 e.
238 2306 268 2369 q.
292 2289 327 2352 s'
355 2286 441 2352 idem
470 2287 533 2353 fere
557 2287 768 2364 contineatur,
804 2287 886 2369 quod
909 2288 957 2352 bis
980 2288 1066 2352 Furii
1093 2287 1176 2371 apud
1205 2286 1402 2352 Ciceronem:

186 2389 327 2456 ‘Uliam
349 2389 494 2456 omittam
517 2411 543 2456 e.
568 2411 598 2474 q.
622 2392 674 2468 s',
696 2390 757 2454 nisi
779 2390 862 2473 quod
877 2391 990 2457 Furius
1013 2391 1114 2456 multo
1129 2391 1252 2456 mutius
1267 2389 1403 2473 pruden-

186 2491 311 2576 tiusque
344 2492 483 2576 loquitur
523 2513 619 2577 quam
647 2493 846 2570 Laclantius,
877 2494 930 2576 qui
963 2493 1120 2560 Ciceronis
1154 2494 1250 2558 verba
1277 2491 1316 2556 ad
1346 2491 1404 2556 inr-

185 2595 389 2678 pugnandam
426 2596 674 2662 adversariorum
706 2595 895 2662 iniustitiam
923 2597 1014 2680 quasi
1042 2596 1135 2660 acuit
1184 2594 1268 2675 Quid
1295 2597 1402 2660 111111

189 2697 441 2764 concludendum
464 2702 514 2764 est
535 2717 572 2766 ex
593 2699 643 2764 his
666 2699 769 2765 verbis
785 2699 957 2766 Ciceronis:
993 2701 1049 2766 ‘Ut
1070 2700 1134 2764 iam
1157 2699 1303 2764 omittam
1325 2699 1401 2763 elios

186 2819 213 2864 c.
237 2821 266 2883 q.
291 2801 350 2865 sl?
399 2802 504 2869 Verba
528 2805 644 2868 ‘noster
668 2801 719 2868 hic
741 2803 891 2887 populus,
915 2823 1009 2886 quem
1032 2802 1198 2868 Africanus
1221 2802 1402 2866 hesterno

187 2921 331 2970 sermone
366 2924 385 2970 a
418 2907 539 2990 stirpe
570 2905 739 2988 repetiuit,
773 2903 962 2972 documento
993 2909 1069 2971 sunt
1100 2905 1295 2982 Ciceronem,
1328 2922 1402 2968 eum

187 3007 286 3071 altero
309 3006 346 3072 de
369 3027 402 3072 re
425 3009 550 3092 publica
579 3008 658 3073 libro
688 3007 865 3092 Scipionem
887 3009 1070 3075 Africanum
1095 3009 1263 3091 ‘originem'
1296 3007 1402 3090 populi

185 3111 319 3174 Romani
342 3113 537 3194 repetentem
560 3113 592 3176 et
615 3111 769 3194 sapientia
783 3113 943 3179 Romanos
966 3131 1125 3178 sumerem
1140 3111 1314 3195 potentiam
1330 3129 1402 3174 con·
1526 3182 1530 3190 ,

184 3215 309 3279 secutos
344 3232 413 3278 esse
448 3213 660 3298 copiosissime
691 3218 897 3298 exponentem
920 3216 1062 3293 fecisset,
1086 3234 1136 3280 res
1164 3215 1203 3280 ab
1228 3214 1272 3280 eis
1295 3214 1401 3296 gestas

186 3317 278 3382 tertio
314 3316 393 3381 libro
429 3317 568 3382 uoluisse
600 3316 715 3382 iterum
749 3320 894 3383 tractare.
952 3321 1002 3384 An
1034 3321 1185 3403 putamus
1218 3317 1401 3384 Ciceronem

183 3421 301 3504 patriae
324 3420 576 3486 amantissimum
600 3421 693 3484 rebus
709 3421 816 3505 populi
831 3422 974 3502 Romani,
997 3441 1076 3505 quas
1097 3421 1171 3486 abbi
1186 3419 1318 3487 summis
1333 3420 1402 3484 lau·

184 3524 276 3589 dibus
292 3523 439 3588 extollere
452 3522 560 3600 soleat,
575 3523 704 3589 iniurias
716 3524 783 3590 eius
794 3525 1001 3608 patefecisse?
1024 3526 1093 3590 litei
1104 3526 1187 3590 enim
1198 3525 1220 3588 l.
1232 3543 1257 3588 c.
1269 3522 1400 3606 quaerit,

183 3626 343 3690 iustitiane
374 3644 414 3690 an
441 3627 594 3711 sapientia
622 3627 727 3711 populi
754 3629 888 3693 Romani
915 3629 1117 3712 respublica
1144 3649 1180 3692 eu
1207 3627 1294 3692 tenui
1317 3626 1401 3690 fucta

185 3730 227 3794 sit
248 3728 485 3807 florentissima,
509 3735 541 3794 et
562 3729 688 3798 Laelius
703 3730 747 3794 Ti.
763 3731 942 3797 Gracchum
960 3731 1125 3816 vituperat,
1149 3731 1231 3814 quod
1247 3729 1400 3796 sociorum
1476 3721 1481 3742 ¹

186 3832 385 3914 uomiuisque
408 3832 511 3897 Latini
540 3832 609 3898 iura
638 3851 675 3898 ac
696 3833 823 3900 foedera
845 3835 1017 3919 neglexerit
1038 3833 1092 3918 (de
1115 3853 1147 3899 re
1170 3833 1328 3918 publii]
1350 3834 1400 3910 29,

183 3938 251 4015 41),
274 3938 381 4000 tamur
405 3935 457 4002 hic
477 3936 544 4020 ipse
566 3936 654 4001 locus
675 3937 853 4004 testimonio
877 3941 926 4004 est
947 3938 1114 4022 imperimn
1137 3937 1244 4022 populi
1265 3935 1400 4002 Romani

182 4039 322 4105 Ciceroni
349 4039 432 4104 iure
455 4041 642 4124 occupatum
665 4041 766 4104 visum
787 4060 865 4106 esse.
878 4043 901 4124 ¹)
945 4041 1012 4106 Nec
1035 4040 1141 4106 Cicero
1162 4041 1316 4106 inclutam
1338 4039 1400 4104 Ro-

166 4313 168 4320 ,
253 4246 273 4313 ²)
290 4243 333 4299 De
351 4244 394 4301 off.
414 4244 426 4299 l
449 4245 487 4309 10,
504 4245 541 4297 33
559 4243 652 4299 Cicero
671 4244 790 4312 dubitat,
809 4262 872 4300 num
890 4261 983 4300 verum
1002 4246 1038 4301 sit
1057 4247 1087 4316 Q.
1107 4244 1223 4300 Fabium
1241 4244 1398 4299 Labeonem

183 4331 314 4385 adversus
332 4329 455 4386 Nolanos
478 4335 507 4384 et
524 4329 723 4399 Neapolitanos
748 4329 845 4386 iniusto
870 4347 899 4384 se
917 4331 1042 4399 gessisse.
1079 4331 1155 4401 Quod
1175 4329 1335 4386 Corinthum
1354 4329 1399 4383 de-

180 4417 297 4472 leverint
319 4419 434 4472 excusat
451 4416 591 4472 Romanos
617 4415 664 4484 (ib.
684 4419 724 4481 11,
742 4417 800 4486 3b);
828 4433 893 4486 quos
916 4416 1050 4472 iustitiam
1073 4417 1191 4473 maxime
1211 4414 1338 4483 coluisse;
1358 4416 1399 4477 11,

179 4503 226 4569 31;
253 4503 292 4566 13,
309 4502 345 4554 39
362 4516 402 4569 sq.
425 4501 548 4558 iustitiae
565 4501 706 4558 1111111111
726 4503 852 4572 exempla
869 4502 1051 4558 cumulantur.
1072 4505 1111 4569 12,
1130 4505 1165 4557 38
1183 4502 1252 4557 baec
1268 4501 1397 4570 legimus:

181 4595 252 4642 ‘cum
270 4586 391 4655 Latinis,
411 4588 528 4654 Sabinis,
547 4588 722 4656 Samnitibus,
741 4589 847 4657 Poenis,
865 4589 968 4661 Pyrrho
986 4590 1026 4645 de
1043 4588 1186 4658 imperio
1205 4587 1398 4644 dimicabatur.

180 4672 270 4736 Bocui
288 4672 450 4749 foedifragi,
468 4673 584 4732 andelia
602 4673 752 4742 Hannibal,
771 4674 867 4753 reliqui
885 4675 1031 4738 iustiores!
