3480 5230
641 1307 817 1394 CAPUT
843 1311 900 1393 Π.

327 1444 441 1523 QUAE
473 1445 652 1512 STOIOAE
673 1446 921 1541 DOCTRINAE
951 1447 1223 1516 RHETORICAE

586 1548 835 1614 TRIBUENDA
858 1549 962 1615 SINT.
1128 1561 1133 1574 '

737 1809 807 1892 §1-

246 1944 399 2030 Plerique
426 1945 528 2012 Stoici
553 1949 610 2012 τοῦ
636 1946 765 2032 λογικοῦ
785 1943 902 2036 μέρους
923 1949 982 2033 τῆς
1008 1943 1208 2036 φιλοσοφίας
1240 1948 1380 2016 alteram

160 2053 288 2130 partem
323 2050 528 2113 constituunt
562 2049 785 2131 dialecticam,
819 2050 960 2114 alteram
993 2048 1201 2118 rhetoricam.
1210 2054 1237 2136 ¹)
1287 2053 1382 2118 Hanc

161 2151 370 2217 Aristotelem
394 2152 497 2216 secuti
525 2145 744 2240 ἀντίστροφον
769 2155 809 2240 τῇ
835 2151 1019 2240 διαλεκτικῇ
1047 2152 1245 2240 dixerunt.²)
1294 2155 1380 2220 Defi-

160 2255 294 2320 niernnt
315 2260 435 2336 autem,
458 2261 495 2319 ut
521 2277 622 2340 supra
648 2257 731 2337 dixi,
761 2255 858 2338 vulgo
886 2254 1083 2320 rhetoricam
1112 2253 1296 2347 ἐπιστήμην
1323 2261 1380 2324 τοῦ

154 2345 193 2422 Ισίν
214 2356 332 2444 leynam
360 2359 393 2422 in
421 2380 486 2442 quo
514 2347 547 2424 εὖ
569 2358 671 2446 λέγειν
694 2359 952 2441 interpretantur
974 2349 1109 2446 ἀληθῶς
1130 2357 1238 2445 λέγειν.
1246 2367 1270 2441 ³)
1314 2361 1381 2426 nd-

117 2481 123 2494 ·
161 2461 252 2525 ditur
275 2483 295 2526 a
318 2463 437 2527 Stoicis
461 2463 562 2548 (apud
587 2464 678 2547 lliog.
706 2463 741 2528 L.
764 2462 904 2544 villa),
928 2467 965 2527 ut
987 2462 1068 2527 haec
1090 2482 1111 2525 a
1133 2461 1307 2529 dialectiea
1329 2487 1379 2530 se·

161 2570 323 2644 cernatur,
338 2571 510 2650 praeterea
521 2566 596 2632 hoc:
614 2563 691 2653 περὶ
706 2568 772 2630 τῶν
784 2562 816 2630 ἐν
827 2562 963 2652 etagota
974 2563 1090 2652 ldywv3
1108 2565 1283 2631 dialectica
1294 2567 1379 2632 enim

130 2743 133 2748 ¹
160 2673 212 2733 est
238 2664 404 2756 ἐπιστήμη
430 2672 485 2734 τοῦ
512 2661 622 2756 ὀρθῶς
651 2665 865 2754 διαλέγεσθαι
892 2668 968 2758 περὶ
994 2672 1057 2733 τῶν
1083 2667 1116 2732 ἐν
1143 2663 1299 2756 ἐρωτήσει
1325 2669 1380 2736 καί

160 2764 335 2854 ἀποκρίσει
357 2769 467 2859 λόγοιν.
512 2772 640 2838 Stoicos
663 2771 763 2854 igitur
787 2771 815 2834 si
843 2771 1024 2853 sequimur,
1054 2771 1229 2837 dialectica
1251 2779 1284 2836 et
1306 2773 1380 2838 rhe-

160 2873 265 2938 torica
286 2874 377 2939 nulla
399 2875 465 2939 alia
487 2897 523 2940 re
546 2873 703 2940 differunt
724 2873 788 2938 nisi
810 2875 970 2939 orationis
993 2874 1099 2939 forma
1121 2880 1266 2956 externa,
1290 2876 1320 2940 vi
1343 2897 1380 2942 ac

160 2983 281 3042 natura
313 2978 399 3044 idem
432 2977 583 3060 valente
628 2977 696 3042 lam
724 2983 802 3042 'vero
831 2998 934 3060 supra
961 2977 1099 3042 vidimus
1123 2976 1314 3044 Cleanthem
1348 2985 1382 3044 et

121 3167 124 3172 Ι
160 3079 377 3165 Chrysippum
404 3080 488 3146 illud
517 3075 628 3168 ὀρθῶς
655 3077 758 3167 λέγειν
787 3079 969 3147 rhetoricae
992 3081 1102 3165 potius
1125 3079 1288 3148 tribuisse.
1323 3081 1378 3146 nl-

161 3188 235 3248 tera
267 3183 326 3248 illa
354 3190 387 3248 et
419 3184 611 3269 pervulgata
643 3183 789 3248 definitio
819 3182 998 3273 (ἐπιστήμη
1025 3172 1138 3251 rohai
1165 3182 1277 3270 λέγειν)
1305 3205 1380 3249 oum

162 3287 249 3371 apud
272 3286 356 3351 alios
380 3307 419 3351 ex
441 3287 679 3370 posterioribus
708 3308 806 3371 saepe
835 3287 930 3353 nohis
961 3288 1155 3372 occurrit,⁵)
1188 3292 1258 3352 tum
1280 3288 1380 3368 Quin-

159 3389 295 3455 tilianus
318 3389 363 3474 (ll
388 3399 440 3465 15,
464 3392 519 3474 38)
543 3411 614 3456 eam
637 3396 675 3455 ut
697 3392 853 3474 optimam
876 3392 1018 3456 omnium
1042 3392 1169 3476 probat.
1212 3391 1279 3456 Nec
1302 3391 1381 3456 For-

160 3495 352 3558 tunatienns
375 3499 409 3559 et
431 3494 594 3577 Sulpicius
617 3495 730 3559 Victor
757 3493 846 3559 illam
870 3515 934 3560 non
963 3500 1171 3579 receperunt,
1194 3494 1257 3558 nisi
1293 3493 1382 3578 quod

160 3596 248 3663 altor
269 3600 313 3681 (p.
343 3605 404 3664 313
432 3598 485 3680 H.)
519 3597 613 3663 addit
647 3598 680 3662 in
710 3597 918 3664 definitione:
953 3599 1004 3678 „in
1039 3599 1231 3680 quaestione
1264 3597 1381 3661 civili‘.

161 3701 379 3784 Hermagoras
395 3700 537 3784 quodam
563 3702 659 3765 modo
676 3701 861 3768 Stoicorum
884 3701 1051 3767 doctrinae
1075 3701 1268 3778 adsentitur,
1292 3699 1380 3784 quod

161 3802 288 3892 λογικήν
311 3801 494 3893 ἐπιστήμην
517 3805 634 3869 statuit
657 3806 792 3887 eiusque
816 3810 944 3888 partem
968 3797 1077 3888 (εἶδος)
1099 3803 1308 3870 rhetoricam.
1321 3805 1347 3888 6)

246 3906 295 3972 De
319 3906 544 3973 additamento
567 3907 625 3973 illo
649 3909 700 3990 „in
724 3911 916 3993 quaestione
939 3907 1054 3988 civili“,
1078 3907 1138 3974 hoo
1161 3912 1212 3972 est
1234 3903 1380 3972 ἐνπολι-

229 4131 347 4200 1)1)ἰος.
366 4132 397 4186 L.
416 4130 469 4187 Vll
486 4131 528 4185 41.

228 4221 249 4284 ¹)
269 4217 361 4287 Sopat.
381 4217 405 4273 V
423 4233 450 4286 p.
469 4219 503 4272 15
520 4217 563 4272 W.

230 4307 251 4376 ⁸)
270 4305 375 4374 Prolag.
394 4305 447 4361 Vll
464 4319 491 4373 p.
508 4305 526 4359 8
545 4305 587 4359 W.
651 4309 678 4326 ’·

228 4393 250 4459 ⁴)
268 4391 301 4446 el.
319 4391 428 4458 Prantl,
447 4390 608 4445 Geaehlchte
626 4389 674 4444 der
691 4389 780 4460 Loglk
798 4389 810 4444 1
828 4405 855 4458 p.
873 4391 932 4444 413.
1062 4391 1065 4398 '

227 4481 249 4544 ⁵)
268 4479 301 4532 el.
322 4477 511 4532 Mnesarchum
531 4494 572 4547 ap.
592 4477 646 4532 Cic.
665 4475 699 4532 ds
717 4494 756 4532 or.
776 4477 847 4531 183.

228 4567 249 4632 ⁸)
267 4563 350 4619 schol.
370 4564 404 4619 ad
423 4567 489 4618 stat.
508 4563 546 4617 lV
564 4579 590 4632 p.
609 4565 643 4618 63
662 4564 703 4617 W.
742 4563 891 4618 Secundum
910 4563 1014 4617 Stoicos
1033 4559 1185 4628 ἐπιστήμην
1206 4558 1267 4614 finit
1290 4557 1379 4614 rheto-

160 4651 245 4706 ricam
265 4651 443 4720 Apollodorus
461 4651 644 4718 Pergamenus
663 4650 736 4720 apud
755 4651 838 4704 Aaou.
859 4649 871 4702 l
890 4665 914 4718 p.
934 4649 994 4716 431,
1012 4649 1046 4702 25
1065 4649 1113 4718 Sp.

525 4753 528 4758 ¹
1134 4734 1152 4788 2
