3634 5240
856 359 1029 450 El*

321 603 422 668 pauca
446 583 600 665 quaedam
620 581 773 646 enuntiati
795 581 880 644 illius
897 581 1001 656 rerba,
1024 581 1174 644 nimirum
1196 573 1309 666 ὥσπερ
1327 575 1436 664 νέφος,
1459 595 1539 659 quae

322 691 378 751 aut
400 687 468 769 ipsa
490 689 561 769 post
579 682 618 748 τό
638 705 675 747 re
696 684 923 748 interciderunt
944 684 988 763 (id
1009 683 1092 766 quod
1114 683 1293 767 suspicatus
1316 685 1365 747 est
1378 679 1540 762 Pearcius)

320 793 375 854 aut
391 789 547 872 significat
566 791 675 852 aerant
690 787 791 851 verbis
810 777 848 850 τό
870 783 971 864 τέλος,
995 805 1075 869 quae
1097 787 1243 868 equidem
1265 785 1447 850 dubitanter
1468 802 1542 866 sup-

320 894 490 976 plereram.

408 995 541 1060 Constat
562 995 659 1074 igitur
683 993 776 1057 rerba
799 986 872 1056 ὅλον
897 1013 934 1056 τε
961 984 1103 1076 peip-ad
1124 1015 1159 1056 τε
1180 991 1239 1075 ipsi
1262 990 1542 1070 Pseudo-Longino

323 1099 488 1164 tribuenda
513 1116 591 1162 esse.
644 1097 692 1160 nd
717 1115 796 1178 quae
819 1096 1032 1178 intellegenda
1056 1096 1135 1160 duae
1160 1096 1257 1170 solae,
1291 1092 1417 1174 siquid
1444 1092 1542 1168 video,

324 1205 448 1266 restant
475 1201 551 1264 viae.
596 1199 737 1278 Quarum
759 1200 841 1282 prior
862 1200 940 1264 haec
963 1201 1025 1263 est:

409 1306 440 1386 1)
466 1302 615 1368 idoneam
648 1323 684 1366 er
712 1303 815 1366 verbis
841 1302 902 1366 illis
934 1302 1123 1366 senteutiam
1148 1301 1253 1365 nescio
1282 1319 1323 1364 au
1352 1299 1452 1364 futuri
1479 1299 1544 1362 siut

325 1409 377 1490 qui
409 1409 454 1472 ita
485 1407 554 1471 elici
586 1426 677 1489 posse
710 1409 850 1488 sperent,
885 1410 921 1469 ut
943 1408 1088 1469 accurate
1111 1407 1308 1487 reputemus,
1336 1421 1400 1486 qus
1422 1402 1545 1485 potissi·

323 1529 412 1576 mum
444 1529 476 1574 re
507 1513 679 1574 metrorum
713 1509 875 1572 schemata
907 1511 991 1572 inter
1013 1527 1047 1572 se
1070 1506 1224 1583 differant,
1259 1506 1288 1570 si
1310 1525 1384 1570 cum
1405 1505 1545 1570 Pseudo·

325 1613 466 1695 Longino
489 1612 654 1676 verbomm
678 1605 790 1689 ὥοπες
811 1609 905 1697 νέφος
928 1611 1017 1676 sedes
1040 1611 1228 1674 immutetur
1250 1611 1345 1691 atque
1367 1605 1544 1672 itadcaro-

323 1710 410 1780 λοκοί
438 1715 483 1778 illi
514 1709 637 1796 ῥνθμοί
659 1713 901 1779 confundantur.
945 1714 978 1778 Is
1000 1714 1096 1794 igitur
1117 1714 1213 1777 verba
1235 1713 1281 1776 ita
1300 1711 1486 1794 transponit,
1508 1713 1546 1774 ut

324 1837 359 1881 ex
388 1817 489 1881 verbis
511 1819 608 1880 τοῦτο
633 1807 673 1880 ’τὸ
701 1812 859 1902 ψήφισμα
885 1807 941 1880 τὸν
967 1812 1041 1879 τότε
1067 1817 1107 1901 τῇ
1133 1812 1229 1880 πόλει
1252 1809 1454 1901 περιστάντα
1476 1808 1544 1877 κέν-

327 2003 418 2070 δινον
432 2003 611 2091 παρελθεῖν
626 1999 781 2090 ἐποίησεν
796 1997 909 2088 ὥσπερ
922 2000 1015 2090 νέφος
1032 2005 1149 2068 oriatur
1160 2005 1211 2068 hic
1222 2005 1444 2069 vocabulomm
1455 2003 1545 2069 ordo:

326 2179 421 2240 τοῦτο
443 2167 481 2240 τὸ
506 2173 672 2262 ψήφισμα,
697 2170 808 2260 ὥσπερ
831 2171 935 2261 νέφος,
963 2169 1099 2262 ἐποίησε
1120 2171 1177 2238 τὸν
1198 2171 1273 2240 τότε
1294 2169 1437 2239 κίνδυνον
1463 2198 1547 2261 πορ-

327 2347 437 2412 efflatu

416 2535 521 2601 Possit
543 2535 639 2616 igitur
662 2536 800 2600 conicere
823 2535 979 2618 quispiam
1001 2535 1123 2620 laesum
1146 2535 1209 2598 dici
1232 2535 1416 2617 rhythmum
1441 2534 1548 2618 dacty-

328 2641 436 2716 licum,
459 2639 485 2703 si
507 2639 613 2720 plures
635 2639 756 2703 duabus
772 2640 881 2703 breves
898 2639 1038 2720 syllabae
1061 2657 1129 2702 sose
1154 2638 1319 2721 excipiant,
1344 2639 1402 2714 vel,
1425 2640 1463 2702 ut
1478 2638 1547 2702 aliis

330 2742 431 2806 verbis
455 2743 590 2819 utamur,
613 2742 690 2804 nibil
712 2741 813 2822 magis
837 2760 910 2804 oum
933 2741 1086 2824 dactylico
1117 2741 1266 2823 rhythmo
1288 2760 1428 2824 pugnare
1453 2759 1548 2823 quam

329 2845 469 2909 brevium
504 2845 771 2909 continuationem
805 2847 846 2923 (v.
878 2864 974 2928 supra
999 2864 1028 2927 p.
1051 2844 1115 2923 68).
1165 2842 1276 2926 ltaque
1304 2844 1427 2908 etiamsi
1453 2862 1550 2907 enun-

331 2948 443 3012 tiatum
459 2947 682 3012 Demosthenis
698 2967 717 3010 a
732 2966 823 3010 versu
840 2947 1021 3012 hexametro
1036 2947 1188 3030 dactylico
1206 2947 1300 3028 louge
1310 2948 1420 3024 distet,
1441 2948 1548 3010 tamen

331 3050 493 3132 dactylicis
519 3051 676 3132 rhythmis
704 3049 782 3113 illud
811 3051 1017 3134 compositum
1045 3070 1113 3114 esse
1142 3049 1419 3131 Pseudo-Longino
1442 3049 1549 3126 videri,

331 3153 412 3234 quod
436 3154 466 3215 in
492 3155 623 3234 utroque
647 3153 757 3216 breves
786 3153 951 3216 evitentur.
995 3153 1113 3232 Quodsi
1140 3153 1213 3235 quid
1242 3153 1305 3217 tale
1328 3152 1548 3217 Pseudo-Lou-

331 3256 423 3334 ginus
455 3255 595 3319 obscuris
630 3255 691 3319 illis
723 3255 824 3320 verbis
859 3251 916 3319 ἐπὶ
947 3259 1010 3319 τῶν
1039 3254 1238 3320 dunestanus
1263 3248 1389 3341 εἴρηται
1412 3257 1550 3342 ῥυθμῶν

332 3359 507 3438 siguificare
542 3358 648 3434 voluit,
683 3363 738 3422 aut
769 3359 847 3423 vidit
877 3362 932 3422 aut
963 3358 1111 3423 divinavit
1132 3359 1223 3434 idem,
1260 3359 1343 3440 quod
1365 3360 1424 3423 hac
1447 3359 1549 3423 astate
1655 3391 1660 3408 ·

332 3461 506 3526 blidericus
533 3461 625 3526 Blass
649 3465 793 3526 accurate
819 3462 1017 3544 perlustratis
1043 3461 1265 3526 Demosthenis
1289 3461 1478 3527 orationibus
1501 3479 1551 3524 co-

335 3563 452 3644 gnovit,
476 3566 630 3628 oratorem
654 3584 814 3628 summum
832 3565 1047 3629 evitandsmm
1071 3565 1210 3630 brevium
1233 3565 1426 3649 syllabarum
1447 3565 1550 3645 legem

333 3667 392 3730 sibi
414 3667 599 3749 imposuisse
630 3671 661 3731 et
684 3668 785 3748 quoad
815 3669 881 3732 eius
904 3668 971 3732 fieri
991 3671 1099 3752 posset
1121 3669 1311 3733 observasse.
1355 3669 1458 3748 Atque
1482 3667 1549 3748 ipsa

334 3770 631 3851 Pseudo-Longinus
655 3772 748 3853 paulo
770 3772 842 3854 post
862 3771 965 3835 locum
989 3773 1026 3836 de
1050 3789 1112 3853 quo
1135 3772 1257 3853 agimus
1286 3773 1367 3854 (cap.
1391 3770 1447 3849 41)
1476 3788 1550 3852 pyr-

334 3873 489 3938 rhichium
513 3877 544 3936 et
566 3873 747 3937 trochaeum
771 3877 804 3952 (u
820 3921 835 3940 ο
852 3877 882 3952 υ)
913 3875 946 3936 in
969 3874 1097 3940 sublimi
1119 3874 1340 3958 compositione
1365 3875 1551 3955 aspernatur

334 3980 371 4042 ut
392 3977 664 4062 μικροννοισῐνοος
687 3979 725 4057 (ν.
751 3995 845 4059 supra
866 3997 896 4059 p.
921 3977 984 4057 57).

420 4082 567 4144 Attamen
602 4080 744 4162 displicet
776 4083 843 4144 tots
877 4080 955 4143 baec
988 4080 1214 4163 interpretandi
1248 4079 1305 4157 via,
1340 4079 1491 4161 quoniam
1520 4081 1553 4144 ct

337 4201 453 4265 paucae.
477 4187 554 4246 sunt
575 4182 646 4246 illae
670 4183 811 4264 syllabae
835 4184 956 4258 breves,
980 4201 1061 4264 quae
1084 4183 1281 4266 transpositis
1308 4183 1411 4247 verbis
1441 4175 1553 4267 ὥσπερ

336 4281 432 4372 νέφος
448 4288 519 4349 autc
537 4281 674 4370 ἐποίησε
690 4287 921 4362 continuantur,
943 4305 1045 4366 neque
1062 4286 1242 4368 explicatur,
1259 4305 1319 4367 quo
1334 4285 1401 4349 iure
1417 4284 1556 4350 Pseudo·

337 4389 496 4470 Longinus
531 4389 642 4452 dixerit
674 4389 871 4472 pessumdari
899 4389 1084 4472 rhythmum
1114 4389 1219 4466 ctiam,
1254 4391 1281 4453 si
1313 4381 1356 4465 ὡς
1382 4383 1479 4474 νέφος
1506 4388 1556 4452 vel
1596 4425 1600 4432 ·

338 4483 483 4575 ὡσπερεὶ
509 4488 606 4576 νέφος
628 4492 659 4554 iu
683 4493 825 4556 clausula
848 4492 1009 4556 scribatur.

424 4597 455 4677 2)
478 4594 587 4658 Altera
619 4595 844 4680 interpretandi
879 4596 927 4660 ria
967 4596 1044 4662 baec
1078 4599 1140 4660 est:
1185 4595 1339 4662 Aristides
1372 4594 1556 4676 Quintiliani
