3568 5238
274 1785 362 1851 Inter
388 1805 440 1852 eos
461 1787 642 1870 scriptores,
671 1788 723 1869 qui
746 1807 818 1852 eum
839 1789 879 1852 ad
900 1789 1040 1852 extrema
1059 1788 1175 1853 liberae
1194 1789 1239 1852 rei
1259 1789 1403 1872 publicae

189 1891 350 1955 Romanae
384 1892 526 1973 tempora
552 1891 767 1972 cognoscenda
793 1893 862 1955 tum
890 1891 928 1956 ad
958 1891 1115 1956 Ciceronis
1146 1890 1302 1956 orationes
1335 1892 1407 1956 illu-

189 1993 333 2057 strandas
356 1991 535 2069 conferunt,
570 2011 761 2075 quamquam
785 1993 967 2070 Sallustius,
1001 1993 1205 2071 Plutarchus,
1233 1995 1406 2078 Appianas,

190 2093 318 2159 Cassius
341 2095 400 2160 Dio
422 2097 629 2160 monumenta
651 2096 741 2160 nobis
763 2097 958 2179 reliquerunt
984 2095 1069 2160 baud
1092 2098 1275 2180 spernenda,
1298 2100 1406 2162 tamen

188 2195 225 2274 Q.
253 2199 403 2262 Asconius
430 2197 587 2262 Pedianus
618 2198 804 2276 Putavinus,
833 2218 927 2281 quem
954 2197 1144 2281 Hieronymo
1177 2201 1302 2264 auctore
1330 2199 1408 2266 Sue·

188 2300 292 2364 tonius
321 2299 361 2384 (p.
386 2301 425 2364 92
448 2301 642 2382 Reifferscb.)
672 2302 864 2384 ‘scriptorem
893 2301 1078 2366 historicum
1102 2302 1230 2366 clarum*
1254 2303 1405 2380 nominat,

189 2403 421 2467 commentariis
445 2403 483 2468 ad
507 2404 664 2470 Ciceronis
687 2404 842 2470 orationes
866 2404 989 2487 seriptis
1012 2405 1185 2488 principem
1204 2405 1294 2470 facile
1315 2425 1406 2471 oecu-

187 2508 241 2587 pst
266 2505 378 2570 locum.
422 2506 527 2589 Longe
551 2507 636 2572 enim
660 2507 801 2572 diversus
824 2507 862 2572 ab
888 2507 957 2570 aliis
981 2508 1182 2591 scriptoribus
1205 2509 1333 2573 minime
1356 2511 1406 2572 est

188 2610 354 2672 contentus
377 2628 445 2688 eos,
475 2610 526 2692 qui
549 2609 581 2673 in
604 2610 767 2694 propatulo
790 2611 944 2686 iacebant,
969 2613 1112 2676 auctores
1135 2629 1291 2676 arcessere
1315 2613 1405 2676 etex

188 2712 225 2774 iis
248 2731 342 2776 suum
357 2712 619 2777 commentarium
634 2713 860 2791 consarcinare,
884 2715 940 2779 sed
955 2714 1121 2799 fontium1)
1137 2715 1187 2780 vel
1202 2715 1404 2780 remotiorum

189 2816 283 2895 atque
313 2815 477 2898 perpaucis
501 2816 695 2897 cognitorum
725 2817 801 2880 adeo
829 2819 878 2880 est
900 2818 1073 2894 studiosus,
1107 2821 1143 2882 ut
1166 2821 1197 2882 et
1220 2820 1291 2882 aeta
1313 2836 1342 2899 p.
1366 2817 1404 2880 R.

188 2921 219 2981 et
253 2919 407 2982 orationes
447 2919 640 2983 obscuriores
687 2918 773 2982 velut
808 2918 955 2995 Cominii,
988 2920 1118 2996 Luccei,
1159 2921 1290 2986 aliorum
1324 2919 1407 2985 euol-

188 3020 266 3082 verit
289 3023 382 3101 atque
406 3021 464 3084 hoc
480 3039 555 3084 usus
572 3020 787 3098 fundamento,
810 3023 847 3084 ut
869 3027 918 3086 eet
942 3023 986 3086 vir
1009 3023 1103 3089 sobrii
1124 3023 1405 3106 circumspectique

186 3120 314 3198 iudicii,
328 3121 443 3187 librum
467 3123 656 3200 condiderit,
691 3125 740 3188 oui
764 3143 843 3206 quae
867 3127 1040 3208 comparari
1063 3127 1186 3210 possint
1211 3145 1272 3190 non
1302 3126 1406 3190 multa

187 3224 341 3289 habemus
380 3228 520 3290 veterum
564 3226 751 3309 scriptorum
789 3245 882 3310 opere
923 3229 963 3292 ad
1004 3229 1166 3293 historiam
1208 3228 1405 3311 pertinentia.

188 3325 314 3405 Quanta
342 3330 449 3392 autem
472 3329 575 3406 iniis,
599 3347 677 3410 quae
694 3329 852 3394 Ciceronis
875 3331 977 3396 verbis
1005 3333 1109 3397 lucem
1132 3331 1240 3396 afferre
1263 3334 1401 3412 possent,

188 3430 373 3512 indagandis
401 3434 433 3494 et
459 3431 640 3513 colligendis
675 3451 751 3496 usus
786 3433 827 3496 sit
860 3433 1038 3515 diligentia,
1073 3435 1136 3498 iam
1166 3435 1239 3498 inde
1267 3435 1405 3516 apparet,

189 3533 269 3614 quod
298 3534 421 3616 saepius
449 3535 486 3600 de
513 3535 606 3599 rebus
634 3554 652 3598 a
680 3535 827 3600 Cicerone
855 3537 1039 3618 significatis
1073 3557 1106 3602 se
1134 3536 1251 3600 frustra
1285 3536 1406 3617 quaesi-

188 3636 269 3700 visse
292 3655 393 3719 neque
417 3637 585 3719 quicquam
608 3637 732 3720 uspiam
753 3638 909 3704 invenisse
933 3641 1050 3705 fatetur
1058 3645 1084 3722 ²)
1105 3643 1199 3721 atque
1216 3637 1405 3702 differentias

188 3739 269 3802 inter
303 3740 403 3803 varias
435 3739 593 3805 Ciceronis
626 3741 822 3805 narrationes
854 3743 1084 3808 intercedentes
1123 3742 1241 3823 detegit
1276 3741 1320 3824 (p.
1355 3741 1405 3817 61,

189 3843 229 3903 25
256 3846 336 3924 sqq.)
363 3843 413 3907 vel
442 3842 661 3907 abditissimas.
719 3842 808 3907 Idem
841 3865 881 3909 ne
910 3846 1084 3910 levissimas
1117 3843 1243 3927 quidem
1273 3861 1323 3906 res
1352 3846 1407 3907 eut

189 3945 426 4010 obscurissimos
448 3945 591 4010 homines
615 3947 753 4027 neglexit
776 3965 878 4028 neque
898 3967 1000 4032 pauca
1015 3949 1181 4030 congessit,
1205 3965 1337 4029 quorum
1353 3965 1407 4010 no-

259 4205 278 4267 ¹)
298 4201 411 4268 Omnes,
428 4217 498 4271 quoe
520 4201 579 4271 ipse
596 4199 694 4254 laudat
710 4200 800 4256 fontes
812 4201 959 4269 Asconius,
977 4202 1102 4273 congesti
1121 4202 1252 4272 leguntur
1268 4201 1344 4272 apud
1357 4201 1406 4256 Ni·

188 4285 299 4340 colaum
315 4286 439 4358 Madvig,
456 4286 491 4342 de
508 4285 542 4354 Q.
561 4285 673 4340 Asconii
691 4285 805 4340 Pediani
818 4327 824 4340 .
838 4327 844 4341 .
859 4328 885 4341 ..
912 4287 941 4340 in
960 4287 1098 4344 Ciceronis
1115 4288 1251 4342 orationes
1269 4303 1407 4342 commen·

189 4371 265 4426 tariis
282 4371 351 4444 disp.
369 4373 428 4428 orit.
446 4371 592 4440 (Hauniae
609 4371 688 4440 1828)
706 4389 733 4442 p.
752 4373 786 4428 63
804 4388 863 4443 sqq.
881 4379 907 4430 et
924 4373 953 4427 in
967 4373 1079 4428 Asconii
1097 4371 1232 4440 editione,
1258 4389 1342 4442 quam
1360 4389 1407 4426 ou-

189 4465 318 4512 raverunt
334 4459 368 4514 A.
381 4457 522 4529 Kieeeling
539 4463 568 4512 et
585 4457 619 4510 R.
639 4455 748 4511 Schoell
766 4457 850 4528 praei.
868 4476 894 4529 p.
907 4457 968 4512 XII
981 4475 1021 4529 sq.

258 4547 279 4606 ¹)
298 4544 397 4599 Areon.
416 4546 478 4616 pl,
495 4545 592 4610 c-10;
617 4543 643 4610 9,
660 4544 810 4610 24-10,3;
832 4543 1059 4612 42,17.1s;43,
1079 4545 1103 4598 t.
1121 4545 1151 4610 83
1174 4545 1217 4611 47,
1241 4545 1341 4610 14.15;
1364 4545 1407 4612 82,

189 4631 230 4685 17.
260 4629 332 4684 Utor
348 4629 467 4686 editione
484 4630 520 4685 ab
533 4633 568 4684 A.
581 4627 723 4700 Kiessling
745 4635 774 4684 et
795 4629 829 4683 R.
855 4629 965 4684 Schoell
984 4628 1115 4699 (Berolini
1134 4630 1211 4698 1875)
1230 4636 1335 4700 parcen
1358 4629 1406 4684 ubi

189 4715 225 4770 eb
241 4731 274 4769 ee
291 4715 397 4783 recessi,
413 4716 465 4771 hoc
482 4716 581 4772 diserte
599 4715 738 4770 adnotavi.
