3568 5238
798 436 839 498 35

713 523 914 533 -————
947 517 952 526 δ

203 656 343 736 quibus
366 674 450 719 cum
473 657 611 739 populo
632 658 694 740 egi
709 657 794 722 lice-
840 653 1028 740 καλούμενα,
1052 648 1133 723 ὅντα
1155 655 1190 722 ἐκ
1208 663 1266 725 τοῦ
1281 651 1428 746 ἀρχαίου,

202 761 267 830 ret,
296 758 343 822 de
366 759 475 822 caelo
498 763 683 833 servaret;
706 808 793 822 .....
838 757 1065 824 καταλυθέντα
1080 758 1117 824 δέ
1129 758 1242 846 χρόνον
1255 759 1335 840 τινά,
1350 754 1430 827 ἀνι-

203 861 332 924 tertiam
377 861 414 924 de
460 862 640 942 collegiis
683 863 795 928 resti-
839 859 1023 926 νεώσατό·
1055 865 1141 941 τοῖς
1173 886 1213 928 τε
1245 867 1429 950 τιμηταῖς

202 963 356 1027 tuendis
379 965 529 1047 noctsque
554 965 793 1044 instituendIs1),
838 955 1088 1051 ἀπηγόρευσε
1126 957 1209 1051 μήτ’
1256 959 1429 1031 ἀπαλεί-

203 1113 310 1128 ......
354 1066 555 1149 quartano,
602 1085 645 1130 ne
686 1085 793 1147 quom
838 1089 929 1152 φειν
963 1061 1002 1130 ἔκ
1036 1089 1147 1146 τινος
1177 1066 1313 1146 τέλους
1341 1062 1427 1155 μήτ’

202 1187 385 1233 censores
411 1169 446 1232 in
479 1171 612 1233 senatu
635 1169 793 1250 legendo
837 1164 1047 1251 ἀτιμάζειν
1067 1167 1228 1256 μήὀένα,
1255 1169 1373 1257 χωρὶς
1395 1165 1434 1236 εἴ

202 1273 579 1354 praeterirent,neve
597 1273 792 1353 quaigno·
835 1295 897 1350 τις
931 1264 1018 1354 παρ’
1045 1263 1285 1358 ἀμφοτέροις
1312 1269 1429 1360 σφίσι

202 1374 319 1436 minia
357 1373 580 1450 afficerent,
617 1376 691 1438 nisi
730 1374 792 1457 qlui
836 1367 1142 1462 κριθτίςᾶλοίη.
1283 1371 1429 1461 ἐσήνεγκε

203 1476 298 1558 apud
322 1481 618 1541 eosaccusetus
641 1479 678 1541 et
698 1477 792 1540 utri·
834 1474 984 1563 μηδένα
1031 1480 1104 1541 τῶν
1157 1470 1351 1563 ἀρχόντων
1390 1475 1429 1542 έν

202 1597 326 1660 usque
374 1580 549 1642 censoris
598 1579 790 1644 sententis
833 1574 1120 1666 ταῖςνζμὲραις,
1156 1571 1428 1668 έναῖςψηφί-

203 1681 413 1744 damnatus
436 1685 547 1746 esset.
835 1677 993 1745 σασθαί
1014 1705 1052 1745 τι
1078 1679 1147 1747 τὸν
1170 1682 1292 1768 δῆμον
1314 1675 1429 1768 ἀναγ-

833 1778 1052 1871 καῖον1)εἴη,
1071 1778 1175 1866 τὰζὲκ
1191 1787 1259 1849 τοῦ
1271 1778 1429 1872 οὐρανοῦ

832 1883 1047 1969 γιγνόμενα
1070 1891 1326 1973 παρατηρεῖν.

202 1986 326 2067 Quibus
358 1989 396 2051 de
429 1988 552 2070 legibus
584 2007 657 2054 cum
691 2008 849 2070 nusquam
881 1988 955 2052 slibi
983 1990 1177 2054 accuratiora
1208 1991 1325 2054 traditu
1353 1992 1427 2067 sint,

203 2091 352 2172 quoniam
385 2109 489 2172 neque
516 2092 672 2156 Asconius
702 2111 757 2155 ess
785 2111 801 2155 e
828 2091 981 2156 memoria
1007 2095 1073 2155 tam
1101 2092 1268 2174 diligenter
1294 2094 1424 2159 reddere

202 2196 325 2276 poterat
347 2197 380 2256 et
401 2193 433 2255 in
456 2191 542 2256 fonto
565 2194 700 2274 quodam
723 2194 872 2258 historico
887 2194 1081 2257 mentionem
1097 2213 1206 2258 eurum
1222 2194 1340 2259 Iactum
1357 2215 1425 2262 esse

201 2295 363 2379 probabile
387 2297 445 2369 est,
471 2295 555 2358 bunc
578 2299 610 2360 et
625 2296 758 2362 Dionem
781 2296 921 2360 indidem
944 2315 1001 2360 sua
1015 2299 1176 2360 mutuatos
1192 2315 1261 2362 esse
1284 2303 1426 2364 statuen-

203 2399 278 2462 dum
302 2401 367 2471 est;
395 2399 449 2479 qui
473 2401 580 2462 autem
602 2400 778 2462 communis
800 2398 853 2463 ille
876 2399 947 2463 fons
970 2399 1074 2471 luerit,
1097 2401 1160 2464 iam
1183 2401 1427 2466 exumInandum

201 2503 266 2574 est,
306 2517 500 2581 quamquam
528 2499 587 2564 hoc
614 2501 653 2564 de
686 2501 795 2565 Dionis
831 2501 902 2565 libri
928 2501 1095 2566 XXXVIII
1133 2503 1287 2586 capitibus
1322 2504 1426 2567 1-30

201 2603 268 2668 fieri
289 2621 381 2686 posse
405 2603 605 2667 Grassbofius
630 2604 663 2680 (l.
687 2624 712 2668 c.
736 2625 767 2688 p.
793 2606 845 2683 18)
868 2608 972 2688 neget.

284 2706 396 2787 Itaque
424 2724 497 2769 cum
524 2725 625 2787 neque
654 2707 691 2771 de
716 2707 858 2772 Sallustii
884 2707 1023 2771 historiis
1044 2712 1171 2791 propter
1193 2713 1332 2791 tempus,
1364 2728 1426 2790 quo

201 2809 287 2889 leges
302 2808 375 2871 illae
391 2808 474 2871 lutae
491 2810 575 2882 sunt,
597 2828 699 2891 neque
716 2811 754 2874 de
769 2810 954 2884 Fenestella,
975 2810 1089 2894 quippe
1106 2811 1195 2874 ouius
1211 2829 1250 2874 ne
1265 2811 1426 2876 leuissima

202 2910 329 2991 quidem
357 2911 441 2992 epud
469 2911 602 2975 Dionem
632 2913 696 2976 sint
722 2913 901 2995 vestigius,
934 2913 1064 2994 cogitari
1092 2915 1203 2996 possit,
1235 2915 1292 2976 aut
1318 2913 1425 2978 Liuius

202 3015 258 3074 aut
285 3012 354 3095 ipss
381 3014 470 3076 ‘acta’
498 3014 530 3077 in
559 3033 690 3078 censum
718 3015 856 3079 veniunt.
900 3012 1019 3093 Quodsi
1047 3033 1098 3078 eos
1126 3016 1222 3079 libros
1243 3017 1425 3099 respexeris

201 3114 233 3176 iu
251 3113 365 3195 quibus
381 3114 442 3178 Dio
458 3134 491 3179 se
508 3117 597 3180 ‘uota'
614 3117 1005 3200 111111111111110111111111),
1024 3117 1056 3180 in
1072 3119 1280 3200 posteriorum
1297 3118 1425 3182 demum

201 3219 380 3299 temporum
424 3217 553 3282 historia
591 3219 749 3284 nouanda
786 3219 969 3301 sumptorum
1009 3219 1063 3283 illo
1102 3219 1187 3284 fonte
1224 3237 1317 3284 usum
1355 3239 1425 3285 esse

201 3323 304 3402 patet;
338 3321 441 3384 maius
468 3320 546 3384 illud
574 3323 637 3397 est,
680 3321 763 3403 quod
800 3325 867 3386 tuta
893 3321 1003 3386 Dionis
1032 3323 1167 3385 narratio
1196 3341 1215 3386 a
1241 3321 1343 3386 sobrio
1377 3342 1426 3388 re-

201 3423 321 3487 ferendi
343 3443 468 3504 genere,
499 3425 591 3505 quale
614 3424 646 3487 in
669 3424 767 3488 ‘actis'
791 3423 861 3500 fuit,
896 3425 972 3489 adeo
995 3425 1098 3488 altena
1120 3425 1179 3500 est,
1202 3428 1238 3487 ut
1260 3424 1299 3487 ad
1330 3425 1425 3508 scrip-

201 3527 301 3590 torem
326 3527 463 3607 aliquem
485 3527 659 3590 revocanda
681 3527 731 3590 sit.
768 3527 846 3590 Livii
862 3531 969 3591 autem
984 3527 1184 3610 potissimum
1201 3527 1423 3592 auctoritatem

272 3731 291 3792 1)
310 3727 377 3783 Huc
398 3728 469 3783 adde
491 3727 643 3784 Aesonium
662 3731 700 3800 (p.
722 3731 747 3796 8,
773 3729 887 3799 20-22)
911 3729 1089 3784 scribentem:
1113 3728 1155 3783 ⁴1.
1178 3729 1251 3783 Iulio
1269 3728 1300 3784 C.
1318 3728 1425 3784 Marcio

201 3811 363 3868 consulIbus
381 3853 466 3870 .....
484 3823 598 3870 senatus
616 3815 743 3870 consulto
760 3813 877 3885 collegia
893 3813 1007 3870 sublata
1023 3820 1102 3882 sunt,
1126 3831 1198 3885 quae
1215 3813 1347 3868 adversm
1365 3830 1423 3870 rem

201 3897 343 3969 publicem
367 3899 534 3955 videbantur
556 3901 624 3955 esse’
648 3906 676 3955 et
702 3904 741 3972 (p.
759 3901 792 3966 6,
814 3901 856 3955 25.
874 3901 933 3968 diii:
956 3899 1034 3954 ‘Post
1052 3899 1096 3954 VI
1114 3899 1214 3953 deinde
1231 3915 1319 3952 annos
1338 3915 1423 3969 quam

201 3983 313 4038 sublate
330 3992 410 4040 erant
428 3986 458 4040 P.
478 3985 593 4041 Clodius
611 3991 644 4040 tr.
664 3985 701 4057 pl.
720 3985 780 4056 lege
798 3985 856 4039 lata
873 3985 994 4040 restituit
1012 3985 1144 4056 collegis’.

272 4073 293 4136 ³)
313 4069 470 4125 Scholiasta
488 4071 632 4126 Bobiensis
649 4071 723 4126 hanc
739 4071 828 4141 legem
848 4087 874 4140 p.
893 4071 953 4136 300,
970 4071 1073 4125 26-28
1090 4069 1237 4141 ngnificst

270 4159 290 4221 3)
310 4155 409 4210 Dionis
426 4157 580 4228 ἀναγκαῖον
593 4157 633 4223 εἴη
652 4157 764 4211 Asconii
782 4155 843 4210 voci
859 4155 970 4210 ‘liceret’
982 4171 1038 4209 non
1050 4171 1212 4226 repugnare,
1229 4153 1277 4209 sed
1289 4171 1324 4210 ex
1335 4171 1424 4210 errore

201 4248 251 4296 aut
272 4241 445 4313 neglegentia
466 4242 605 4313 scriptoris
629 4243 781 4314 profectum
800 4257 859 4295 esse
876 4247 1002 4312 apparet:
1025 4241 1060 4295 rI.
1079 4241 1111 4295 L.
1130 4241 1237 4311 Lange,
1263 4240 1298 4294 de
1315 4240 1424 4311 legibus

201 4327 281 4382 Aelia
298 4335 326 4381 et
344 4327 426 4383 Futis
443 4329 552 4394 (Gissae
571 4330 647 4396 1861)
666 4345 692 4396 p.
713 4329 753 4382 15.

270 4419 292 4482 ⁴)
311 4413 345 4466 cl.
364 4411 398 4466 R.
411 4414 559 4480 Wilmans,
576 4415 611 4468 de
628 4413 751 4468 lontibus
769 4418 797 4467 et
809 4412 975 4467 auctoritate
987 4411 1086 4466 Dionis
1100 4410 1186 4465 Cassii
1199 4410 1330 4476 (Berolini
1343 4411 1421 4480 1835)

201 4515 228 4568 p.
245 4499 281 4554 25
297 4515 338 4569 sq.

270 4589 291 4650 5)
309 4585 344 4638 cf.
362 4585 480 4639 Dionem
499 4583 615 4639 XLVII
634 4586 677 4651 11,
694 4585 725 4649 33
744 4581 876 4638 XLVIII
894 4584 938 4650 44,
955 4583 985 4648 4;
1008 4581 1093 4636 LVII
1113 4581 1155 4648 12,
1172 4581 1202 4646 23
1220 4582 1264 4648 21,
1281 4583 1308 4646 5;
1326 4583 1369 4648 23,
1387 4582 1422 4646 2;

201 4669 254 4724 LX
272 4672 315 4737 33,
333 4672 363 4736 1;
380 4670 496 4724 LXVII
514 4671 556 4735 11,
574 4670 650 4724 1-3.

1171 4755 1188 4808 3
1198 4753 1212 4783 ⁸
