3546 5236
413 596 641 680 columnarum,
664 597 696 662 in
721 596 837 680 quibus
859 603 936 681 post
958 596 1089 664 ultimos
1112 598 1262 683 Hecyrae
1286 598 1505 665 Terentianae
1529 619 1640 665 versos

412 707 624 715 --—--——-

499 758 545 813 Vl.
579 757 625 813 Iol.
651 759 700 812 10¹
723 757 807 811 med:
833 759 949 812 FINIT
974 760 1160 813 EPISTOLA
1187 760 1380 814 SENECAE:
1408 761 1557 814 GLOSSE
1583 761 1642 813 DI}

410 848 868 914 1N1010HUIUSLJBR1.,in0.:
890 850 1016 903 astitisse
1034 852 1087 903 sos
1105 867 1192 918 supra
1211 852 1273 904 uisa
1292 857 1330 904 cst
1352 852 1449 904 mulier
1468 853 1521 904 etc.

500 939 559 992 VII.
584 938 648 992 indo
671 957 689 992 a
711 937 777 991 solio
804 937 853 992 12*
880 942 1034 1006 sequuntur
1061 939 1115 1008 ipsi
1139 939 1248 993 Boethii
1277 939 1339 994 libri
1364 939 1561 1010 philosophiae
1586 958 1641 993 eon·

410 1027 553 1084 solutionis
572 1032 644 1093 (eum
665 1027 794 1094 scholiis).

499 1118 573 1172 VIII.
603 1118 668 1171 Post
695 1116 778 1171 huius
806 1116 894 1185 operis
922 1116 1150 1186 subscriptionem
1176 1117 1206 1170 in
1234 1117 1328 1172 ultimi
1356 1117 1551 1186 quaternionis
1581 1118 1642 1172 lolio

411 1207 510 1262 ultimo
528 1224 605 1261 verso
624 1207 692 1261 haec
710 1205 815 1275 legitur
833 1205 990 1274 inscriptio:

732 1297 839 1348 OPVS·
862 1296 1002 1350 ANICH·
1026 1297 1185 1350 MANLII·
1206 1297 1310 1350 SEVE

731 1385 833 1439 RINI·
856 1387 1001 1439 Bonon-
1024 1387 1186 1439 excons-
1210 1387 1299 1438 ORD-

731 1476 863 1540 ATQUE
897 1477 1053 1529 PATRIC·
1077 1475 1249 1530 ORDITVR

732 1566 787 1618 DE
803 1555 874 1618 SC]
895 1566 1118 1618 TRINITATE.

410 1673 460 1710 nec
485 1658 578 1710 tamen
601 1654 753 1725 perscripta
778 1656 843 1707 sunt
866 1654 927 1722 ipsa
945 1654 1029 1708 verbs
1047 1653 1137 1718 huius,
1157 1654 1205 1722 qui
1223 1653 1402 1723 inscriptione
1422 1653 1472 1707 illa
1491 1653 1642 1718 indicetur,

411 1744 484 1799 libri.
514 1744 577 1798 Alia
596 1746 690 1798 eutem
709 1761 808 1797 manus
827 1743 929 1797 saeculi
949 1744 986 1797 XI
1005 1743 1096 1813 spatio
1114 1761 1201 1798 vacuo
1220 1743 1249 1797 in
1268 1743 1319 1797 hoo
1337 1743 1403 1798 folio
1422 1759 1518 1798 averso
1538 1747 1569 1798 et
1588 1743 1641 1797 lolli

410 1833 568 1903 singularis,
597 1833 671 1902 quod
688 1833 719 1887 in
737 1834 790 1887 linc
809 1832 930 1887 adfixum
949 1837 998 1898 est,
1024 1833 1128 1902 pagina
1151 1837 1227 1888 recta
1251 1851 1301 1888 usa
1319 1833 1505 1902 epistulam
1525 1833 1641 1903 scripsit

410 1923 522 1992 quade
540 1922 662 1977 Maioli
680 1925 786 1977 morte
805 1921 907 1991 egitur.

501 2013 545 2068 IX.
565 2012 690 2080 Denique
704 2013 734 2065 in
748 2011 808 2066 solii
826 2011 902 2064 illins
922 2011 1071 2080 singularis
1089 2011 1194 2081 pagina
1212 2029 1309 2067 aversa
1327 2011 1385 2067 elia
1401 2030 1500 2067 manus
1521 2029 1594 2068 saec
1608 2013 1640 2067 XI

410 2103 462 2158 hoc
484 2102 608 2158 exaravit
632 2119 749 2166 carmen,
778 2101 852 2169 quod
875 2119 908 2155 ex
931 2104 1010 2170 parte
1034 2101 1146 2156 dillicilc
1168 2102 1244 2156 lectu
1263 2105 1305 2156 est
1328 2101 1599 2172 (interpunctionem
1617 2107 1640 2158 et

411 2193 602 2248 adnotationes
622 2192 767 2260 adscripsit
786 2191 1013 2258 Studemundus):

563 2281 692 2352 ‘Ligneus
710 2281 756 2336 hic
774 2281 864 2350 paries
883 2281 960 2336 uario
979 2281 1144 2350 splendescit
1163 2281 1276 2348 amictu,

622 2373 776 2426 Introrsum
796 2384 888 2439 sb,
908 2372 1024 2440 desuper
1042 2374 1101 2426 arte
1120 2388 1215 2425 nouus.

570 2461 656 2516 Mirus
673 2461 814 2531 pler)miro
833 2461 934 2516 mirum
953 2461 1071 2516 miratur
1089 2478 1189 2526 amora,

623 2553 667 2616 Et,
687 2552 761 2620 quod
778 2569 921 2622 perrarum
940 2554 991 2615 est,
1011 2551 1103 2620 querit
1121 2551 1223 2606 habere
1243 2583 1265 2604 υ
1278 2567 1312 2604 ε’..

535 2642 550 2694 5
570 2641 683 2696 Iiracior
702 2645 743 2696 est
762 2643 875 2708 fructus,
895 2659 978 2710 quem
998 2659 1058 2710 spes
1077 2640 1234 2710 productior
1252 2641 1323 2695 edit:

624 2733 703 2786 Ultro
722 2732 891 2786 obiectorum
909 2731 993 2786 uilius
1012 2735 1054 2786 est
1073 2730 1224 2800 pireicium.

572 2823 657 2876 llatto
676 2840 749 2876 nunc
767 2823 865 2876 brutus
884 2821 976 2876 studio
995 2821 1107 2875 florente
1125 2821 1230 2874 solutus

570 2911 687 2966 Mandat
706 2912 837 2966 Hnrdoll'o
856 2911 924 2966 uiua
942 2911 1047 2965 uirtute
1067 2909 1175 2974 referto,

571 3001 628 3066 Qus
647 3001 713 3055 deus
731 3001 761 3055 in
780 3001 837 3057 eelo
856 3000 978 3070 disponit
997 3018 1089 3055 amore
1107 3017 1209 3054 sereno.

520 3091 551 3143 10
570 3091 602 3144 In
622 3090 732 3145 domino
751 3094 825 3146 certe
843 3090 902 3145 sine
920 3091 982 3156 fine,
1002 3089 1089 3144 fidelis
1108 3089 1204 3155 amice,

571 3181 683 3236 Pectore
702 3181 847 3249 e(ou)letor
865 3183 893 3236 tc
912 3181 969 3235 leto
987 3179 1066 3234 corde
1084 3179 1208 3244 ualente;

570 3270 613 3324 Sit
631 3271 697 3325 licet
715 3271 767 3325 hoc
785 3270 931 3324 minimum
951 3273 978 3324 te
998 3269 1083 3324 talem
1102 3268 1174 3323 talis
1191 3267 1268 3334 scire,

570 3359 608 3413 At
627 3360 690 3414 fidei
709 3377 772 3415 nere
791 3361 921 3415 debemus
940 3360 1011 3414 dona
1030 3359 1130 3414 fouere.

572 3449 644 3504 Uitis
663 3469 745 3505 ouare
763 3450 841 3516 solet,
861 3450 884 3503 si
903 3450 997 3504 botrus
1016 3448 1133 3519 palmite
1152 3448 1263 3518 gaudet.

521 3541 550 3592 15
571 3539 687 3594 Obsecro
706 3544 734 3594 te
752 3541 838 3595 talem
856 3557 905 3610 per
923 3539 984 3609 puri
1004 3538 1091 3594 cordis
1111 3556 1241 3603 umorem,

571 3629 665 3683 Gratis
683 3629 802 3698 accipies
820 3630 938 3692 tabulas,
957 3647 1026 3697 quas
1044 3628 1135 3694 mitto,
1155 3627 1264 3697 politos.

572 3719 634 3773 Non
653 3721 718 3773 sunt
737 3719 897 3788 condignae,
916 3719 985 3788 proh
1004 3719 1087 3784 dolor,
1107 3717 1305 3784 transmittere,
1325 3718 1431 3774 domne.

572 3808 625 3864 Sed
644 3809 711 3877 qula
729 3809 850 3878 promisi,
870 3808 964 3863 studui
983 3809 1117 3878 deponere
1135 3807 1197 3873 tibi,

571 3899 614 3952 Ne
633 3900 698 3952 liam
716 3899 811 3963 fallax,
831 3899 885 3953 elio
904 3899 1037 3967 estquod
1056 3897 1167 3953 nornine
1185 3897 1311 3962 mandax,

519 3986 554 4042 20
572 3988 609 4041 ut
626 4006 677 4042 nec
695 3988 747 4042 sirn
765 4006 867 4054 seruus,
887 4005 936 4042 eeu
955 3988 1064 4050 dicitur,
1083 3985 1262 4056 officiperdus.

571 4077 601 4131 Si
619 4077 722 4133 fuerint
740 4081 828 4148 grets,
848 4078 974 4147 gaudebo
992 4082 1085 4132 monte
1104 4077 1223 4132 ualente.

572 4169 624 4223 Hic
643 4168 696 4222 tibi
715 4169 792 4222 febor
810 4169 884 4223 enim
904 4168 994 4222 uerbis
1013 4173 1041 4223 et
1059 4185 1126 4222 uoce
1144 4167 1267 4222 Catonis:

572 4258 711 4328 Exiguum
729 4276 829 4312 munus
847 4275 910 4312 cum
929 4258 978 4312 dat
996 4258 1049 4312 tibi
1068 4275 1173 4327 pauper
1191 4257 1303 4322 amicus,

572 4348 697 4417 Accipito
715 4348 832 4418 placide,
850 4349 931 4418 plene
949 4347 1063 4403 laudere
1081 4351 1227 4402 memento.

519 4438 552 4492 25
572 4438 667 4508 PergIt
686 4439 715 4493 in
734 4439 849 4493 exilium
868 4438 1053 4508 pulcherrima
1071 4455 1183 4507 gemma
1200 4437 1355 4507 parentum,

624 4529 737 4583 Flebilis
755 4529 809 4584 heu
827 4533 928 4583 mestos
947 4546 1029 4598 cogor
1046 4527 1117 4582 inire
1135 4527 1237 4582 modos.

570 4618 648 4684 Vive,
668 4618 744 4684 ualc;
768 4619 856 4685 uiuus,
876 4618 982 4684 ualeas;
1006 4617 1134 4682 uiuendo,
1153 4617 1272 4671 uelcndo

625 4707 667 4762 Sis
685 4726 789 4763 memor
807 4726 852 4763 oro
872 4709 935 4774 mei,
953 4726 1014 4762 sum
1033 4707 1108 4776 qnia,
1128 4708 1214 4772 crede,
1234 4706 1284 4762 tui.
