3480 5230
960 397 998 468 ld

871 479 1082 498 h—-n———n-n

367 623 442 692 nius
463 625 498 692 in
519 619 638 708 legalis
661 621 788 706 generis
809 623 970 707 partibus.
1008 621 1095 689 Illud
1119 623 1238 708 ‚nuid“
1261 617 1488 714 definitionem
1506 617 1597 685 vide·
1696 644 1700 653 ·

368 737 423 795 tur
457 729 628 806 denotare,
662 745 760 810 quam
793 728 893 792 etiam
920 729 1033 794 Cicero
1063 727 1118 811 (de
1145 728 1208 794 inv.
1230 726 1246 790 I
1272 733 1323 804 17)
1342 727 1433 790 inter
1467 723 1596 807 legales
1696 724 1700 733 '

368 833 608 898 controversias
632 830 757 912 recepit
778 835 894 895 contra
916 831 1137 914 Hermagorae
1159 829 1400 896 auctoritatem.
1413 833 1434 910 ¹)
1472 827 1597 892 Verbis
1697 844 1701 857 ·

366 956 483 1020 „quam
507 934 630 999 multa“
664 923 846 1019 ἀμφιβολία
869 934 901 997 ni
926 933 1023 999 fallor
1057 931 1214 999 redditur.
1237 931 1408 998 ‘Incertus
1443 952 1521 995 snm
1557 929 1597 993 de

367 1039 502 1122 reliquis
525 1037 653 1102 duabus
669 1035 827 1119 partibus.
861 1036 969 1102 Verba
990 1057 1050 1119 „an
1068 1035 1249 1120 significat“
1264 1035 1314 1100 ita
1333 1035 1474 1100 fortasse
1491 1036 1598 1098 inter·

366 1141 528 1226 pretende
550 1145 641 1208 sunt:
669 1159 711 1204 an
733 1139 864 1203 omnino
887 1139 1084 1205 vocabulum
1104 1135 1301 1227 σημαντικόν
1323 1140 1381 1220 sit3
1403 1146 1482 1203 sunt
1508 1138 1597 1202 enim

367 1244 546 1310 secundum
569 1244 695 1309 Stoicos
717 1241 817 1306 etiam
840 1240 942 1323 λέξεις
964 1236 1124 1331 ἅσημοι.’)

454 1348 593 1412 Nomina
616 1346 673 1410 illa
694 1341 784 1433 φιαή
811 1351 844 1411 et
866 1352 1012 1434 πρᾶγμα,
1040 1347 1067 1411 si
1090 1345 1186 1410 mcdc
1210 1351 1364 1410 accurate
1387 1343 1520 1411 Graeco
1543 1365 1598 1409 vo-

370 1451 491 1517 cabula
512 1450 748 1533 interpretatus
772 1453 824 1512 est
838 1449 1069 1531 Quintilianus,
1080 1449 1266 1514 Stoicorum
1289 1447 1442 1514 redolent
1455 1453 1598 1526 sectam3

369 1555 490 1640 quippe
517 1551 636 1636 quibus
666 1551 747 1617 haec
774 1554 927 1636 opposita
954 1551 1114 1618 vocabula
1140 1551 1263 1616 fuerint
1294 1552 1462 1634 usitata.³)
1513 1536 1598 1616 Item
1698 1604 1703 1613 .

369 1658 459 1741 quod
482 1656 629 1721 definitio
651 1661 787 1718 vocator
813 1647 883 1719 κατ’
908 1651 1038 1732 ἔννοιαν,
1060 1653 1094 1718 id
1119 1654 1301 1720 Stoicorum
1326 1655 1499 1738 proprium
1526 1673 1598 1719 esse

367 1761 455 1825 infra
473 1759 664 1824 videbimus.
716 1757 893 1824 Praeterea
920 1757 1116 1828 Plutarchus
1141 1759 1207 1840 (vit.
1227 1759 1338 1841 Pomp.
1360 1779 1386 1825 c.
1409 1762 1465 1840 42)
1492 1758 1599 1822 refert
1706 1807 1707 1838 ,

370 1863 581 1927 Posidonium
606 1881 717 1927 coram
741 1861 897 1944 Pompeio
928 1868 1045 1926 contra
1075 1861 1310 1944 Hermagoram
1342 1861 1532 1946 disputasse
1556 1861 1596 1927 de
1706 1921 1707 1924 ,

370 1967 563 2048 quaestione
596 1963 772 2030 universali
796 1969 830 2028 et
857 1963 941 2028 hauc
970 1964 1228 2048 disputationem
1256 1963 1377 2029 litteris
1405 1966 1597 2030 mandasse:
1706 1995 1707 1998 ¹

369 2066 587 2146 Ποσειδώνιος
604 2066 640 2132 dd
655 2065 708 2132 καὶ
730 2060 789 2154 τὴν
805 2059 963 2153 ἀκρόασιν
986 2059 1177 2154 ἀνέγραψεν,
1200 2057 1238 2153 ἣν
1256 2061 1347 2149 ἔσχεν
1367 2061 1524 2133 ἕπάἶτοί·
1541 2073 1595 2150 (sc.

370 2168 558 2258 Πομπηίου)
581 2165 666 2257 πρὸς
685 2165 885 2256 Ἑρμαγόραν
909 2163 966 2236 τὸν
993 2168 1112 2257 ῥήτορα
1139 2170 1215 2257 περὶ
1241 2175 1300 2258 τῆς
1325 2164 1405 2236 καθ’
1434 2168 1510 2237 ὅλου
1540 2173 1595 2258 ζρ-
1706 2217 1707 2230 i

369 2271 493 2360 τήσεως
521 2266 779 2356 ἀντιταξάμενος.
823 2272 909 2350 Quid
939 2274 1053 2338 verba:
1087 2267 1171 2362 πρὸς
1197 2268 1401 2360 Ἑρμαγόραν
1427 2276 1495 2340 κτλ.
1531 2277 1594 2340 sihi
1706 2283 1707 2286 ’

369 2375 478 2455 velint,
501 2375 598 2459 paulo
621 2375 707 2440 infra
729 2381 775 2458 (p.
799 2377 853 2458 26)
878 2377 1063 2441 accuratius
1086 2377 1332 2460 explicabimus.

456 2479 492 2542 In
521 2479 668 2562 proximo
698 2479 806 2562 capite
836 2477 934 2542 simul
961 2481 1190 2544 Fortunatieni
1219 2486 1253 2544 et
1281 2480 1418 2564 Sulpicii
1448 2481 1594 2546 Victoris

371 2580 529 2645 librorum
553 2583 639 2646 ratio
662 2581 815 2645 habenda
838 2582 910 2662 erit,
934 2583 1056 2665 quippe
1079 2583 1136 2664 qui
1165 2584 1285 2648 multas
1308 2583 1493 2649 Stoicorum
1519 2585 1594 2650 reli·

372 2685 467 2766 quias
490 2683 585 2749 nobis
608 2685 779 2763 servarint,
803 2689 837 2748 et
849 2685 1068 2769 Hermagorae
1084 2685 1219 2767 'lemnii
1236 2688 1340 2770 quiin
1357 2689 1477 2772 quibus
1494 2690 1594 2755 rebus

371 2788 550 2853 accesserit
579 2788 621 2851 ad
649 2788 791 2869 Stoicos,
824 2788 859 2852 in
887 2789 1008 2872 quibus
1036 2788 1078 2853 ab
1108 2789 1155 2854 eis
1182 2791 1372 2870 recesserit,
1408 2795 1493 2857 scitu
1525 2793 1593 2876 dig-

371 2911 450 2954 num
472 2898 531 2958 est.

443 3117 463 3179 ¹)
482 3115 514 3168 cl.
536 3115 676 3170 Fortunat.
696 3131 721 3184 p.
739 3117 773 3170 a?
792 3116 826 3171 Η.
862 3116 988 3171 Ceterum
1007 3133 1060 3171 non
1079 3121 1153 3171 recte
1172 3115 1207 3171 ad
1229 3117 1420 3174 Fortunatiani
1433 3121 1531 3176 verba:
1551 3127 1594 3186 „et

373 3199 494 3254 delinitio
512 3215 595 3268 qoem
613 3203 698 3255 etiam
715 3201 831 3270 legalem
849 3203 997 3270 accipimus
1015 3204 1162 3257 secundum
1181 3205 1218 3257 M.
1238 3205 1374 3260 Tullium“
1392 3207 1512 3262 adnotat
1530 3209 1593 3261 Hal
1705 3195 1706 3218 ¹

373 3286 455 3342 mius:
480 3289 576 3351 „Auct
595 3288 629 3340 ed
649 3287 766 3342 Herenn.
786 3289 798 3342 Ι
816 3305 838 3343 c.
861 3293 889 3342 ll
909 3293 966 3356 sq.“
995 3289 1057 3342 Etsi
1075 3289 1232 3345 Cornificius
1252 3291 1435 3346 definitionem
1454 3293 1593 3361 legitimae

374 3363 574 3431 constitutionis
603 3381 710 3442 partem
737 3376 845 3441 statuit,
873 3381 966 3428 tamen
993 3374 1044 3428 hoc
1070 3375 1129 3429 loco
1156 3377 1272 3445 primum
1299 3394 1358 3434 eam
1385 3389 1591 3442 commemorem

374 3457 470 3512 Cicero
487 3473 549 3512 vero
568 3460 712 3513 secundnm
732 3461 928 3528 Hermagoran
947 3478 1000 3514 non
1020 3462 1107 3514 minus
1126 3477 1207 3530 quam
1228 3463 1441 3518 Fortunatianns
1459 3466 1592 3522 defiuitio-

375 3559 436 3596 nem
455 3544 507 3597 iam
528 3545 687 3599 rationalem
701 3551 802 3601 statum
821 3547 926 3601 lecerat
944 3553 972 3600 ct
983 3563 1032 3600 suo
1050 3548 1108 3600 iure
1127 3548 1193 3602 dicit
1207 3549 1436 3604 Fortunatianus:
1455 3551 1592 3615 „definitio

375 3642 456 3695 quam
483 3629 585 3684 etiam
612 3631 726 3699 legalem
754 3633 926 3700 accipimus.“
971 3632 1117 3688 Praeterea
1145 3633 1200 3688 lere
1229 3651 1361 3703 nusquam
1381 3637 1591 3693 Forttrnatianus

375 3714 547 3768 Cornificium
566 3719 610 3771 est
627 3723 742 3784 secutus,
761 3719 916 3773 Ciceronem
935 3734 1019 3786 saepe
1037 3719 1072 3773 cd
1091 3721 1201 3774 verbum
1220 3721 1372 3790 exscripsit.

443 3803 467 3868 ²)
487 3801 565 3870 Diog.
585 3801 614 3855 L.
634 3803 685 3856 Vll
704 3805 746 3857 57.

445 3891 466 3956 ⁸)
486 3888 563 3956 Diog.
584 3889 613 3943 L.
631 3889 682 3944 Vll
700 3891 745 3944 43:
763 3890 798 3943 cd
818 3891 894 3961 παριὶ
912 3892 964 3960 τὴν
981 3891 1096 3963 φωνὴν
1114 3897 1159 3945 καὶ
1178 3895 1360 3968 πράγματα
1380 3905 1549 3970 σοφίσματα.
