3634 5240
851 403 891 464 85

770 486 979 494 *-

354 622 435 701 Quid
457 624 540 686 inest
561 624 594 687 in
617 624 718 690 verbis
742 617 814 687 ὅλον
835 647 871 688 σε
891 620 952 709 γὰρ
975 620 1033 687 ἐπὶ
1059 627 1125 688 τῶν
1148 623 1341 688 ὃσκσελικῶν
1363 617 1485 710 εἴρηται

268 727 426 810 hudperto?
468 726 515 790 Ex
542 726 618 809 ipsis
642 727 725 791 onim
754 728 920 793 verborum
947 726 1172 792 Demosthenis
1194 728 1363 793 schematis
1391 728 1486 811 sylla-

266 830 379 893 barum

266 931 367 1014 primo
401 931 514 996 obtutu
547 935 678 1015 apparet
710 952 820 997 versus
851 933 901 997 vel
933 933 1020 1016 pedis
1055 934 1198 1016 dactylici
1221 952 1279 998 nec
1301 935 1404 998 volam
1426 952 1484 997 nee

269 1035 434 1116 vestigium
456 1037 578 1099 exstare
589 1036 624 1116 ¹),
647 1036 801 1117 siquidem
825 1036 940 1119 dactyli
962 1054 1076 1100 nomen
1096 1054 1132 1100 eo
1149 1057 1210 1118 quo
1227 1036 1319 1117 vulgo
1338 1037 1375 1100 fit
1393 1036 1485 1100 modo

266 1137 468 1219 intellegitur,
489 1137 522 1201 id
545 1139 651 1202 estut
673 1139 788 1221 dactyli
810 1157 926 1202 nomen
950 1139 1007 1202 soli
1029 1138 1103 1202 huic
1125 1139 1317 1221 syllabarum
1334 1138 1482 1202 schemat
1519 1129 1521 1134 ’

267 1241 437 1305 tribuatur:
465 1295 479 1302 -
495 1289 509 1306 υ
526 1289 554 1307 υ.
598 1240 708 1323 Neque
732 1260 803 1305 vero
831 1241 961 1304 dubium
989 1242 1047 1317 est,
1077 1241 1151 1322 quin
1175 1241 1484 1322 Pseudo-Longinus

267 1361 340 1406 cum
373 1343 436 1406 τῶν
473 1341 670 1407 decantanda
704 1344 840 1430 ῥυθμῶν
861 1343 1054 1407 mentionem
1087 1343 1213 1420 laceret,
1244 1345 1337 1408 certis
1369 1343 1484 1408 finibus

267 1445 537 1529 circumscriptam
559 1446 653 1511 huius
675 1445 819 1512 vocabuli
841 1445 1000 1510 notionem
1016 1447 1167 1522 tenuerit;
1192 1465 1267 1510 nam
1284 1447 1317 1510 in
1333 1447 1485 1529 composi-

267 1549 383 1612 tionem
407 1549 572 1614 verborum
596 1549 701 1613 dedita
722 1567 815 1631 opera
839 1567 906 1613 sese
928 1549 1127 1630 inquisivisse
1150 1551 1216 1632 ipse
1242 1551 1377 1613 testatur
1399 1568 1424 1613 c.
1442 1550 1483 1611 39

266 1651 349 1714 init:
373 1643 458 1738 ὑπὲρ
480 1635 517 1734 ἧς
539 1652 598 1732 [sc.
616 1653 675 1736 τῆς
695 1655 761 1716 τῶν
784 1647 888 1736 λόγων
910 1654 1009 1729 ποιᾶς
1026 1654 1226 1734 συνθέσεως]
1245 1648 1278 1715 ἐν
1294 1649 1386 1715 δυσὶν
1401 1644 1484 1714 ἀπο-

265 1749 416 1839 χρώντως
438 1745 684 1832 ἀποδεδωκότες
706 1751 934 1838 συντάγμασιν,
960 1748 1022 1820 ὅσα
1044 1777 1079 1841 γε
1099 1757 1158 1839 τῆς
1180 1749 1325 1839 θεωρίας
1345 1741 1384 1838 ἢν
1408 1747 1483 1838 ἡμῖν

266 1877 392 1943 εφικτα.

351 1959 469 2038 Quodsi
500 1961 570 2042 quis
598 1961 737 2024 conicere
760 1962 875 2024 audeat
897 1963 993 2026 verba
1023 1963 1096 2026 inde
1120 1963 1159 2026 ab
1182 1954 1256 2026 ὅλον
1285 1983 1322 2024 τε
1345 1952 1406 2046 γὰρ
1430 1980 1481 2025 us·

268 2083 327 2147 que
351 2063 390 2128 ad
412 2058 508 2128 τότε
532 2083 550 2128 a
573 2065 670 2129 stulto
688 2065 793 2128 nescio
816 2084 878 2147 qno
901 2083 938 2129 ao
960 2066 1004 2129 rei
1026 2067 1174 2130 metricae
1191 2066 1299 2148 ignaro
1315 2065 1480 2148 interpola

267 2170 333 2231 tore
355 2167 477 2231 adiecta
492 2186 560 2232 esse
584 2170 640 2232 aut
653 2167 849 2232 librariorum
872 2187 973 2233 errore
997 2187 1033 2232 ex
1056 2169 1116 2233 alio
1130 2167 1402 2251 Pseudo-Longini
1416 2169 1484 2230 loeo

267 2271 299 2333 in
315 2288 387 2334 eum
403 2269 441 2334 de
458 2289 519 2350 quo
535 2271 638 2352 agitur
653 2289 817 2354 perperam
831 2270 998 2350 inculcata,
1013 2273 1040 2336 is
1056 2272 1191 2354 graviter
1207 2271 1334 2336 fallitur.
1356 2271 1483 2335 Etenim

267 2373 344 2436 illud
367 2373 494 2455 quidem
517 2373 683 2455 quominus
706 2373 826 2438 factum
850 2393 916 2439 esse
939 2376 1112 2453 credamus,
1134 2375 1267 2458 impedit
1286 2375 1482 2458 00010100γο-

269 2471 413 2552 cortada
440 2475 602 2558 elegantia,
633 2477 716 2558 quod
737 2480 861 2561 praeter
881 2479 967 2542 hunc
986 2479 1090 2542 locum
1120 2496 1278 2560 nusquam
1301 2476 1376 2541 alibi
1404 2476 1482 2557 legi·

268 2582 329 2644 tur.
382 2577 491 2660 Neque
522 2578 624 2661 magis
655 2599 692 2644 ex
721 2581 786 2646 ullo
818 2581 877 2645 alio
906 2581 1174 2663 PseudoLongini
1204 2581 1271 2645 loco
1302 2580 1398 2645 verba
1428 2579 1483 2642 illa

266 2681 449 2765 profluxisse
472 2683 667 2765 comprobari
689 2685 801 2768 potest
845 2683 928 2748 Nam
951 2703 1024 2749 cum
1055 2687 1231 2768 opportuna
1258 2684 1295 2747 de
1322 2682 1484 2765 rhythmo-

266 2805 337 2849 mm
358 2785 512 2868 gravitate
535 2786 658 2850 dicendi
681 2787 801 2852 occasio
823 2807 886 2852 non
909 2789 983 2852 data
1006 2788 1048 2851 sit
1075 2787 1135 2851 nisi
1158 2787 1190 2850 in
1214 2805 1251 2850 ea
1273 2785 1370 2850 libelli
1384 2786 1483 2868 parte,

266 2889 297 2951 in
322 2889 444 2970 quade
467 2889 692 2971 compositione
715 2891 880 2956 verborum
904 2892 1017 2972 agitur,
1041 2909 1078 2954 ea
1100 2891 1168 2973 ipsa
1192 2891 1298 2954 autem
1321 2907 1395 2972 pars
1410 2887 1482 2952 inde

266 3010 285 3054 a
306 2991 407 3074 capite
430 2992 471 3054 39
492 2991 618 3054 initium
641 2993 752 3075 capiat
773 2993 868 3057 verba
891 2987 965 3058 aaa
986 3014 1023 3056 τε
1043 2987 1103 3077 γὰρ
1124 2988 1192 3055 κτλ.
1217 2991 1372 3075 capitibus
1395 2992 1483 3054 ante-

265 3093 448 3158 cedentibus
471 3094 567 3158 inseri
583 3113 647 3157 nou
662 3099 805 3178 possunt,
829 3096 902 3161 licet
915 3096 976 3160 loci
992 3095 1119 3177 quidam
1136 3097 1296 3158 oratorum
1311 3113 1330 3157 a
1344 3092 1482 3158 Pseudo-

264 3197 405 3279 Longino
421 3196 453 3260 in
468 3197 529 3260 illis
549 3197 809 3263 antecedentibus
826 3198 981 3282 capitibus
993 3197 1229 3262 commemorati
1242 3197 1343 3261 multo
1354 3195 1482 3279 propius

167 3335 170 3346 .
265 3299 303 3365 ad
319 3300 510 3384 dactylicum
529 3318 623 3383 quem
641 3303 734 3384 vulgo
751 3299 859 3365 dieunt
874 3301 1058 3383 rhythmum
1075 3301 1235 3378 accedant
1250 3317 1347 3382 quam
1366 3299 1481 3362 Demo·

265 3404 384 3468 athenis
407 3404 509 3468 verba
533 3441 572 3451 —
596 3405 727 3471 Gravior
750 3407 857 3470 autem
878 3423 973 3468 causa
994 3394 1153 3488 ἀθέτησιν
1174 3403 1300 3467 illorum
1315 3402 1481 3466 verborum

264 3527 390 3591 prorsus
414 3507 583 3572 dissuadet.
628 3508 712 3573 Nam
735 3508 772 3572 de
796 3507 934 3572 numeris
957 3508 989 3570 in
1012 3507 1067 3570 illa
1081 3507 1303 3571 Demosthenis
1326 3506 1482 3570 sententia

263 3610 436 3674 latentibus
470 3629 542 3675 cum
578 3615 697 3694 ageret,
733 3629 796 3675 non
829 3611 931 3693 potuit
965 3610 1061 3674 solius
1096 3609 1255 3674 clausulae
1284 3609 1480 3674 mentionem

264 3713 365 3778 facere
398 3711 716 3797 Pseudo-Longinus,
756 3712 810 3778 sed
846 3714 958 3796 reliqui
994 3731 1116 3795 quoque
1150 3713 1303 3776 enuntiati
1332 3732 1480 3778 numeros

264 3818 392 3898 tangere
416 3817 531 3882 debuit
575 3818 669 3900 Ergo,
692 3818 718 3882 si
739 3818 835 3883 verba
857 3817 911 3880 illa
934 3819 1099 3898 tamquam
1122 3833 1158 3879 ex
1181 3815 1370 3897 glossemate
1387 3817 1481 3880 enata

263 3918 424 3998 deleveris,
454 3919 572 4002 aliquid
599 3921 801 3986 desideratur.
844 3921 916 3984 Huc
943 3917 1072 3996 accedit,
1100 3918 1184 4000 quod
1207 3919 1292 3982 totus
1316 3918 1481 3982 verborum

263 4040 396 4088 conexus
423 4013 581 4109 ἇθετνζσει
609 4024 665 4089 illa
686 4022 903 4090 labefactatur.
947 4021 1030 4085 Nam
1061 4039 1141 4102 quae
1169 4023 1358 4103 sequuntur:
1388 4015 1481 4085 ἐπεί-

262 4145 351 4210 σοιγε
367 4121 474 4211 ἕντῆς
496 4119 585 4206 ἰδίας
607 4117 698 4190 αὐτὸ
721 4121 828 4212 χώρας
848 4121 1002 4210 μετάθες,
1026 4123 1064 4189 (10
1088 4125 1166 4190 1010
1189 4126 1352 4189 enuntiato
1367 4123 1482 4188 Deme-

264 4229 384 4293 sthenis
405 4228 466 4294 dici
485 4249 549 4296 non
563 4233 697 4314 possunt
717 4249 819 4313 neque
843 4229 1082 4312 intelleguntur,
1104 4228 1166 4292 nisi
1188 4218 1268 4292 αι’ννό
1288 4226 1424 4291 refertur
1440 4225 1479 4290 ad

334 4485 355 4554 ¹)
372 4487 459 4553 Blass,
484 4489 542 4543 Aac
565 4487 676 4542 Bereds.
699 4484 748 4540 III
768 4487 854 4554 1‚117:
877 4523 905 4548 ‚‚.
926 4527 931 4540 .
952 4527 958 4538 .
976 4485 1005 4539 in
1029 4483 1144 4538 welcher
1163 4481 1247 4536 Stella
1266 4480 1306 4548 (id
1325 4485 1367 4536 est
1387 4495 1428 4548 eo,
1446 4481 1479 4536 de

264 4588 316 4642 quo
334 4588 383 4628 nos
401 4573 515 4642 agimus,
541 4572 609 4642 loco)
644 4573 691 4628 der
714 4572 860 4627 Verlaaser
883 4575 946 4644 περὶ
968 4569 1052 4640 t'povs
1072 4568 1218 4624 besonders
1242 4567 1479 4622 ausdrucksvollen

262 4659 316 4714 und
333 4659 520 4730 grossartigen
537 4659 688 4731 Rhytlrmus
706 4659 798 4724 findet,
814 4656 1025 4726 merkvdrdiger
1038 4654 1129 4710 Weiec
1145 4653 1249 4708 freilich
1266 4652 1480 4722 daktylischen“.
