3634 5240
773 382 816 446 63

686 465 897 474 -———-—

166 608 232 670 tur
255 605 288 686 (λ
304 605 486 688 593-600)
511 605 675 690 disputans
697 597 731 667 ai
749 654 756 669 .
773 653 780 668 .
797 654 804 667 .
821 601 941 690 μακραί
964 599 1133 688 συλλαβαί,
1155 605 1259 687 inquit
1281 608 1323 690 (p.
1340 607 1403 670 278

170 710 285 792 Seli),
315 704 507 796 στηριγμούς
527 730 621 786 τινας
640 700 769 787 ἔχουσαι
791 704 846 770 καί
869 702 1107 792 ἐγκαθίσματα,
1130 698 1188 794 τήν
1208 701 1404 773 ἀντιτυπίαν

165 809 234 876 καί
254 802 291 876 τὸ
307 802 389 897 βαρὺ
410 807 464 875 καὶ
483 801 521 874 τὸ
535 806 631 895 μόγις
646 814 702 892 (se.
719 806 918 896 ἐμιμήσαντο
937 812 993 874 τοῦ
1008 804 1132 896 έργου)·
1156 859 1164 874 .
1181 858 1190 874 .
1206 858 1214 875 .
1231 804 1262 876 οῖ
1278 808 1403 897 ῥυθμοί

167 912 216 980 δέ
248 911 281 980 έν
310 911 403 1001 μήκει
430 909 644 1001 θεωρούμενοι
678 909 736 998 τήν
765 907 894 978 έῖιτασιν
921 916 985 978 τῶν
1011 913 1117 996 μελῶν
1151 910 1207 978 καὶ
1233 909 1289 978 τὸν
1316 912 1402 979 διελ-

166 1009 302 1102 κυσμὸν
322 1019 378 1081 τοῖν
400 1010 564 1095 κυλίοντος
585 1012 641 1081 καί
663 1007 721 1101 τήν
741 1020 800 1081 τοῦ
821 1011 942 1104 πέτρου
958 1010 1084 1103 ἔρεισιν.
1119 1017 1240 1082 Deinde
1257 1016 1294 1082 de
1309 1035 1402 1082 versu

291 1107 392 1199 αὖθις
414 1113 530 1184 ἔπειτα
553 1118 690 1184 πέδονδε
711 1113 876 1184 κυλίνδετο
897 1117 979 1199 λᾶας
1000 1110 1134 1206 άναιδής
1157 1119 1191 1202 (λ
1213 1121 1287 1200 598)

166 1224 256 1288 haee
284 1225 375 1290 docet
402 1245 430 1308 p.
465 1225 527 1288 282
562 1222 652 1288 Seh.:
691 1215 911 1286 ἑπτακαίδεκα
947 1221 1116 1306 συλλαβῶν
1149 1213 1253 1287 οὐσῶν
1289 1217 1322 1286 ἒν
1354 1223 1401 1309 τῷ

169 1321 281 1412 στίχῳ
316 1323 395 1392 δέκα
421 1322 482 1410 μέν
512 1319 576 1391 εἶσι
598 1327 746 1410 βραχεῖαι
770 1321 942 1409 συλλαβαί,
972 1319 1060 1388 ἑπτὰ
1090 1322 1127 1390 δὲ
1152 1320 1250 1408 μόναι
1279 1323 1403 1408 μακραί

167 1427 232 1494 καὶ
256 1421 323 1494 οὐδ’
346 1421 442 1495 αὐτοὶ
457 1425 583 1493 τέλειοι.
619 1419 737 1514 άνάγκη
753 1415 806 1492 οὖν
826 1422 1063 1493 κατεσπάσθαι
1086 1425 1140 1493 καί
1160 1423 1401 1493 συστέλλεσθαι

167 1523 236 1617 τήν
266 1529 402 1620 φράσιν,
435 1535 476 1620 τῇ
499 1528 673 1618 βραχύτητι
695 1533 758 1594 τῶν
781 1529 945 1615 συλλαβῶν
968 1524 1190 1619 ἐφελκομένην.
1213 1579 1221 1596 .
1248 1579 1256 1596 .
1283 1579 1292 1594 .
1315 1517 1334 1596 ὃ
1363 1527 1400 1596 δέ

167 1631 323 1718 μάλιστα
352 1640 416 1701 τῶν
439 1627 545 1700 άλλων
565 1631 751 1717 θαυμάζειν
773 1623 872 1715 άξιον,
896 1626 1023 1722 ῥυθμὸς
1045 1625 1151 1713 οὐδεὶς
1170 1634 1235 1699 τῶν
1257 1635 1398 1722 μακρυῖν,

170 1735 212 1804 οἳ
241 1735 339 1826 φύσιν
366 1733 473 1820 έχουσι
501 1733 640 1803 πίπτειν
666 1731 714 1816 είς
735 1734 853 1822 μέτρον
879 1730 994 1823 ἡρῷον,
1029 1729 1101 1803 ούτε
1125 1736 1295 1815 σπονδεῖος
1327 1726 1400 1802 οῖτε

169 1845 334 1925 βακχεῖος,
359 1838 634 1928 ἐγκαταμέμικται
656 1844 705 1927 τῷ
727 1835 827 1926 στίχῳ
850 1831 935 1926 πλήν
957 1836 1015 1904 ἐπί
1037 1842 1096 1925 τῆς
1117 1839 1278 1926 τελευτῆς·
1302 1834 1333 1905 οῖ
1361 1838 1398 1906 δέ

171 1935 270 2009 άλλοι
293 1941 414 2024 πάντες
435 1937 498 2011 εἶσί
521 1942 671 2010 δάκτυλοι
693 1941 748 2009 καί
771 1929 860 2008 οἶκτοί
880 1965 914 2028 γε
935 1939 1247 2032 παραδεδιωγμένας
1273 1937 1399 2026 ἔχοντες

169 2038 235 2124 τὰς
257 2039 398 2134 άλάγους,
424 2042 509 2115 ὥστε
529 2039 575 2133 μὴ
597 2037 684 2113 πολὺ
706 2043 872 2134 διαφέρειν
895 2041 996 2125 ένίους
1018 2048 1081 2110 τῶν
1102 2040 1268 2132 τροχαίων.
1305 2038 1399 2113 οὐδέν

172 2142 217 2235 δή
239 2147 279 2216 τὸ
301 2145 522 2240 άντιπράττον
544 2148 632 2216 ἐστὶν
652 2141 798 2236 εῖτροχον
819 2145 874 2213 καί
898 2150 1059 2237 περιφερῆ
1085 2146 1140 2213 καί
1161 2146 1398 2237 καταρρέουσαν

171 2245 259 2318 εἶναι
281 2245 339 2341 τήν
359 2251 490 2342 φράσιν,
515 2251 551 2319 έκ
573 2250 728 2320 τοιούτων
750 2249 1036 2340 συγκεκροτημένην
1057 2254 1203 2338 ῥυθμῶν.

263 2375 359 2441 Cuius
375 2377 533 2442 doetrinae
555 2395 618 2440 non
642 2395 751 2460 panea,
767 2394 847 2458 quae
869 2374 902 2437 in
925 2373 1050 2438 scholiis
1067 2372 1241 2438 Homericis
1265 2375 1398 2452 exstent,

173 2478 311 2561 vestigia
332 2480 459 2563 collegit
474 2479 626 2561 Georgius
641 2478 805 2544 Reuseher
825 2479 859 2541 in
879 2476 1140 2542 eommentetiene
1156 2494 1252 2559 supra
1270 2476 1400 2541 laudata

172 2585 219 2664 (p.
234 2581 387 2662 47--50)‚
410 2603 543 2666 quorum
558 2583 609 2649 hie
623 2583 701 2646 mihi
717 2581 829 2664 dignus
844 2579 968 2646 videtur
982 2581 1078 2657 Ιοοοο,
1094 2579 1184 2644 euius
1198 2581 1295 2645 verbe
1311 2598 1399 2663 repe-

172 2687 286 2748 tentur
308 2687 418 2765 (ceteri
440 2687 523 2750 enim
546 2685 586 2751 ed
608 2671 685 2771 ήχσν
706 2685 810 2768 potius
833 2682 988 2749 referendi
1010 2685 1114 2762 sunm:

255 2792 295 2851 A
319 2789 379 2852 530
402 2780 523 2875 κρατὸς
543 2779 604 2852 ἄπ’
629 2778 826 2853 ἀθανάτοιο·
849 2783 950 2872 μέγαν
973 2777 1002 2850 δ’
1020 2781 1159 2866 ἐλέλιξεν
1170 2776 1341 2867 Ὄλυμπον

830 2893 887 2972 (ε
908 2891 1002 2973 Verg.
1025 2891 1101 2954 Aen.
1123 2888 1170 2952 IX
1193 2887 1269 2974 106)

173 2996 222 3080 τῷ
243 2989 334 3075 τάχει
355 2995 421 3060 τῶν
442 2993 607 3078 συλλαβεῖν
628 2990 666 3058 τὸ
687 2989 840 3079 ταχύτης
860 2988 1018 3080 κινήσεως
1033 2990 1132 3078 δηλοῖ.
1155 2978 1266 3076 (codex
1280 2993 1330 3076 A).
1349 2995 1398 3080 τῷ

174 3147 273 3162 ....
303 3093 396 3178 τάχει
423 3099 486 3162 τῶν
512 3096 679 3181 συλλαβῶν
705 3088 761 3162 τὸν
788 3093 909 3185 τρόμον
938 3099 995 3160 τοῦ
1021 3086 1118 3183 ῖρους
1140 3091 1316 3182 διαγράφει
1341 3095 1398 3161 καί

173 3189 214 3264 τὸ
234 3196 314 3279 ταχίν
335 3202 393 3286 τής
414 3197 566 3286 κινήσεως
588 3198 689 3287 δηλοῖ.
712 3201 820 3281 (codex
837 3201 889 3280 B).

259 3319 343 3386 Item
358 3322 543 3386 Eustathius
560 3321 599 3386 ed
614 3340 741 3387 versum
762 3323 844 3407 ῳ15
865 3316 913 3385 τω
937 3311 966 3385 δ
983 3317 1016 3384 ἐν
1038 3315 1198 3409 Μεσσήνη
1214 3315 1396 3408 ξυμβλήτην

175 3414 341 3506 ἀλλήλοιιν
362 3424 440 3489 haee
463 3425 595 3490 adnotat
616 3445 646 3508 p.
671 3425 764 3501 1899,
787 3426 843 3488 55:
868 3413 905 3502 ὃς
927 3419 968 3508 δὴ
989 3418 1100 3504 στίχος
1126 3420 1183 3487 καὶ
1210 3418 1397 3489 ἐπαινεῖται

176 3519 219 3602 ὡς
239 3518 471 3604 ὁλοσπόνδειος
499 3525 629 3613 καὶτῷ
661 3523 811 3613 στασίμῳ
843 3529 901 3592 τοῦ
931 3524 1051 3613 μέτρου
1079 3521 1326 3608 ἐξομοιούμενος
1357 3529 1398 3614 τῇ

176 3624 290 3693 στάσει
314 3632 380 3693 τῶν
408 3625 635 3694 συναντώντων
661 3620 810 3707 ἀλλήλοις
830 3620 914 3694 κατὰ
939 3623 1061 3715 φιλίαν,
1085 3622 1201 3714 ὥσπερ
1223 3614 1264 3692 αὖ
1293 3625 1397 3695 πάλιν

176 3726 344 3794 έπαινετοὶ
358 3725 500 3817 ἑτέρωθι
521 3723 591 3797 κατ’
612 3721 707 3796 άλλον
719 3729 842 3820 τρόπω
859 3725 892 3796 οῖ
913 3725 1131 3811 ὁλοδάκτυλοι,
1155 3724 1272 3798 ὁποῖον
1286 3730 1342 3796 καὶ
1357 3730 1396 3798 τὸ

177 3835 283 3914 ,κεῖτο
302 3829 402 3918 μέγας
415 3831 609 3919 μεγαλωστί,
633 3833 826 3918 λελασμένος
841 3829 1077 3900 ἱπποσυνάωνίῑ
1091 3836 1144 3916 (Π
1156 3834 1244 3916 776)·
1267 3883 1300 3900 ..
1317 3883 1325 3900 .
1342 3829 1397 3900 ίτι

176 3933 212 4000 δὲ
231 3925 290 4001 τὸν
313 3932 349 4000 ἐκ
369 3931 467 4002 πέντε
488 3934 651 4003 δακτύλων
675 3933 877 4023 συγκείμενον
900 3933 1011 4018 στίχον
1031 3934 1087 4002 καὶ
1110 3932 1202 4001 έκτου
1223 3933 1396 4004 σπονδείου

174 4031 195 4125 i}
221 4035 370 4122 τροχαίου
402 4038 583 4127 πηδητικὸν
614 4037 760 4124 μάλιστα
792 4038 943 4126 γίνεσθαι
975 4033 1101 4106 οἴδασιν
1133 4033 1166 4104 οῖ
1195 4035 1344 4122 παλαιοί,
1379 4035 1397 4106 δ

175 4137 316 4221 τεχνικὸς
328 4143 351 4224 ¹)
375 4138 611 4228 παραδίδωσιν.
653 4145 701 4209 De
724 4146 884 4211 schemate
905 4163 1014 4211 versus
1036 4143 1219 4222 hexametri,
1242 4144 1325 4226 quod
1344 4165 1396 4210 vo·

177 4249 264 4309 eatur
284 4235 354 4309 κατ’
374 4240 526 4310 ἐνόπλιον
548 4248 655 4328 (-νν
684 4278 845 4299 -υυ--
884 4247 1175 4328 -νν-νν-Ξ),
1197 4246 1281 4311 idem
1302 4249 1395 4331 paulo

176 4352 244 4432 post
273 4369 303 4432 p.
327 4349 421 4427 1899,
446 4349 486 4411 62
521 4351 576 4432 (z
609 4350 814 4415 seh01.1unt.
842 4350 881 4415 ed
903 4351 1060 4434 Aristoph.
1090 4349 1172 4414 Nub.
1196 4349 1270 4432 651)
1305 4351 1394 4417 dicit:

241 4643 261 4712 ¹)
281 4640 346 4710 Quis
361 4641 399 4696 eit
416 4639 431 4695 ὃ
449 4639 584 4708 τεχνικός,
603 4640 705 4710 ignoro.
