3634 5240
777 387 819 452 25

689 471 901 484 -t—-

273 615 319 678 Δο
351 614 436 678 recte
470 613 536 678 eine
571 613 666 679 dubio
701 614 883 680 Aristoteles
916 615 1035 699 primae
1067 615 1097 679 in
1130 613 1216 698 poesi
1248 611 1405 696 rhythmis

184 717 292 798 partes
323 717 390 781 dari
414 717 520 783 vetuit.
564 718 648 783 Nam
670 721 708 783 ut
730 718 768 784 de
790 719 967 784 inventione
989 721 1127 797 taceam,
1154 719 1259 802 ipsum
1282 734 1404 799 quoque

185 820 353 885 verborum
382 820 537 886 delectum
568 823 607 887 ad
633 825 815 906 poematum
843 824 1040 887 venustatem
1067 822 1238 906 plurimum
1266 819 1404 885 conferre
1448 891 1449 894 η

186 924 292 1005 patet,
320 942 383 1006 qua
410 925 460 989 vei
488 925 521 989 in
548 926 685 992 oratione
713 927 816 990 soluta
844 926 1002 990 interdum
1030 927 1076 990 uti
1103 927 1195 990 h'cere
1223 924 1406 989 auctorest

187 1025 357 1108 Dionysius
376 1027 485 1093 'Halia
514 1048 613 1112 comp.
642 1030 727 1093 verb.
755 1049 781 1094 c.
813 1030 853 1092 25
876 1050 906 1113 p.
931 1031 992 1093 380
1015 1049 1061 1111 eq.
1086 1028 1171 1094 Sch.:
1201 1029 1295 1091 πᾶσα
1321 1022 1406 1106 λέξις

186 1120 205 1211 ἡ
237 1123 312 1208 δίχα
336 1128 458 1218 μέτρου
492 1129 656 1218 ἐγκειμένη
690 1123 863 1218 ποιητικὴν
894 1133 1017 1215 μοῦσαν
1042 1122 1062 1216 i)
1089 1121 1222 1214 μελικὴν
1247 1125 1342 1213 χάριν
1369 1119 1406 1193 od

187 1226 319 1296 δίναται
348 1234 562 1317 προσλαβεῖν,
591 1225 676 1298 κατὰ
703 1239 778 1320 γοῦν
805 1231 863 1320 τὴν
889 1231 1040 1300 σύνδεσιν
1066 1226 1179 1318 αἰπήν·
1212 1228 1288 1296 ἐπεὶ
1310 1223 1406 1314 καὶὴ

188 1326 300 1420 ἐκλογὴ
332 1340 397 1400 τῶν
431 1327 599 1420 ὀνομάτων
630 1334 714 1422 μέγα
747 1360 779 1402 τι
812 1328 947 1401 δύναται
979 1334 1033 1401 καὶ
1067 1330 1136 1401 ἔστι
1163 1359 1215 1413 τις
1244 1325 1406 1415 ὀνομασία

188 1429 341 1523 ποιητικὴ
370 1438 643 1525 γλωττηματικῶν
664 1463 700 1504 τε
720 1437 774 1504 καὶ
799 1435 897 1526 ξένων
918 1437 972 1504 καὶ
995 1442 1160 1527 τροπικῶν
1181 1435 1238 1503 καὶ
1260 1459 1407 1522 πεποιη-

186 1535 301 1621 μένων,
326 1532 376 1620 οἷς
397 1535 546 1629 ἡδύνεται
570 1537 712 1630 ποίησις,
735 1537 782 1622 εἷς
802 1538 896 1630 κόρον
918 1539 1194 1629 ἐγκαταμιγέντων
1215 1544 1255 1628 τῇ
1276 1531 1405 1624 ἀμέτρῳ

187 1639 284 1722 λέξει.

273 1749 423 1812 Attamen
459 1767 498 1812 ne
531 1767 605 1832 praa
637 1750 815 1815 inventione
850 1753 883 1815 et
914 1750 1082 1814 verborum
1113 1750 1226 1814 ornatu
1259 1763 1406 1810 numeros

188 1853 444 1928 contemnamus,
471 1853 521 1916 vel
549 1871 584 1916 eo
612 1851 809 1929 adducimur,
839 1853 934 1942 quod,
961 1871 980 1917 a
1003 1852 1172 1936 Sophronia
1195 1853 1228 1916 et
1249 1849 1405 1915 Xenarchi

186 1953 293 2018 mimis
313 1955 484 2037 paucisque
505 1957 646 2020 veterum
669 1956 899 2021 comoediarum
921 1955 997 2020 locis
1020 1955 1071 2036 (dt
1095 1956 1208 2037 quibus
1231 1974 1259 2019 v.
1281 1951 1407 2035 Barghii

189 2056 312 2121 Griech.
335 2057 612 2140 Litteraturgesch.
636 2057 686 2121 ΠΙ
710 2058 783 2138 106)
814 2061 846 2123 et
873 2061 911 2124 ab
939 2058 1094 2123 interioris
1117 2058 1229 2123 aetatis
1252 2057 1408 2140 scriptori-

190 2160 250 2223 bus
278 2159 401 2225 eroticis
428 2161 455 2224 si
483 2160 661 2238 recesseris,
694 2161 783 2226 nulla
811 2164 936 2228 omnino
963 2164 1088 2227 exstant
1115 2161 1235 2228 Graeca
1263 2162 1409 2246 poemata

190 2262 390 2345 arrhythma‚
426 2281 505 2345 quae
537 2281 587 2327 res
622 2263 810 2329 documento
837 2268 899 2344 eet,
934 2284 1029 2349 quam
1061 2265 1127 2330 arte
1160 2263 1242 2350 apud
1272 2263 1407 2330 Graecos

187 2368 292 2430 metra
314 2384 387 2430 cum
408 2366 492 2450 poesi
516 2365 683 2431 coniuncta
705 2367 829 2432 tuerint.

275 2483 344 2564 Quo
367 2485 487 2550 iactum
510 2492 566 2564 est
589 2488 626 2551 ut
648 2487 688 2550 ad
711 2489 836 2569 singula
856 2489 957 2572 poesis
980 2508 1096 2572 genera
1118 2486 1323 2570 significanda
1344 2505 1409 2550 me-

188 2595 310 2652 trorum
332 2589 461 2654 nomina
489 2589 520 2653 in
544 2590 588 2654 eis
615 2593 837 2674 usurpatorum
861 2593 1084 2657 adhiberentur
1112 2595 1145 2658 et
1167 2611 1194 2656 e.
1217 2610 1247 2674 g.
1276 2589 1407 2667 ‚‚iambi“

188 2690 239 2754 vel
260 2691 551 2775 „hendecasyllabi‘
578 2690 662 2756 idem
688 2693 829 2758 valerent
856 2697 950 2776 atque
979 2697 1118 2760 carmina
1146 2714 1162 2760 e
1184 2693 1301 2758 talibus
1327 2711 1410 2757 com·

187 2793 291 2876 posita
323 2795 440 2860 metris.
484 2794 579 2859 Cuius
607 2796 652 2859 rei
678 2797 860 2861 testimonia
885 2797 958 2861 inde
985 2816 1004 2862 a
1030 2797 1161 2863 Platone
1195 2796 1298 2861 multa
1326 2789 1409 2877 quis·

189 2897 275 2981 piam
297 2898 432 2981 colligat,
460 2899 546 2963 velut
569 2898 650 2979 quod
673 2898 725 2963 ilie
748 2899 844 2964 refert
865 2900 938 2981 Lag.
961 2899 1023 2964 VH
1050 2901 1112 2964 810
1134 2901 1176 2964 ii:
1214 2897 1353 2985 ποιηταί
1375 2919 1411 2960 τε

188 2994 266 3085 ἧμῖν
296 2995 361 3065 εἷσέ
386 3023 471 3078 τινες
497 2997 589 3064 ἐπῶν
622 2995 805 3087 ἑξαμέτρων
832 2997 1028 3084 πάμπολλοι
1061 3000 1115 3066 καὶ
1142 2998 1323 3089 τριμέτρων
1354 2996 1410 3064 καὶ

190 3099 320 3168 πάντων
342 3101 382 3190 δὴ
403 3105 469 3167 τῶν
490 3101 664 3188 λκγομένων
684 3102 820 3192 μέτρων.
829 3109 851 3187 ¹)
887 3106 949 3172 Sed
965 3109 1091 3190 propter
1112 3107 1194 3170 hano
1209 3106 1310 3191 ipsam
1327 3121 1411 3168 com-

189 3367 249 3416 ταῖς
267 3381 297 3412 τε
316 3365 362 3414 καὶ
384 3362 583 3433 σιγγραφεῐσιν
600 3367 639 3432 (p.
657 3366 683 3426 5,
700 3365 717 3416 2
736 3363 776 3416 ed.
796 3363 890 3430 Uhlig)
910 3363 1153 3431 interpretaturum,
1171 3361 1323 3418 Scholiasta
1342 3359 1410 3424 (Me-

189 3447 307 3514 lampus)
337 3447 364 3501 in
387 3448 505 3503 Bekkeri
532 3451 633 3506 Anecd.
664 3449 690 3502 II
718 3450 777 3515 733,
797 3450 841 3501 13:
872 3445 920 3500 cdx
945 3451 1005 3500 ἔστι
1031 3447 1144 3516 ποιητὴς
1170 3447 1185 3502 ὁ
1212 3451 1304 3516 μέτρῳ
1334 3445 1411 3512 μάνιμ

188 3532 342 3603 χριόμενος·
361 3529 424 3584 οὐδὲ
441 3532 493 3605 γὰρ
508 3533 693 3602 Ἐμπεδοκλῆα
710 3533 774 3588 teu
793 3533 893 3603 φυσικαὶ
906 3535 1025 3605 γράψας,
1046 3530 1102 3584 οὐδ’
1117 3531 1145 3585 οἱ
1155 3537 1218 3602 περὶ
1230 3527 1412 3604 ἀστρολογίας

190 3617 329 3685 εἰπόντες,
352 3615 414 3670 otta
436 3619 451 3673 δ
475 3619 582 3676 Πύθωσ
607 3623 744 3688 ἐμμέτρως
765 3616 947 3689 χρησμῳδῶν.
976 3619 1029 3691 χρὴ
1054 3618 1106 3690 γάρ
1125 3617 1239 3682 εἰδέναι,
1262 3615 1307 3670 ὅτι
1323 3618 1412 3669 ταῦτα

189 3706 386 3776 χαρακτηρίζει
402 3706 535 3773 ποιητήν·
546 3711 658 3776 μέτρον,
670 3703 794 3772 πλάσμα,
808 3705 927 3776 ἱστορία,
939 3704 1006 3756 ποιά
1019 3701 1094 3766 λέξω.
1108 3702 1171 3757 οὐδὲ
1181 3704 1235 3777 γάρ
1247 3703 1414 3775 συγγραφεὺς

190 3785 297 3860 λέγεται
314 3788 329 3842 ὁ
349 3789 540 3862 καταλογάδην
557 3791 671 3862 εἰρηκώς
689 3793 722 3858 (v.
737 3797 828 3846 tamen
846 3807 929 3858 supra
946 3810 972 3860 p.
987 3793 1022 3844 23
1039 3807 1077 3859 κη.
1097 3790 1158 3844 adn.
1177 3793 1213 3857 2),
1232 3787 1288 3844 ἀλλ’
1309 3787 1414 3844 εἰδικῶς

191 3875 355 3948 σιγγραγεῖτ
378 3880 480 3932 ἐκεῖνον
501 3875 669 3944 ὀνομάζεται
686 3877 700 3931 d
720 3877 754 3929 τοὶ
774 3880 820 3928 dcci
838 3875 896 3928 τῶν
913 3876 998 3928 αὑτοῦ
1024 3877 1129 3948 καιρῶν
1145 3876 1279 3949 γεγονότα
1297 3892 1411 3948 συγγρα-

190 3963 325 4031 ψάμενος,
353 3961 388 4018 uic
416 3961 590 4031 Θονκυδίδης,
619 3964 711 4034 ῥήτωρ
734 3961 763 4015 δὲ
785 3961 800 4016 ὁ
826 3966 890 4032 περὶ
920 3961 955 4014 τά
978 3961 1123 4023 πολιτικάς
1150 3963 1214 4018 ibid,
1237 3980 1262 4032 p.
1290 3964 1411 4030 734,11:

191 4048 306 4114 ποιητὴς
333 4045 361 4099 δέ
390 4047 559 4115 κεκόσμηται
580 4054 637 4104 τοῖς
663 4053 797 4120 τέσσαρσι
820 4046 939 4102 τούτοις·
967 4051 1071 4120 μέτρῳ,
1098 4045 1195 4114 μύθῳ,
1227 4046 1338 4116 ἱστορίᾳ
1366 4052 1412 4099 καὶ

191 4137 262 4200 ποιᾷ
288 4131 365 4202 λέξει,
393 4138 439 4186 καὶ
465 4135 525 4187 πᾶν
549 4140 653 4202 ποίημα
676 4135 713 4203 μὴ
738 4131 860 4202 μετέχον
888 4131 947 4185 τῶν
972 4133 1118 4205 τεσσάρων
1143 4133 1252 4186 τούτων
1277 4131 1327 4187 οὐκ
1353 4136 1413 4186 ἔστι

191 4225 305 4288 ποίημα.
335 4216 428 4287 anate
448 4220 500 4273 τδν
523 4217 711 4290 Ἐμπεδοκλέα
739 4224 785 4272 καὶ
815 4201 950 4290 ΤυρταῖονΙ
972 4219 1030 4286 (sic.
1054 4218 1126 4288 θοὰ-ς
1151 4218 1273 4290 Ἀρατον
1299 4217 1414 4274 coniecit

192 4305 391 4361 Stodemundua
414 4306 441 4360 in
460 4305 558 4362 scholis
575 4305 846 4372 Vratislaviensibus)
866 4302 899 4357 οὔ
925 4301 1040 4357 καλοῦσι
1057 4305 1185 4372 ποιητάς,
1214 4306 1238 4357 εἰ
1258 4309 1304 4357 καὶ
1320 4308 1412 4374 μέτρῳ

192 4390 361 4464 ἐχρήσαντο,
384 4389 429 4444 διά
446 4390 479 4445 τδ
496 4391 533 4459 μὴ
550 4390 716 4463 χρήσασθαι
733 4391 830 4446 αι’πούτ
847 4395 904 4446 τοῖς
920 4392 979 4443 τῶν
997 4392 1122 4458 ποιητῶν
1146 4395 1414 4464 χαρακτηριστικοῖτ.

265 4480 287 4537 ¹)
307 4476 418 4530 Ovidius
440 4482 596 4546 poematum
618 4478 723 4533 formae
745 4477 850 4533 ratione
877 4476 975 4532 habita
997 4476 1140 4532 Horatium
1167 4478 1243 4534 varia
1269 4477 1412 4547 lyricorum

193 4565 357 4617 Graecorum
384 4567 472 4616 metra
501 4563 653 4617 imitantem
683 4565 795 4633 opponit
825 4563 878 4629 eir,
907 4561 952 4631 qui
978 4562 1088 4618 usitatis
1117 4562 1229 4632 pedibus
1257 4579 1349 4618 versus
1367 4562 1412 4616 de-

192 4647 319 4702 duxerint
336 4648 429 4716 (Triet
448 4648 486 4704 IV
506 4651 545 4712 10,
557 4649 590 4702 47
609 4649 689 4718 equi:
