3514 5244
988 293 1030 353 42

395 484 505 550 branis
530 485 660 550 saeculo
684 484 852 550 undecimo
875 486 1013 569 ineunte,
1043 493 1078 550 ut
1101 485 1177 550 inihi
1200 486 1304 551 visum
1328 493 1386 566 est,
1411 493 1579 551 exaratus
1599 502 1623 549 n

397 591 497 658 libros
519 592 660 656 I-XIII
684 596 712 676 3,
736 595 779 658 45
808 593 1002 678 complexus.
1048 593 1162 658 mirum
1190 614 1266 658 vero
1290 593 1453 676 estquod
1480 613 1561 656 enm
1583 593 1623 656 liic

398 699 477 764 liber
500 701 542 766 ab
566 699 739 784 Obsopoco
762 701 877 785 paucis
900 707 1024 766 tantum
1048 700 1128 766 loeis
1153 701 1318 786 inspectus
1342 706 1446 784 essct,
1479 721 1625 782 nequer

398 808 431 871 C.
455 807 489 874 F.
513 809 550 872 T.
574 807 751 872 Emmerieo
780 808 813 872 iu
837 807 1138 890 Schweighaeuseri
1167 828 1258 874 usum
1287 827 1391 891 neque
1422 828 1443 872 a
1475 808 1627 872 Fickerto
1690 879 1691 882 Ἴ

398 920 484 979 totus
508 933 664 980 excussus
693 922 751 980 est.
798 935 837 980 ac
863 935 904 978 ne
933 915 1155 979 Chatelainius
1183 915 1322 998 quidem,
1354 935 1562 998 quamquam
1590 916 1627 977 in·
1690 983 1691 994 p

397 1021 522 1086 tellexit
546 1041 617 1086 eum
641 1041 679 1085 ex
705 1028 817 1086 neutro
842 1022 1060 1087 Parisinorum
1083 1023 1294 1088 vetustiorum
1322 1021 1534 1106 descriptum
1564 1041 1628 1087 esse

398 1127 444 1212 (p.
474 1130 558 1210 103),
582 1126 676 1211 plura
699 1147 738 1192 ex
763 1148 801 1192 eo
826 1148 921 1210 quarn
946 1128 1155 1212 epistularum
1171 1128 1248 1192 Vlll
1262 1133 1282 1193 2
1306 1149 1407 1212 usque
1432 1129 1479 1192 ad
1508 1129 1593 1192 XIII
1606 1133 1630 1193 3.

398 1255 482 1318 quae
505 1235 538 1297 in
561 1255 583 1318 p
607 1233 841 1320 desiderantur,
865 1236 1042 1318 scripturas
1069 1236 1211 1320 protulit
1257 1243 1292 1300 at
1320 1236 1404 1300 enim
1432 1257 1504 1300 non
1532 1235 1631 1301 solum

396 1363 460 1407 non
475 1342 555 1406 exP
579 1349 670 1426 autp
694 1341 800 1426 fluxit·
819 1342 877 1407 sed
901 1342 944 1406 ad
968 1342 1104 1407 alteram
1128 1341 1290 1425 quandam
1315 1343 1461 1406 codicum
1490 1343 1631 1408 classem

398 1471 436 1514 ex
461 1448 637 1533 archetypo
661 1449 790 1515 diverso
814 1451 856 1514 ab
881 1471 928 1534 eu,
952 1471 992 1514 ex
1016 1470 1079 1532 quo
1103 1451 1210 1535 PpF
1233 1459 1453 1532 manaverunt,
1480 1450 1632 1515 derivan-

397 1555 472 1620 dam
495 1557 643 1641 pertinet.
691 1555 725 1620 id
754 1556 840 1640 quod
870 1578 941 1622 eum
970 1578 1010 1621 ex
1033 1557 1179 1642 plurimis
1204 1557 1371 1641 scripturis
1394 1557 1632 1641 peculiaribus.

397 1684 481 1746 quac
509 1663 542 1728 in
570 1664 659 1728 Pub
688 1664 827 1747 aliisque
856 1665 885 1728 ei
916 1664 1074 1730 similibus
1103 1671 1252 1729 servatae
1281 1670 1355 1728 suunt
1387 1684 1497 1746 neque
1537 1665 1632 1728 ullam

398 1771 656 1855 interpolationis
685 1773 901 1855 suspicionem
928 1778 1066 1849 movent,
1098 1771 1305 1854 intellegitur,
1329 1779 1395 1835 tum
1418 1791 1500 1836 vero
1531 1793 1575 1837 ea
1599 1793 1632 1836 ox

396 1899 432 1943 re
456 1878 543 1960 quod
566 1878 678 1942 ultima
701 1878 842 1962 epistula
867 1879 959 1958 (Xlll
974 1877 1008 1963 3)
1032 1899 1096 1943 nou
1120 1878 1162 1942 nd
1187 1878 1281 1942 finem
1305 1876 1462 1962 perducta
1485 1886 1554 1961 est⁷
1581 1879 1633 1944 scd

399 1985 431 2048 in
453 1985 561 2050 verbis
586 2006 670 2068 quae
694 1994 783 2050 sunt:
807 1990 835 2050 si
853 1995 1040 2070 protopmuo
1063 1985 1191 2052 desinit.
1228 2007 1303 2050 nam
1318 1985 1403 2067 quod
1419 1987 1451 2049 in
1467 1986 1633 2066 omnibus

398 2092 485 2174 quod
508 2093 616 2174 seiam,
645 2092 810 2158 codicibus
839 2093 871 2157 in
897 2093 952 2157 illa
976 2094 1074 2157 verba
1104 2093 1294 2158 exeuntibus
1318 2091 1480 2177 epistulae
1508 2093 1634 2157 nonin
1686 2170 1689 2179 Ι

399 2200 497 2266 libros
522 2199 715 2286 dividuntur,
739 2221 819 2266 eave
843 2221 914 2266 eam
939 2202 1041 2266 solam
1066 2202 1106 2265 ob
1130 2221 1262 2265 eausam
1281 2199 1397 2285 prioris
1413 2200 1633 2284 epistularum

400 2306 571 2372 voluminis
596 2307 710 2372 librum
734 2308 874 2390 aliquem
898 2329 994 2372 manu
1019 2308 1172 2392 seriptum
1196 2307 1239 2372 ad
1257 2305 1338 2371 illud
1356 2308 1526 2391 pertinere
1542 2327 1634 2392 prae-

399 2434 535 2498 propere
565 2414 739 2480 existimes
795 2415 872 2498 quid
902 2415 985 2480 enim
1014 2414 1149 2500 impedit
1176 2416 1344 2496 quominus
1373 2415 1471 2480 etiam
1501 2415 1542 2479 in
1572 2415 1633 2478 alio
1683 2430 1687 2439 ·

399 2520 538 2602 quodam
576 2521 687 2586 codiee
725 2522 875 2587 librorum
913 2522 1139 2606 inscriptiones
1178 2528 1252 2606 post
1284 2521 1406 2586 librarii
1439 2541 1583 2606 operam
1617 2543 1633 2584 a

397 2629 596 2694 rubricatore
633 2628 803 2694 addendas
842 2650 919 2694 casu
957 2628 1160 2694 intercidisse
1201 2628 1423 2713 pruternus²³)?
1484 2638 1632 2694 ceterum

397 2735 503 2818 «pirolis
533 2736 561 2800 is
592 2736 694 2801 codex
728 2737 836 2820 suerit,
869 2758 909 2802 ex
942 2758 1004 2820 quo
1033 2737 1083 2802 Pr.
1107 2719 1322 2802 hulerivatus
1355 2743 1419 2818 est,
1452 2737 1631 2800 ostendunt

398 2865 469 2909 cum
501 2843 679 2908 litterarum
713 2865 731 2908 u
765 2850 797 2908 et
830 2865 858 2928 a,
892 2844 902 2908 i
932 2851 964 2908 et
991 2844 1002 2906 l
1036 2844 1167 2908 crebrae
1201 2843 1415 2926 confusiones,
1449 2851 1521 2906 tum
1557 2864 1632 2908 roro

398 2949 431 3013 id
465 2949 551 3032 quod
584 2949 734 3016 librarius
767 2950 960 3032 quibusdam
991 2951 1073 3016 locis
1105 2951 1283 3016 litterarum
1316 2951 1436 3014 formas
1466 2949 1631 3032 quasdam

398 3078 458 3123 sua
481 3065 590 3123 aetate
613 3057 678 3122 iam
694 3058 867 3142 obsoletas,
891 3079 972 3140 quas
988 3079 1051 3122 uon
1066 3058 1284 3140 intellegebat,
1310 3065 1461 3122 accurate
1481 3056 1632 3121 imitatus

398 3173 461 3229 est:
501 3166 568 3249 Ι6,
598 3169 618 3229 4
653 3165 734 3229 haec
761 3166 924 3248 leguntur:
959 3171 1061 3230 (ereren
1090 3169 1122 3230 in
1155 3175 1182 3229 lc
1210 3169 1297 3249 cupio
1331 3167 1631 3248 rrmonssomoee

399 3275 437 3342 (ro
461 3273 614 3356 expunxit
637 3294 675 3337 ul.
701 3273 752 3358 2),
778 3273 807 3334 ll
828 3277 856 3357 ἓ,
883 3277 900 3337 7
921 3277 1057 3357 plurriruu
1076 3297 1135 3357 per
1157 3281 1296 3337 seruolum
1320 3275 1630 3354 lrmrrmIpmntm,

398 3380 439 3444 ib.
467 3383 505 3444 13
534 3389 675 3444 cetrum
697 3387 807 3464 Jiuuuu
832 3383 1012 3462 truderetur,
1042 3384 1071 3465 3,
1098 3384 1139 3446 10
1168 3383 1374 3444 Detrde'osil
1401 3379 1454 3441 lidi
1483 3401 1553 3442 curn
1579 3401 1630 3460 pu-

398 3491 500 3552 sillum
530 3491 692 3568 emptitium,
731 3487 807 3552 ibid.
839 3497 998 3552 coeterae
1034 3491 1154 3569 elicitur,
1193 3489 1222 3571 6,
1252 3490 1271 3554 6
1305 3495 1464 3550 cucuma.
1494 3489 1631 3549 iniurius

392 3601 550 3678 flirlucoe,
585 3593 631 3657 ΙΙΙ
655 3598 683 3678 2,
707 3597 727 3658 3
756 3598 878 3658 uruiruuo
906 3618 971 3658 csse
998 3596 1084 3658 (lebet
1110 3598 1212 3659 elimet·
1235 3603 1263 3658 ct
1277 3597 1381 3676 fidene
1405 3601 1434 3657 et
1454 3593 1627 3676 supruss.

398 3705 500 3766 {nonio
524 3710 650 3766 merlus.
698 3709 835 3786 apparet
857 3702 956 3785 igitur
979 3703 1010 3766 in
1030 3701 1216 3786 archetypo,
1241 3700 1274 3764 id
1289 3700 1375 3783 quod
1392 3700 1424 3763 iu
1439 3699 1627 3765 Nazariauo

398 3809 550 3874 librorum
584 3808 624 3874 do
656 3807 822 3874 benefieiis
856 3816 887 3873 et
919 3809 959 3874 dc
993 3808 1163 3874 clementia
1200 3829 1298 3892 saepe
1332 3828 1392 3872 usu
1425 3807 1530 3890 venit,
1565 3805 1628 3870 alio

399 3916 540 3998 quadam
572 3938 668 3981 manu
699 3916 828 3982 litterae
865 3939 885 3981 a
918 3919 1039 3983 turmae
1071 3915 1240 3981 vetustiori
1272 3915 1483 3980 recentiorem
1519 3935 1626 3999 super-

491 4147 525 4216 ²³)
545 4152 577 4202 cl'.
601 4149 709 4203 Fickert
728 4151 740 4202 l
759 4168 785 4218 p.
805 4151 853 4202 xl.
891 4151 1003 4202 Petrum
1027 4167 1135 4216 quoque
1160 4133 1352 4211 Abnelardum,
1377 4165 1439 4200 cum
1458 4147 1487 4200 in
1509 4147 1625 4216 epistula

400 4239 451 4292 ΧΠ
470 4242 506 4306 (p.
518 4239 571 4293 350
584 4239 625 4293 ed.
640 4239 744 4308 llligne)
763 4239 880 4295 Senecae
898 4241 1074 4307 epistolarum
1094 4243 1346 4306 quinquepeoimum
1364 4240 1475 4292 tertium
1495 4237 1534 4302 (V
1549 4237 1589 4298 11,
1600 4237 1624 4286 lt

400 4332 600 4393 commemoret,
613 4329 769 4398 exemplari,
781 4330 854 4397 quuod
868 4329 897 4381 in
912 4330 995 4383 liures
1009 4328 1171 4382 distinctum
1185 4345 1240 4380 non
1255 4331 1322 4392 citet,
1337 4345 1416 4380 usum
1432 4343 1489 4380 esse
1505 4332 1622 4396 apparet.

492 4415 530 4486 ²⁴)
549 4419 711 4472 vocrubulum
730 4437 834 4488 supro
859 4437 921 4472 cum
940 4419 1024 4472 otiam
1044 4418 1073 4470 in
1093 4419 1161 4471 Pet
1182 4419 1204 4470 A
1228 4417 1393 4480 inveniatur,
1417 4415 1621 4485 praeferendum

401 4509 510 4562 videtur
537 4510 571 4574 ci,
599 4509 671 4576 quod
694 4509 722 4562 in
747 4528 766 4578 p
788 4509 892 4578 legitur
915 4537 947 4546 -
972 4527 1035 4561 uam
1061 4508 1206 4561 Chatelain
1229 4507 1300 4559 nihil
1329 4505 1508 4560 enotavit-
1528 4521 1621 4572 super

401 4601 491 4652 ercinia
510 4609 618 4653 erectus.
709 4617 711 4622 ·
