3560 5242
798 429 838 490 35

252 647 308 730 Ep.
325 667 403 712 mor.
418 647 435 711 Ι
451 649 478 724 2,
495 649 514 711 6
536 667 599 713 non
614 649 667 731 qui
683 667 795 732 parum
883 649 932 726 36,
948 650 969 712 4
984 651 1086 732 magis
1102 671 1245 736 pauper
1266 654 1333 719 ille
1356 659 1425 728 est,

209 750 337 825 habet,
374 750 429 814 sed
461 752 524 832 qui
557 751 647 834 plus
681 752 794 834 cupit,
840 751 903 832 qui
926 753 1426 841 cummultahabeat,plura

209 869 355 935 pauper
378 855 445 917 est.
839 851 1042 918 desiderat.

252 953 310 1036 lip.
333 973 411 1020 mor.
433 954 580 1034 1v12,1
610 974 723 1039 prope
746 959 795 1020 θεῖ
882 956 931 1031 32,
954 957 971 1016 7
996 956 1079 1020 unde
1109 957 1193 1022 enim
1219 959 1306 1024 Deus
1333 962 1424 1045 longe

210 1061 282 1120 ate
306 1056 391 1134 deus,
414 1060 519 1122 tecum
535 1060 591 1136 est,
613 1059 714 1122 intus
738 1061 794 1124 θεῖ.
838 1061 887 1121 θεῖ
919 1106 925 1118 .
954 1106 961 1120 .
989 1060 1018 1121 ,Ρ
1049 1059 1164 1141 ubique
1201 1081 1263 1127 non
1299 1066 1425 1130 tantum

838 1159 928 1224 nobis
955 1161 1161 1244 proximus,
1189 1163 1244 1227 sed
1272 1166 1425 1232 inlusus

839 1262 899 1342 [sic
921 1262 1016 1328 codex
1038 1263 1078 1347 P]
1103 1264 1160 1327 est.

251 1364 309 1446 Ep.
334 1383 412 1429 mor.
435 1364 497 1429 ΧΠ
515 1366 577 1441 1,1
607 1363 704 1429 nihil
728 1367 795 1430 deo
882 1365 969 1440 32,e
992 1383 1012 1428 a
1034 1385 1104 1448 quo
1125 1367 1274 1433 nullum
1296 1373 1426 1452 potest

209 1466 358 1531 clusum
387 1470 454 1532 θεῖ.
488 1468 653 1531 interest
681 1469 794 1532 animis
839 1484 920 1530 esse
950 1471 1141 1532 secretum
1165 1517 1172 1531 .
1197 1518 1203 1532 .
1227 1519 1233 1533 .
1257 1473 1426 1538 interest

208 1570 352 1634 nostris
369 1570 795 1653 eteogitationibusme·
839 1569 1145 1650 cogitationibus
1167 1577 1324 1640 nostris.

209 1671 267 1735 diis
289 1672 465 1737 intervenit.

252 1775 308 1857 Ep.
324 1794 402 1839 mor.
418 1775 476 1838 XV
490 1777 517 1852 3,
527 1776 567 1839 47
591 1794 663 1839 non
686 1794 796 1857 quae-
883 1773 968 1848 33,1
998 1793 1088 1856 reges
1115 1777 1235 1842 statum
1262 1781 1351 1862 regni
1374 1783 1423 1845 sui

204 1877 261 1940 rit
287 1878 488 1942 ministros
522 1878 630 1942 deus:
665 1878 795 1960 quidni?
838 1874 1426 1957 perofficiaministrorumdiversa

208 1981 275 2063 ipse
312 1981 451 2045 humano
488 1981 591 2062 generi
629 1981 795 2058 ministrat,
837 1979 1008 2042 noverunt:
1042 1979 1118 2045 Deo
1152 1983 1305 2049 indiciis
1336 2003 1426 2069 opus

208 2083 349 2165 ubique
378 2087 414 2148 et
442 2083 616 2147 omnihus
642 2085 795 2166 praesto
839 2098 915 2144 non
939 2081 1014 2145 est:
1037 2100 1110 2147 non
1133 2085 1233 2150 enirn
1256 2087 1372 2152 solum
1388 2088 1425 2152 in

209 2187 274 2249 est
838 2182 960 2246 oculis
983 2183 1078 2262 eius,
1102 2186 1165 2251 sed
1187 2187 1223 2250 in
1240 2189 1324 2254 sinu
1339 2190 1428 2253 vivi-

839 2303 931 2350 mus.

251 2390 377 2454 Exhort.
407 2391 489 2474 apud
516 2392 604 2456 Lact.
631 2390 656 2453 1.
685 2392 724 2455 D.
747 2391 796 2456 III
882 2389 1427 2476 38,5philosophorumsuper·

212 2493 324 2568 15,11
366 2493 511 2577 Plerique
553 2495 796 2578 philosopho·
839 2491 912 2554 cilia
934 2492 1175 2570 contemnimus,
1200 2513 1277 2577 qnos
1300 2515 1428 2579 corrup

209 2614 289 2659 rum
304 2598 384 2661 tales
401 2600 486 2674 sunt,
508 2597 645 2661 diserti
660 2597 699 2662 in
714 2616 795 2662 con·
839 2595 922 2658 tores
957 2597 990 2658 et
1021 2595 1180 2660 adulteros
1212 2600 1357 2662 novimus
1394 2602 1427 2662 et

209 2698 349 2762 vicium
379 2719 503 2776 snum,
531 2719 609 2781 quos
636 2700 664 2764 si
686 2699 795 2764 audias
836 2699 988 2778 tyrannos
1021 2699 1054 2760 θῖ
1080 2715 1204 2781 semper
1234 2700 1424 2765 adversus

208 2801 241 2864 in
275 2801 454 2878 avaritiam,
488 2802 520 2865 in
553 2800 728 2880 libidinem,
763 2803 795 2864 in
839 2818 906 2864 sua
927 2800 1025 2864 vitia
1047 2799 1246 2866 facundos.

210 2903 412 2968 ambitionem
433 2907 623 2988 perorantes,
646 2906 795 2972 indicium

210 3006 259 3069 sni
281 3004 435 3088 professos
458 3010 567 3090 putes:
590 3007 667 3072 adeo
681 3008 796 3074 redun-

210 3108 287 3172 dant
311 3109 350 3172 ad
365 3109 450 3192 ipsos
465 3109 634 3174 meledicta
648 3111 680 3173 in
694 3112 796 3194 publi·

209 3229 281 3275 eum
303 3211 411 3276 missa.

253 3313 325 3378 Seu.
354 3314 437 3397 apud
457 3315 544 3379 Lact.
566 3313 591 3377 1.
614 3315 653 3378 D.
677 3315 721 3379 VI
743 3317 794 3393 25,
883 3313 1013 3388 32,1.2
1040 3314 1227 3400 templum
1260 3314 1356 3396 quod
1390 3316 1425 3379 ei

210 3419 229 3480 3
263 3435 338 3482 non
374 3417 518 3500 templa
551 3417 609 3481 illi
639 3419 795 3500 congestis
839 3417 1011 3479 extruam
1033 3417 1111 3480 ...P
1132 3435 1237 3481 nonne
1259 3417 1374 3481 melius
1389 3417 1422 3480 in

209 3520 241 3582 in
253 3519 453 3584 altitudinem
465 3521 547 3584 sanis
564 3521 796 3586 exstruenda
839 3520 947 3581 nostra
963 3517 1156 3583 dedicandus
1172 3520 1222 3582 est
1235 3521 1362 3583 mente?
1384 3518 1422 3582 in

210 3624 316 3685 sunt:
346 3621 383 3684 in
411 3641 477 3686 suo
504 3623 642 3705 cuique
670 3641 797 3688 conse·
839 3621 971 3684 nostro
997 3621 1110 3686 immo
1138 3621 1423 3686 consecrandus

210 3724 377 3788 orandus
401 3729 462 3790 est
480 3727 673 3808 pectore.¹)
840 3725 898 3787 est
919 3727 1102 3806 pectore?

254 3824 362 3890 lloral.
390 3827 501 3910 philos.
535 3828 618 3912 apud
650 3827 737 3893 Lact
769 3828 795 3892 Ι.
883 3826 1089 3902 21,11nisi
1120 3825 1222 3891 forte
1245 3826 1320 3890 iam
1343 3823 1428 3908 Iup

210 3928 248 3991 D.
269 3925 410 4006 116,10
435 3929 509 4012 qnid
532 3949 605 4013 ergo
621 3933 677 4008 est,
700 3949 796 4013 quare
839 3927 946 4010 piter
968 3928 1099 3993 senuit
1121 3976 1128 3991 .
1153 3977 1160 3991 .
1184 3977 1191 3990 .

210 4031 293 4114 opud
329 4035 436 4114 poetas
470 4033 682 4097 salacissimus
713 4025 819 4116 Iup-l

209 4135 308 4216 piter
346 4134 472 4199 desierit
508 4136 623 4202 liberos
666 4135 795 4200 tollere?

209 4237 346 4303 Utrum
377 4240 648 4321 sexagenarius
669 4237 794 4303 factus

209 4342 294 4404 θεῖ.
320 4386 328 4402 .
352 4343 381 4404 .?

279 4497 298 4557 ¹)
323 4492 409 4550 Paulo
427 4499 491 4548 ante
510 4491 671 4548 Lactantius
690 4493 810 4548 Senecae
827 4489 1140 4547 Exiet-talionibus
1161 4506 1226 4547 usus
1244 4497 1294 4546 θεῖ.
1330 4493 1427 4560 Itaque

208 4579 306 4642 nescio.
325 4594 374 4634 cnr
385 4577 416 4634 F.
429 4579 549 4634 Haasius
567 4579 672 4634 Annaei
690 4579 783 4634 Senec.
802 4575 1092 4646 opp.111444fr.1ee
1109 4576 1279 4632 lrunclocnm
1298 4577 1427 4644 ‚moralis

207 4665 396 4734 philosophiae
414 4665 506 4720 libris“
524 4663 690 4719 attribuerit.
1177 4749 1214 4802 3*
