3546 5236
802 407 865 472 109

213 599 316 666 forma
340 603 578 686 repugnabunt:
603 602 733 668 facilius
756 622 851 686 reges
875 604 1015 668 animum
1038 602 1129 667 nulla
1151 603 1297 667 vanitate
1314 597 1441 688 [rerum]

212 714 397 773 tumentem.
443 729 506 772 non
534 709 668 773 multum
696 711 790 775 abest
818 730 838 775 a
866 717 1051 794 contempto
1078 709 1140 774 viri
1168 727 1252 792 quae
1281 728 1316 775 se
1347 707 1442 772 nimis

168 818 188 881 6
213 815 357 899 suspicit.
392 814 454 880 (luc
477 816 559 881 bene
581 817 763 881 institutam
785 835 846 882 nec
868 817 1023 883 maternis
1043 816 1244 899 inquinatam
1258 816 1356 898 vitiis,
1378 833 1443 878 non

212 922 304 987 cuius
327 921 481 989 auriculis
504 923 664 1006 utrimque
686 923 882 1008 patrimonia
906 925 982 990 bina
1006 922 1226 1008 dependeant,
1254 941 1317 988 non
1346 941 1443 1005 quam

211 1030 391 1112 margarita
415 1029 582 1114 suffocent,
609 1049 675 1096 non
698 1032 790 1098 cuius
812 1032 918 1098 minus
942 1031 985 1096 sit
1006 1032 1040 1095 in
1064 1030 1141 1096 dote
1165 1050 1261 1114 quam
1284 1029 1317 1094 in
1340 1034 1440 1111 veste,
1465 1028 1488 1092 5

211 1154 275 1201 non
298 1156 394 1218 quam
418 1144 551 1221 patente
575 1137 657 1202 sella
681 1137 903 1204 circumlatam
925 1158 985 1222 per
1009 1139 1119 1204 urbem
1142 1138 1282 1222 populus
1298 1137 1340 1202 ab
1355 1135 1440 1201 omni

210 1251 305 1328 parte
328 1263 432 1326 aeque
455 1264 553 1327 quam
574 1245 710 1311 maritus
734 1245 925 1330 inspexerit,
954 1244 1046 1310 cuius
1075 1244 1212 1310 sarcinis
1240 1243 1354 1310 domus
1378 1261 1441 1307 non

212 1351 255 1416 sit
277 1358 427 1434 angusta.
474 1351 557 1416 banc
585 1351 683 1418 facile
706 1351 751 1417 ad
773 1371 879 1417 mores
903 1358 977 1417 tuos
1005 1351 1147 1434 rediges,
1175 1369 1273 1434 quam
1300 1348 1442 1415 nondum

212 1463 422 1542 corruperunt
445 1458 575 1543 publici.

168 1567 185 1628 7
317 1564 455 1630 'uxorem
479 1567 597 1632 bonam
621 1562 735 1632 amisi’.
771 1586 836 1630 non
860 1565 1024 1632 erubescis
1049 1565 1126 1632 flere
1150 1572 1183 1631 et
1205 1563 1442 1631 intolerabilem
1468 1562 1512 1628 10

210 1691 328 1736 vocare
350 1673 531 1738 iacturam?
578 1673 639 1738 hoc
661 1693 759 1738 unum
783 1673 885 1758 deest,
913 1681 1019 1738 utrum
1042 1673 1130 1738 illam
1160 1673 1275 1756 lugeas
1303 1693 1345 1736 an
1368 1691 1441 1736 non.

211 1798 284 1843 cum
306 1780 456 1843 maritum
480 1787 512 1844 te
538 1780 742 1863 cogitaveris,
770 1789 802 1845 et
824 1780 927 1846 virum
951 1781 1068 1864 cogita.

166 1886 186 1950 8
316 1885 421 1951 ‘amisi
444 1906 575 1951 uxorem
599 1887 733 1954 bonam'.
772 1906 864 1953 soror
886 1887 1032 1972 reparari
1055 1889 1141 1954 bona
1163 1907 1228 1952 non
1251 1892 1360 1971 potest
1382 1905 1442 1950 nec

209 2000 326 2056 mater:
365 2011 446 2057 uxor
477 1993 696 2059 adventicium
730 1993 848 2059 bonum
881 2002 940 2061 est.
986 2014 1050 2059 non
1082 2002 1132 2062 est
1159 1994 1244 2058 inter
1271 1993 1329 2058 illa
1357 2012 1442 2075 quae

210 2098 310 2164 semel
329 2099 501 2183 unicuique
518 2101 716 2184 contingunt
750 2102 868 2166 multos
892 2102 950 2167 tibi
974 2121 1143 2166 numerare
1166 2119 1299 2185 possum
1322 2101 1439 2182 quibus
1466 2097 1508 2160 lb

209 2203 328 2270 bonam
350 2225 483 2272 uxorem
506 2206 692 2290 lugentibus
716 2208 853 2291 contigit
876 2207 997 2274 melior.

166 2312 186 2376 9
316 2333 410 2398 mors,
434 2314 575 2399 exilium,
599 2315 713 2398 luctus,
736 2314 829 2380 dolor
852 2335 915 2380 non
939 2323 1014 2381 sunt
1037 2313 1207 2400 supplicia,
1237 2313 1296 2380 sed
1319 2313 1440 2378 tributa

208 2419 353 2486 vivendi:
381 2423 541 2488 neminem
565 2421 724 2488 inlaesum
748 2421 817 2488 fata
841 2423 1072 2489 transmittunt.
1120 2420 1199 2487 felix
1223 2428 1273 2487 est
1296 2441 1361 2485 non
1384 2420 1438 2504 qui

209 2526 283 2592 aliis
315 2527 452 2613 videtur,
485 2528 543 2596 sed
576 2530 631 2613 qui
664 2529 740 2596 sibi:
779 2529 872 2595 vides
909 2537 1018 2596 autem
1050 2548 1146 2613 quam
1179 2528 1266 2594 domi
1299 2528 1343 2593 sit
1374 2527 1440 2594 ista

208 2631 358 2700 felicitas.
1463 2629 1510 2694 20
1559 2626 1565 2634 “

208 2745 420 2752 .---—.-.—..

300 2797 311 2847 l
326 2812 387 2848 cum
402 2795 514 2850 fortuna
528 2795 561 2866 171
578 2814 658 2851 cume
677 2795 765 2852 forma
780 2795 881 2864 (forma
894 2814 962 2850 corr.
979 2815 1013 2850 ex
1028 2796 1139 2860 forrma)
1154 2793 1186 2866 Ρ1
1202 2796 1395 2865 repugnabant
1405 2795 1437 2874 Jq

208 2891 292 2937 totum
310 2888 481 2940 enuntiatam
499 2890 622 2955 praviter
640 2895 799 2955 corruptum
816 2889 856 2940 sic
875 2887 933 2951 fere
953 2889 1122 2954 refiuaemm:
1147 2885 1203 2939 ists
1221 2885 1277 2950 diu,
1297 2901 1358 2938 cum
1378 2900 1440 2938 eam

207 2971 346 3038 formabis,
365 2973 574 3044 repugnabunt!
593 2993 683 3030 rerum
703 2977 811 3030 seclusit
829 2972 961 3043 Hormus!
982 2977 998 3028 2
1018 2976 1164 3028 timentem
1181 2974 1214 3044 Ρ1
1235 2975 1386 3028 comtemtu
1406 2973 1437 3054 81

167 3111 174 3124 ,
207 3062 224 3114 3
243 3062 358 3130 suscipit
373 3064 455 3128 SRP,
474 3067 521 3117 aad
540 3068 569 3118 ia
587 3066 636 3120 too
655 3065 725 3134 cipit
742 3067 856 3120 deletum
875 3073 899 3120 et
917 3068 947 3118 in
965 3081 1053 3133 maro.
1072 3064 1173 3133 proicit
1190 3059 1353 3132 opposituml
1374 3061 1440 3116 dum

207 3151 276 3205 benc
290 3151 378 3218 PRV,
398 3155 426 3207 iu
454 3153 479 3208 V
494 3171 582 3222 supro
602 3154 667 3208 dum
686 3157 870 3221 scriptumest
884 3151 985 3220 tament
1007 3153 1156 3220 inquinata
1173 3151 1210 3221 Pl
1234 3156 1251 3205 4
1270 3153 1337 3206 bina
1354 3151 1439 3221 patri·

206 3238 343 3310 moniaVl
364 3259 517 3310 numquam
526 3241 559 3311 Ρ1
576 3242 772 3313 bmargaritae
786 3240 862 3312 Voyt
878 3241 1014 3296 suffocent
1025 3241 1052 3311 81
1069 3240 1439 3296 suffocant-circumlatam

205 3345 256 3383 cm.
271 3327 306 3398 ΡΙ
328 3329 372 3383 cui
392 3327 467 3400 Voyl
484 3339 548 3400 post
567 3331 630 3386 dote
649 3333 766 3397 fortasse
784 3333 884 3386 eccidit
903 3329 963 3385 auri
981 3332 1021 3383 cel
1039 3332 1127 3385 simile
1146 3331 1220 3398 quid,
1238 3328 1283 3383 cui
1296 3329 1389 3382 minus
1403 3327 1440 3382 sit

206 3419 307 3480 <in>
316 3419 409 3474 indole
425 3438 509 3488 quam
523 3423 745 3475 H.I.Muclleras
755 3437 925 3489 proprcmm.
934 3423 1075 3492 pymuasir'
1085 3421 1270 3473 Berolr'nensr's
1285 3421 1441 3472 Frs‘derr'cc·

214 3510 373 3563 Wcrdsram'
390 3513 459 3564 onai
477 3515 545 3566 1876
559 3529 590 3580 p.
610 3515 627 3565 9
644 3507 715 3578 adut
746 3511 762 3562 6
786 3518 849 3563 onte
870 3511 985 3578 patente
1007 3528 1049 3576 op.
1068 3511 1131 3562 add.
1155 3508 1193 3572 in,
1222 3511 1293 3576 quod
1316 3509 1440 3562 baasor

204 3599 323 3668 arcfrait!
353 3601 557 3657 circumlataS
583 3600 747 3656 circulatam
769 3597 900 3668 Hessius!
926 3599 1048 3666 'fasque
1072 3598 1115 3666 (se
1133 3615 1220 3666 supro
1241 3599 1321 3664 vers.)
1340 3594 1368 3666 Sl
1397 3595 1439 3650 in·

205 3691 326 3760 spexerit
343 3709 414 3746 corr.
432 3708 467 3746 cc
485 3690 635 3760 inspexeris
654 3689 690 3760 Ρ1
711 3691 728 3743 8
747 3689 783 3744 ad
800 3705 889 3744 mores
908 3691 949 3743 bis
967 3691 1081 3758 scru'psa't
1098 3685 1134 3758 ΡΙ
1155 3690 1218 3742 tuos
1236 3703 1380 3757 compones
1403 3685 1438 3758 Vl

205 3797 261 3834 non
284 3780 497 3849 decorruperunt
517 3779 542 3835 V
562 3779 684 3834 nondum
703 3775 962 3848 conumperuntPt
989 3779 1004 3832 9
1023 3794 1111 3832 mores
1124 3786 1189 3846 post
1208 3776 1312 3846 publici
1335 3778 1398 3830 odd.
1412 3777 1439 3830 R

205 3871 375 3938 corruptores
398 3889 439 3939 op.
464 3872 592 3937 adicitur,
616 3871 686 3938 quod
708 3869 862 3923 uocabulum
886 3869 1010 3922 Hessius
1032 3863 1146 3936 seclusit!
1173 3867 1205 3921 10
1226 3867 1364 3921 erubesces
1387 3863 1438 3935 opt
1535 3921 1539 3927 ,

204 3957 421 4013 intollerabilem
441 3956 474 4028 Sl
496 3959 528 4013 11
549 3961 644 4012 utrum
662 3957 743 4013 illam
760 3976 816 4026 op:
835 3959 868 4011 ut
886 3955 966 4010 illam
982 3958 1012 4021 0,
1031 3965 1059 4010 at
1077 3959 1190 4025 pravius
1208 3959 1266 4010 elue
1283 3959 1363 4010 (labio
1381 3973 1437 4010 ccr-

205 4055 304 4116 rcptcs
326 4056 365 4102 cst
387 4049 431 4102 bic
449 4044 528 4114 beust
554 4065 589 4102 an
613 4065 663 4102 nos
686 4046 722 4102 Pl
748 4047 781 4102 1s
805 4063 918 4101 uxorem
939 4047 1041 4101 bonam
1060 4045 1141 4100 amisi
1159 4041 1194 4111 Vl
1213 4043 1368 4114 recuperari
1386 4041 1437 4113 opt

208 4137 240 4191 14
258 4136 448 4192 aduenticium
466 4155 536 4192 corr.
554 4156 588 4192 ec
607 4137 789 4193 adumtiunm
803 4135 840 4206 ΡΙ
864 4136 896 4190 16
914 4130 1076 4200 uxoremst
1096 4135 1257 4206 lugentibus
1275 4151 1388 4189 uxorem
1402 4131 1435 4202 Vt

205 4226 345 4296 contingit
358 4223 412 4282 SR!
432 4227 530 4282 melior
548 4226 668 4297 contigit
681 4221 732 4296 cal
755 4225 787 4280 18
801 4228 992 4282 transmutant
1005 4222 1043 4287 ΡΙ
1064 4225 1097 4278 19
1112 4241 1196 4293 quam
1214 4241 1279 4278 rara
1296 4221 1371 4278 domi
1384 4219 1436 4291 apl

204 4299 391 4371 unctium·
414 4315 566 4370 SENECE·
589 4315 854 4370 ADGALLIONEM
878 4314 1067 4368 FRATREM·
1089 4312 1324 4378 succussus
1353 4311 1436 4366 FOR-

204 4405 376 4474 TIVl'l'ORq·
402 4394 495 4459 ΕΧΡΪ]
515 4407 678 4474 εαὺεονίρείε
697 4405 720 4460 S
736 4404 807 4460 Vale
826 4405 852 4457 R
870 4403 1025 4468 ExPliCiT5
1045 4402 1179 4473 Explicit;
1199 4401 1306 4472 Explici
1321 4404 1346 4468 t;
1369 4401 1400 4457 V.
