3634 5220
934 385 976 450 20

342 586 521 686 (ἁρμονία),
549 606 664 688 μοεείε,
694 606 834 684 saltatio,
857 607 919 672 alie
941 625 1045 671 carere
1067 604 1172 689 potest
1193 604 1269 680 alia,
1292 600 1381 666 nulla
1402 600 1558 682 rhythmo.

340 703 423 768 Nam
452 706 576 772 saltatio
607 711 638 772 et
659 711 742 774 vocIs
764 709 936 774 modulatio
960 710 1026 774 sine
1050 708 1195 791 rhythmo
1218 725 1258 770 ne
1281 704 1409 788 cogitari
1432 703 1558 785 quidem

339 810 483 889 possunt,
506 811 566 875 nisi
582 831 654 876 vero
671 813 866 876 turbulentos
889 831 1001 896 passus
1024 815 1056 876 et
1077 829 1169 874 sonos
1192 807 1337 874 confusos
1360 806 1557 871 saltationem

340 912 373 973 et
401 914 529 977 cantum
553 915 623 996 quis
646 915 737 979 dicat
782 913 869 994 Quae
892 919 998 980 antem
1020 915 1100 978 ratio
1122 914 1203 978 inter
1224 912 1307 976 vocIs
1331 911 1363 973 et
1384 910 1557 973 saltationis

338 1012 502 1095 rhythmos
532 1017 720 1095 intercedat,
752 1019 968 1100 cognoscimus
1000 1037 1036 1082 err
1062 1017 1143 1080 Plat
1170 1015 1243 1096 Leg.
1271 1013 1303 1076 H
1333 1013 1395 1075 672
1423 1013 1464 1076 u:
1500 1005 1557 1099 ὅλη

337 1111 396 1196 μέν
418 1140 483 1181 που
504 1113 615 1203 χορεία
636 1113 693 1206 ὅλη
716 1115 891 1199 παίδευσις
913 1108 950 1206 ἦν
973 1118 1060 1206 ἡμῖν,
1084 1108 1250 1183 τούτωνδ’
1275 1101 1314 1179 αὖ
1335 1106 1376 1180 τὸ
1396 1113 1456 1198 μὲν
1479 1119 1558 1202 ῥυθ-

335 1215 397 1298 μοί
423 1241 459 1282 τε
485 1217 541 1284 καὶ
569 1214 736 1308 ἁρμονίαι,
767 1217 805 1287 τὸ
831 1215 915 1288 κατὰ
941 1214 998 1308 τὴν
1020 1219 1135 1310 φωνήν.
1151 1272 1158 1286 .
1175 1269 1183 1283 .
1200 1269 1207 1284 .
1223 1211 1261 1282 τὸ
1284 1215 1321 1281 δέ
1340 1240 1375 1303 χε
1396 1209 1479 1282 κατὰ
1501 1215 1557 1303 τὴν
1596 1229 1602 1244 ’

337 1322 396 1384 τοῦ
419 1317 570 1404 σώματος
592 1319 713 1410 κίνησιν
735 1318 861 1414 ῥυθμὸν
881 1325 942 1410 μὲν
963 1322 1066 1391 κοινὸν
1087 1327 1128 1411 τῇ
1147 1328 1216 1409 τῆς·
1225 1324 1333 1408 φωνῆς
1347 1313 1413 1402 εἶχε
1426 1317 1555 1407 κινήσει,

337 1424 447 1507 σχῆμα
482 1422 519 1488 δὲ
545 1420 637 1491 ἴδιον.
666 1424 731 1492 ἐκεῖ
759 1427 796 1492 δὲ
821 1426 920 1511 μέλος
948 1423 967 1516 ἡ
993 1433 1051 1516 της
1077 1429 1185 1514 φωνῆς
1212 1423 1345 1512 κίνησις.
1394 1424 1556 1504 Quantum

337 1529 445 1592 autem
467 1528 517 1592 rel
542 1527 623 1616 ψιλὴ
648 1523 780 1617 ὄρχησις
803 1533 951 1610 valuerit,
975 1533 1135 1596 testantur
1156 1533 1188 1594 et
1210 1528 1393 1593 Aristoteles
1417 1527 1503 1592 Post.
1526 1547 1554 1592 c.

337 1629 353 1690 1
380 1630 478 1693 1447*
514 1631 569 1695 26;
597 1624 686 1719 αὖτήἳ
708 1632 745 1697 δὲ
772 1636 818 1721 τῷ
848 1639 966 1722 ῥυθμῷ
992 1637 1179 1717 μιμοῦνται,
1206 1628 1305 1719 χιορὶς
1328 1623 1496 1716 ἁρμονίας»
1523 1624 1553 1724 91

337 1729 471 1798 (πολλοὶ
485 1731 524 1818 ¹)>
547 1737 613 1800 τῶν
637 1727 820 1824 ὀρχηστῶν·
844 1735 898 1801 καὶ
921 1733 981 1826 γὰρ
1004 1723 1090 1802 οὗτοι
1112 1733 1168 1800 διὰ
1189 1739 1255 1800 τῶν
1270 1729 1555 1821 σχηματιζομένων

336 1837 472 1919 ῥυθμῶν
498 1841 675 1920 μιμοῦνται
698 1837 753 1904 καὶ
775 1831 843 1926 ἤθη
867 1838 920 1904 καὶ
945 1835 1042 1926 πάθη
1064 1837 1119 1904 καὶ
1143 1834 1290 1925 πράξεις,
1313 1841 1344 1902 et
1366 1836 1555 1901 Plutarchus

335 1934 463 2014 Quaest
491 1940 611 2006 convir.
633 1941 679 2006 IX
704 1944 743 2004 15
765 1963 795 2026 p.
820 1943 880 2004 747
904 1944 945 2006 II:
974 1940 1007 2007 ἐν
1035 1935 1162 2028 ὀρχήσει
1185 1937 1223 2004 τὸ
1245 1938 1306 2023 μὲν
1327 1942 1435 2024 σχῆμα
1455 1962 1555 2024 μιμη-

334 2034 424 2104 τικόν
457 2037 529 2106 ἔστι
561 2047 689 2131 μορφῆς
721 2043 776 2109 καὶ
806 2038 908 2123 ἰδέας,
941 2043 995 2110 καὶ
1025 2043 1125 2109 πάλιν
1154 2038 1173 2129 ἡ
1200 2035 1285 2129 φορὰ
1311 2039 1446 2119 πάθους
1467 2033 1554 2118 τινὸς

334 2137 531 2228 ἐμφαντικὸν
553 2139 573 2233 ἢ
596 2145 750 2235 πράξεως
772 2138 791 2233 ἢ
814 2140 989 2230 δυνάμεως.
1026 2146 1130 2226 Quare
1153 2147 1255 2211 eidem
1271 2145 1441 2209 Plutarcho
1464 2145 1552 2228 (ibid.

334 2265 363 2328 p.
389 2246 450 2308 748
473 2250 512 2328 Α)
536 2252 572 2314 ut
593 2251 715 2333 pictura
736 2253 782 2316 ita
805 2241 936 2339 ὄρχησις
958 2252 1007 2316 est
1029 2245 1163 2337 ποίησις
1186 2251 1360 2313 cronaca.

417 2347 487 2413 Iam
503 2354 673 2432 quaeritur,
690 2355 843 2438 quomodo
858 2374 931 2419 cum
947 2355 1032 2438 poesi
1049 2353 1174 2418 saltatio
1190 2351 1284 2416 fuerit
1299 2352 1474 2417 coniuncta.
1508 2354 1553 2415 Ac

333 2451 461 2514 nomina
482 2455 637 2535 quaedam
661 2459 879 2536 saltationum,
908 2451 1074 2534 δάκτυλοι,
1098 2450 1234 2539 ἰαμβική
1240 2504 1248 2531 ,
1269 2451 1450 2540 μολοσσική
1471 2455 1553 2538 apud

333 2554 531 2621 Athenaeum
545 2557 620 2622 XIV
636 2560 698 2623 629
714 2560 742 2622 Ι)
766 2561 835 2642 (ηοί
851 2561 929 2624 haec
952 2579 988 2624 ex
1002 2560 1174 2644 Tryphonis
1197 2560 1388 2624 onomastico
1409 2559 1553 2622 hausisse

332 2655 456 2721 videtur
471 2657 580 2724 Cerolo
595 2661 723 2726 Alberto
738 2663 826 2747 Bapp
843 2663 891 2728 ‘de
907 2662 1057 2741 fontibus,
1080 2663 1194 2744 quibus
1209 2663 1391 2727 Athenaeus
1411 2662 1444 2724 iu
1459 2661 1553 2726 rebus

331 2760 461 2825 musicis
472 2761 639 2845 lyricisque
652 2766 834 2830 enarrandis
844 2785 922 2830 usus
935 2765 984 2830 sit’
996 2765 1171 2849 [Leipziger
1183 2765 1314 2830 Studien
1325 2763 1403 2828 VIII
1413 2783 1440 2828 a.
1455 2764 1551 2846 1885]

332 2880 360 2944 p.
378 2863 450 2944 118)
474 2866 584 2930 eadem
607 2870 681 2930 sunt
703 2871 798 2952 atque
826 2868 943 2952 pedum
964 2868 1173 2934 metricorum.
1219 2868 1284 2932 Nec
1308 2871 1414 2932 tamen
1430 2885 1553 2951 semper

333 2968 548 3050 congruebant
575 2969 740 3034 verborum
768 2972 910 3054 rhythmi
944 2991 1015 3036 cum
1043 2972 1233 3036 saltationis:
1260 2972 1347 3036 velut
1375 2971 1433 3034 sub
1457 2971 1552 3036 finem

331 3067 621 3136 Ecclesiazusaruro
655 3075 787 3139 cretIcao
821 3074 983 3138 saltationi
1016 3094 1080 3139 non
1112 3075 1217 3140 cretici
1250 3077 1422 3139 metrorum
1456 3073 1550 3157 pedes

331 3175 536 3257 respondent;
570 3194 645 3241 nam
679 3196 872 3260 quamquam
907 3177 959 3256 „in
992 3178 1059 3241 loco
1090 3179 1157 3242 tam
1195 3179 1338 3260 corrupto
1370 3177 1475 3241 omnia
1506 3177 1553 3240 in·

332 3279 435 3340 certa“
460 3281 537 3342 sunt
557 3278 732 3361 (Blaydes),
755 3283 862 3346 mmen
885 3283 1003 3359 metra,
1031 3299 1110 3363 quae
1134 3281 1250 3346 tradita
1272 3282 1362 3358 suut,
1385 3298 1458 3344 cnm
1480 3278 1552 3343 dae·

331 3378 405 3460 tylis
433 3382 587 3458 constent,
621 3383 734 3464 quibus
767 3383 953 3468 praecedere
985 3384 1130 3448 ridentur
1157 3386 1221 3448 tres
1252 3402 1361 3448 versus
1393 3383 1550 3460 trochaici,

332 3482 498 3564 sescuph'ci
519 3483 738 3566 rhythmorum
761 3488 867 3571 generi
889 3487 1023 3552 adscribi
1038 3487 1125 3551 nullo
1146 3487 1239 3552 modo
1260 3489 1402 3571 possunt.
1440 3487 1549 3571 Neque

332 3583 499 3665 quicquam
532 3587 664 3670 proiecit
695 3591 848 3674 Blaydes,
881 3609 954 3654 cum
986 3591 1117 3654 rerbum
1151 3594 1308 3677 κρητικῶς
1337 3591 1422 3655 idem
1446 3591 1549 3654 ralere

331 3687 486 3750 statueret
508 3691 591 3771 quod
608 3683 888 3779 ὑπορχηματικιῖιςε
911 3694 1008 3758 immo
1032 3696 1076 3759 sic
1098 3713 1222 3778 quoque
1244 3694 1303 3760 hoc
1317 3695 1384 3760 loco
1399 3695 1549 3778 probatur

330 3789 458 3853 nomina
492 3793 697 3860 saltationum
730 3816 794 3861 non
828 3815 951 3881 semper
985 3797 1023 3861 ad
1057 3799 1124 3881 ipsa
1150 3801 1252 3863 metra
1280 3818 1347 3863 esse
1376 3797 1548 3863 referenda.

330 3893 376 3954 Ac
408 3910 448 3956 ne
475 3893 501 3957 is
529 3897 656 3978 quidem
684 3918 739 3982 pes
771 3899 816 3966 ibi
845 3901 992 3980 occurrit,
1026 3902 1077 3966 cui
1104 3901 1258 3965 Aristides
1285 3899 1413 3980 Quintil.
1443 3899 1549 3965 cretici

330 4013 444 4059 nomen
476 3996 623 4082 imponit:
643 4056 662 4065 -
679 4051 695 4070 a
713 4057 731 4066 -
750 4052 765 4070 ι
786 4006 829 4086 (p.
854 4007 894 4067 39
910 4004 1198 4085 u=2o,20J).²)
1246 4003 1361 4068 Similis
1384 4003 1549 4068 Intercedit

329 4096 537 4183 discrepantia
569 4103 651 4168 inter
679 4105 853 4172 saltationis
881 4111 913 4172 et
939 4107 1030 4173 metri
1060 4108 1189 4173 nomina
1216 4107 1249 4172 in
1273 4107 1442 4172 Simonidis
1465 4106 1547 4189 frag-

329 4203 437 4268 mento
460 4205 498 4266 31
523 4205 584 4288 (ed.
600 4207 718 4292 Bergk)
742 4209 833 4289 (conf.
861 4209 1031 4277 ChristIum
1054 4211 1162 4276 Μεττ.1
1183 4232 1214 4298 p.
1238 4213 1300 4278 390
1321 4213 1391 4296 sq).
1436 4211 1545 4294 Neque

399 4375 422 4437 ¹)
440 4371 560 4430 haeredi
577 4375 628 4433 hoc
645 4377 771 4434 Heinsius
789 4379 921 4449 probante
940 4381 1070 4438 Vahlsnc.

399 4461 423 4529 ¹)
441 4461 481 4515 CI.
500 4461 677 4518 Choercbcse.
695 4464 809 4535 Exores.
828 4467 856 4521 iu
875 4467 1022 4537 Hephaest.
1040 4485 1066 4539 p.
1085 4469 1127 4536 62,
1142 4469 1217 4525 1011:
1237 4466 1411 4545 διτρόχαιοε.
1427 4512 1432 4524 .
1446 4469 1480 4524 ,ὁ
1500 4473 1547 4522 και

330 4545 461 4692 κρηῖδιηιόἓ
472 4547 542 4693 etgari
559 4548 761 4625 Ἀριστόξενονς
779 4555 866 4612 Aaou.
886 4556 1008 4614 Ambrae.
1029 4573 1053 4628 p.
1072 4558 1123 4613 263
1135 4557 1161 4615 N
1173 4579 1208 4609 =
1220 4559 1279 4627 229,
1290 4559 1322 4614 1³
1344 4559 1399 4628 St.;
1421 4557 1545 4616 Diomed.

328 4649 354 4706 1)·
424 4673 433 4706 ι
507 4676 512 4692 ·
