3634 5240
860 363 894 424 71

771 448 821 454 ---
829 449 980 458 ----...

265 583 425 666 dactylum
438 585 551 669 pedem
567 586 792 668 complectens:
815 581 943 663 ἵππους
960 583 997 650 δὲ
1019 577 1146 665 ξανθὰς
1167 577 1283 652 ἑκατὸν
1301 585 1357 651 καὶ
1373 585 1487 673 πεντή-

264 707 375 764 κοντα,
408 688 441 752 in
471 679 887 774 οο111111ε11111111,11111ε16η
921 688 1092 753 hexametri
1126 692 1289 756 continent
1311 693 1351 772 (v.
1376 691 1488 755 Stude-

264 789 417 854 mundum
445 791 478 854 in
500 790 616 854 Anecd.
644 789 716 854 Var.
743 788 759 852 Ι
788 790 877 869 186),
900 791 1076 874 appellatur
1097 790 1272 878 λογοειδής,
1297 785 1487 877 ,λογοειδὴς

264 887 301 954 de'
323 887 413 956 εὀτιν
435 885 452 956 ὁ
475 887 651 978 πεζότερος
672 894 713 978 τῇ
736 887 912 957 ουνθέσει“
935 894 1283 976 (Pseudo-Herodianus
1302 917 1331 978 p.
1351 897 1409 959 181
1430 896 1486 967 St..

264 1021 305 1049 =
328 995 457 1060 ‘scholia
477 995 729 1079 Hephaestionea
751 998 787 1061 B'
812 1017 840 1080 p.
867 998 937 1072 171,
961 999 1001 1060 25
1024 998 1064 1059 W
1080 1027 1123 1052 =
1150 999 1200 1075 24,
1225 1001 1263 1061 31
1288 999 1330 1077 Η,
1353 999 1417 1063 fere
1442 1023 1484 1055 =

264 1099 417 1162 tractatus
439 1099 628 1165 Harloianus
650 1120 680 1183 p.
705 1100 766 1164 326
791 1099 888 1165 Gaisf.
911 1103 993 1181 eto).

350 1218 411 1283 Sed
434 1219 517 1283 idem
540 1237 663 1282 versus:
697 1217 827 1298 ἵπποις
849 1217 886 1284 δὲ
909 1212 1035 1299 ξανθὰς
1057 1219 1123 1284 κτλ,
1157 1241 1218 1286 non
1246 1222 1339 1286 modo
1361 1223 1488 1304 propter

265 1322 429 1386 metricam
453 1321 587 1386 formam
610 1323 774 1387 videbatur
796 1342 864 1388 esse
887 1319 1064 1409 λογοειδής,
1096 1325 1150 1388 sed
1174 1325 1322 1388 etiamid
1346 1325 1486 1390 ordinem

264 1443 372 1488 eorum
387 1425 650 1499 hexametrorum,
668 1426 781 1508 quibus
797 1420 832 1489 οἱ
848 1424 1003 1512 διαφοραὶ
1020 1429 1077 1490 cci·
1092 1420 1232 1512 ἡρωϊκοῑ1
1243 1427 1394 1491 illustrari
1410 1429 1487 1491 sole-

263 1527 351 1602 bant,
374 1530 424 1592 est
437 1531 581 1612 receptus
601 1529 766 1610 tamquam
791 1514 970 1608 πολιτικός,
995 1531 1108 1614 qnippe
1125 1531 1177 1612 qui
1193 1531 1235 1594 sit
1256 1521 1331 1593 ἄνευ
1355 1524 1487 1607 πάθοις

263 1619 286 1714 ἢ
309 1625 434 1716 τρόπον
457 1627 680 1716 πεποιημένος
702 1635 744 1709 (1.
760 1631 954 1696 Ludovicum
969 1631 1058 1696 Voltz
1079 1633 1126 1697 ‘de
1141 1633 1233 1696 Helia
1249 1633 1401 1698 Monaoho
1417 1633 1486 1697 etc.'

263 1753 292 1815 p.
307 1734 368 1811 30).
413 1731 494 1798 Item
510 1753 632 1810 sensus,
655 1754 717 1798 non
735 1734 853 1799 formae
869 1737 1024 1800 rationem
1046 1735 1143 1799 habet
1159 1735 1318 1813 Seleucea,
1343 1754 1415 1799 oum
1431 1735 1486 1799 illo

264 1854 356 1899 versu
374 1838 455 1900 sicut
469 1836 577 1918 multis
593 1837 662 1900 aliis
677 1837 756 1901 nihil
771 1839 921 1903 contineri
936 1840 1028 1922 putet
1043 1837 1102 1901 nisi
1118 1857 1294 1902 sermonem
1310 1837 1486 1920 pedestrem

265 1938 297 2001 in
320 1942 458 2003 metrum
478 1939 654 2003 redactum:
680 1939 782 2004 Schol.
797 1941 923 2005 Homer.
947 1941 986 2005 ad
1011 1940 1042 2003 Ω
1056 1940 1118 2002 476
1143 1934 1253 2004 ἔσθων
1272 1937 1343 2008 (καὶ
1366 1934 1485 2003 πίνων·

264 2033 311 2105 ἔτι
339 2039 394 2104 καὶ
423 2037 598 2127 παρέκειτο
625 2037 754 2128 τράπεζ
780 2041 793 2110 >
824 2092 831 2106 .
856 2093 863 2107 .
888 2093 895 2107 .
920 2093 927 2108 .
950 2038 978 2107 εἰ
1003 2041 1039 2107 δὲ
1062 2035 1197 2121 εὐτελεῖς
1219 2037 1249 2108 οἳ
1273 2037 1396 2123 στίχοι,
1431 2040 1486 2106 καὶ

263 2135 371 2208 ἄλλοι·
395 2138 514 2223 ,τίπτε
533 2140 611 2208 Θέτι
632 2142 817 2210 τανύπεπλε
832 2139 950 2223 ἱκάνεις
964 2138 1117 2230 ἡμέτερον
1138 2144 1207 2210 δῶ“
1225 2149 1265 2227 (Σ
1275 2147 1364 2224 385)
1388 2135 1487 2225 „odde'

263 2267 316 2310 κεν
337 2238 463 2332 ἀμβαίη
485 2237 601 2331 βροτὸς
622 2238 711 2334 ἀνήρ,
735 2241 772 2312 οὗ
793 2245 976 2335 καταβαίη“
993 2250 1110 2331 (1171)·
1134 2241 1174 2334 ,,ἡ
1197 2245 1234 2312 δὲ
1248 2243 1384 2334 τετάρτη
1399 2239 1486 2332 ὕδωρ

265 2344 397 2435 aptaro
421 2347 454 2433 (κ
477 2348 568 2430 358)-
592 2353 661 2438 ,τῷ
683 2345 711 2415 d'
728 2342 791 2438 ἄρα
814 2348 960 2436 πέμπτην
984 2344 1092 2434 πέμπ’
1115 2343 1185 2416 ἀπὸ
1207 2347 1326 2434 νήσου“
1350 2352 1379 2430 (ε
1395 2349 1486 2428 263)-

263 2451 444 2530 ,ἵππους
459 2448 500 2517 δὲ
518 2444 670 2532 ξανθὰς
692 2444 828 2519 ἑκατὸν
849 2453 912 2518 καί
930 2451 1194 2539 usurpatorem
1210 2457 1261 2534 (A
1273 2453 1363 2533 680)·
1380 2445 1487 2531 ,ἔνθα

260 2553 320 2636 μὲν
342 2545 413 2619 εἴτε
435 2558 543 2637 βοοῖνα
559 2559 592 2634 (ιι
603 2558 666 2637 98).
696 2541 785 2622 οὗτοι
807 2552 867 2644 γὰρ
891 2554 1018 2636 πάντες,
1043 2551 1088 2635 dg
1110 2554 1269 2634 Σέλευκος,
1294 2549 1487 2640 ἔμμετρον

260 2648 401 2722 λαλιὰν
423 2651 559 2737 ἔχουσιν.
584 2659 663 2737 (cod.
687 2660 734 2742 Α).
758 2660 935 2742 (Rausoher
957 2680 986 2743 p.
1013 2661 1073 2741 16.)
1086 2663 1111 2741 1)

347 2761 465 2825 uadem
490 2763 538 2825 ert
559 2762 698 2826 condicio
726 2762 994 2827 trimetrorum
1023 2763 1284 2828 iambioorum.
1330 2761 1413 2825 Nam
1436 2761 1485 2824 vel

261 2865 293 2925 in
311 2863 484 2946 imparibus
500 2865 626 2930 sedibus
642 2866 753 2948 longae
777 2865 917 2948 syllabae
933 2886 995 2929 non
1013 2868 1137 2949 propter
1157 2866 1354 2947 gravitatem,
1371 2864 1425 2928 sed
1442 2883 1482 2928 ne

261 2967 409 3030 continuo
436 2967 526 3049 quasi
552 2967 604 3031 filo
632 2967 859 3033 deducerentur
881 2970 990 3034 breves
1014 2971 1046 3033 et
1072 2969 1184 3050 longae
1208 2967 1387 3032 alternatim
1415 2985 1483 3030 sese

262 3069 492 3152 subsequentes
513 3070 609 3152 (quod
633 3070 688 3134 ubi
709 3071 813 3148 fiebat,
836 3071 972 3154 plurima
995 3073 1128 3136 verbaa
1159 3071 1280 3153 dialogo
1305 3069 1484 3133 fabularum

262 3173 385 3236 exulare
406 3173 585 3252 debebant),
606 3176 749 3258 receptae
767 3174 912 3239 videntur
927 3173 1113 3238 Terentiano
1128 3173 1238 3238 Mauro
1258 3194 1287 3236 r.
1304 3172 1406 3235 2196:

432 3275 535 3350 „Nam
557 3295 630 3340 mox
652 3279 771 3360 poetae,
794 3296 834 3341 ne
856 3277 951 3340 nimis
974 3275 1150 3347 s<tri>c<ta>
1174 3279 1206 3340 et
1225 3276 1327 3340 brevis

427 3377 491 3442 Lex
513 3379 591 3443 haec
613 3381 708 3447 iambi
731 3381 826 3445 verba
848 3398 948 3463 pauca
971 3379 1162 3457 admitteret,

428 3480 514 3544 Dum
536 3502 634 3566 parva
654 3484 782 3564 longam
805 3501 929 3566 semper
952 3481 1072 3546 alterrm
1095 3483 1195 3565 gradu

428 3583 530 3666 Urget
553 3605 611 3651 nec
634 3587 714 3669 aptis
738 3586 865 3670 exprimi
887 3586 989 3650 verbis
1013 3585 1088 3650 sinit

431 3685 550 3752 Sensus
573 3691 681 3772 aperte
705 3688 876 3754 dissidente
900 3688 1017 3770 regula,

431 3788 595 3872 Spondeon
619 3794 652 3856 et
674 3811 751 3875 quos
774 3792 833 3856 iste
856 3809 910 3875 pes
934 3810 970 3856 ex
993 3809 1026 3854 se
1049 3792 1134 3854 creat

428 3893 691 3960 Admiecuerunt“

263 3998 353 4059 et'ex
375 3995 485 4060 eodem
506 3996 590 4062 fonte
613 3998 735 4079 (Caesio
757 3996 869 4082 Basso)
897 3996 1053 4062 haurienti
1076 3995 1175 4058 Mario
1197 3993 1356 4058 Victorino
1379 4013 1409 4076 p.
1432 3993 1484 4072 80,

265 4099 281 4160 1
305 4097 353 4162 K:
386 4099 502 4181 „igitur
528 4100 700 4165 iambicum
726 4103 863 4165 metrum
889 4119 929 4164 ne
951 4100 1078 4183 propter
1106 4098 1276 4180 angustam
1297 4095 1485 4160 brevitatem

263 4201 312 4266 sui
334 4201 432 4285 pedis,
455 4202 600 4269 videlicet
621 4205 655 4269 in
669 4204 730 4269 tria
751 4206 893 4288 tempora
908 4202 1048 4280 coartati,
1070 4201 1166 4265 uerba
1186 4200 1278 4283 plura
1293 4197 1485 4263 excludendo

266 4352 408 4360 ψ*
420 4353 470 4359 ..m-

334 4449 354 4516 ¹)
373 4447 490 4504 Etiamsi
509 4447 592 4516 igitur
611 4443 681 4499 idem
700 4459 792 4498 remus
810 4446 922 4510 propter
940 4441 1055 4496 sormam
1074 4434 1227 4511 λογοειδήε,
1245 4441 1358 4505 propter
1376 4439 1485 4489 senten-

264 4536 330 4588 tiam
360 4530 499 4590 πολιτικός
525 4536 651 4598 vocatur,
680 4535 770 4584 tamen
797 4527 860 4582 inde
883 4543 937 4582 non
964 4525 1099 4593 sequitur,
1127 4528 1159 4579 ut
1181 4523 1248 4576 hacc
1275 4522 1327 4576 duo
1351 4520 1485 4575 vocabula

263 4637 374 4690 prorsus
394 4620 463 4675 idem
482 4617 645 4688 significent,
664 4631 734 4683 quae
751 4613 916 4682 Westphalii
936 4612 1015 4666 Matr.
1035 4609 1063 4664 1¹
1081 4613 1131 4663 213
1150 4608 1286 4662 sententia
1305 4607 1364 4661 l'uit.
