3546 5236
969 411 1030 473 116

380 602 495 686 paucis
534 600 727 685 quibusdam
765 602 846 669 loeis
883 609 1041 686 servatae,
1078 601 1178 668 multo
1211 603 1356 688 pluribus
1390 603 1607 670 restituendae

380 714 462 772 sunt.
522 729 625 792 neque
663 708 794 774 dubium
830 708 933 774 videri
969 717 1079 794 potest
1115 709 1192 792 quin
1230 711 1333 775 maior
1364 711 1462 776 etiam
1500 731 1605 778 earnm

378 835 530 881 numerus
553 823 732 901 temporum
756 816 873 882 iniuria
897 816 1102 882 oblitteratas
1127 815 1210 902 sit⁸).
1252 817 1286 880 in
1309 817 1488 900 tragoediis
1512 819 1609 902 igitur

378 943 477 1004 pam,
507 921 594 1005 qnod
618 923 727 1006 sciam,
756 922 820 988 nisi
843 923 944 988 semcl
968 933 1131 988 servatum
1153 943 1216 987 non
1241 931 1292 989 est
1314 924 1408 990 Herc.
1433 923 1504 990 Oet.
1527 927 1606 990 610:

468 1037 609 1114 atquem
633 1029 671 1106 (Ε
695 1029 794 1114 solus,
818 1051 886 1094 cam
908 1030 988 1106 Leo)
1010 1052 1139 1113 nwprtae
1155 1039 1288 1115 pataerc
1304 1037 1404 1115 sores.

379 1156 473 1218 quem
496 1155 633 1220 versum,
662 1157 734 1202 cum
758 1158 778 1200 a
803 1139 866 1202 706
891 1135 1018 1201 demum
1042 1137 1277 1203 continuatoris
1305 1156 1435 1223 operam
1465 1139 1607 1223 incipere

378 1243 552 1308 coniecerit
565 1243 642 1327 Leo,
667 1263 724 1308 our
746 1249 910 1326 tamquam
927 1242 1143 1309 adulterinum
1167 1244 1200 1308 in
1216 1245 1433 1330 suspicionem
1448 1266 1607 1328 vocemus,

378 1349 469 1414 nulla
493 1357 543 1416 est
567 1370 677 1416 causa.
711 1349 824 1415 mirum
849 1356 956 1415 autem
982 1360 1032 1416 est
1053 1349 1149 1417 huius
1174 1350 1275 1417 solius
1298 1351 1490 1435 tragoediae
1509 1353 1606 1418 etiam
1723 1357 1724 1434 j

379 1455 454 1522 aliis
483 1456 675 1539 quibusdam
708 1458 790 1522 locis
823 1456 940 1534 censo
981 1457 1069 1524 illius
1105 1456 1229 1523 formae
1265 1459 1407 1542 vestigia
1439 1479 1608 1544 apparere,

378 1583 449 1628 eum
472 1565 505 1628 in
529 1564 646 1630 octena
671 1565 818 1630 omnibus
841 1565 960 1649 ubique
984 1586 1053 1629 arm
1076 1564 1218 1648 legatur:

433 1673 513 1737 607:
538 1693 640 1756 qaam
667 1669 770 1756 (11114111
792 1670 829 1749 Ε,
859 1671 998 1736 correxit
1021 1671 1186 1756 Pciperus,
1214 1694 1283 1736 abac
1311 1672 1390 1754 Leo)
1419 1681 1463 1738 lot
1482 1676 1609 1758 populis

535 1781 665 1862 stipante
687 1801 749 1844 cac.

414 1887 513 1952 1163:
533 1907 593 1970 per
617 1887 719 1951 media
741 1887 848 1950 Letbes
871 1893 980 1967 ctapna
1002 1908 1071 1950 cram
1093 1889 1189 1970 spolio
1212 1889 1289 1968 redi,

534 2014 636 2077 quom
668 1995 743 2076 (prro
774 1992 811 2077 E,
842 2013 911 2056 num
937 1993 975 2075 Α,
1014 1993 1152 2059 conexit
1180 1993 1350 2077 Peipcrus)
1379 2015 1480 2077 pactae
1511 1996 1608 2078 lapsis

535 2102 647 2165 excidii
671 2101 764 2166 Titan
786 2103 879 2183 eperia

373 2208 440 2273 Leo
470 2207 522 2272 hie
550 2206 682 2272 retinuit
709 2227 777 2290 prro.
824 2213 859 2270 at
887 2225 958 2272 cum
983 2205 1047 2270 dici
1077 2205 1132 2271 vix
1154 2205 1260 2291 possit
1283 2209 1423 2271 excidere
1445 2209 1549 2292 abortu
1572 2231 1607 2272 re

373 2319 458 2399 epatis
485 2335 543 2400 pro
574 2334 611 2379 co
645 2313 731 2396 quod
762 2321 813 2379 cst
835 2322 964 2399 propter
994 2315 1112 2397 aliquid
1142 2313 1195 2378 vel
1223 2314 1327 2398 alipta
1357 2335 1392 2378 re
1423 2318 1606 2380 sarmatum

373 2429 471 2505 atque
486 2427 562 2506 apte
577 2421 734 2506 Pcipcrns
749 2421 908 2504 Herculis,
927 2420 981 2504 qui
996 2421 1029 2485 in
1042 2418 1258 2504 interpolatae
1272 2421 1470 2486 recensionis
1485 2420 1605 2487 codici·

372 2529 432 2593 bus
460 2527 570 2593 furens
594 2527 785 2612 appellatur,
812 2547 941 2593 versum
964 2529 1076 2610 dosa:
1109 2530 1173 2592 oisc
1202 2527 1352 2591 labantem
1383 2527 1514 2592 Cerbero
1540 2531 1608 2593 aidi

372 2638 453 2700 diem
475 2637 681 2719 pavidamque
707 2637 800 2699 solem
828 2633 965 2700 conferri
994 2633 1112 2717 iubeat,
1141 2632 1236 2699 huius
1265 2633 1482 2699 coniecturam
1510 2636 1604 2718 ecqui

371 2743 466 2806 malo.
513 2740 631 2807 deinde
654 2741 730 2806 aliis
754 2740 880 2807 duobus
904 2741 984 2806 locis
1013 2762 1104 2824 puae
1133 2741 1285 2824 scriptum
1313 2740 1423 2806 estin
1451 2741 1487 2826 E,
1515 2742 1603 2826 qnod

371 2857 429 2915 aut
460 2848 623 2914 barbariei
656 2847 779 2914 librarii
814 2847 949 2913 debetur
981 2867 1052 2914 cam
1086 2846 1222 2912 formam
1252 2866 1311 2932 pro
1341 2869 1408 2912 arm
1439 2850 1603 2933 ponentis,

370 2964 435 3041 aut,
459 2963 495 3020 ut
517 2955 674 3040 Peiperns
697 2955 775 3038 vult,
798 2975 905 3020 merus
929 2963 980 3020 cst
1004 2953 1165 3020 scribendi
1189 2973 1278 3018 error
1300 2973 1358 3038 pro
1382 2975 1486 3038 priam

428 3065 508 3130 587:
533 3085 602 3128 cam
626 3062 785 3142 (nichao,
810 3083 917 3146 qaam
939 3062 976 3147 E,
1000 3083 1090 3150 qaam
1113 3061 1283 3146 Peiperus)
1307 3065 1369 3126 iam
1392 3065 1524 3128 lammae

528 3193 598 3235 acre
615 3177 743 3255 peracto
766 3169 957 3251 (Achelous)
976 3177 1105 3254 poneret
1127 3171 1237 3234 undae.

427 3281 507 3345 6961
531 3300 600 3343 cam
624 3277 685 3357 (sic
708 3276 784 3360 Leo,
807 3299 914 3361 paam
936 3275 972 3360 E,
1000 3287 1090 3360 prom
1114 3276 1282 3360 Peiperus)
1310 3280 1373 3341 iam
1389 3278 1603 3360 fulconidem

529 3387 655 3450 brumae

529 3494 619 3556 tertia
641 3493 720 3557 coles
743 3499 846 3556 evocat
867 3499 978 3555 aeetae

369 3628 581 3636 ...μα-...4,-

367 3714 469 3770 aetatis
496 3713 641 3782 scriptores
670 3711 726 3781 legi
754 3715 852 3766 notum
879 3715 929 3766 est
971 3714 1049 3766 tamo
1073 3711 1147 3780 apud
1170 3711 1344 3774 Frontonem,
1373 3711 1422 3780 qui
1449 3713 1599 3780 antiquum

366 3803 497 3858 sermonis
516 3802 633 3858 colorem
653 3801 773 3866 affectat,
792 3800 1029 3869 frequentissimus
1047 3801 1098 3854 has
1116 3799 1217 3854 formas
1235 3817 1300 3854 ease.

458 3889 479 3959 ⁸)
503 3890 673 3961 probabilius
701 3891 752 3944 hcc
781 3890 934 3955 videbitur,
965 3889 988 3943 si
1019 3889 1240 3960 reputaverimus
1271 3889 1357 3944 etiam
1389 3889 1419 3942 in
1452 3889 1597 3944 Frontonis

364 3981 544 4050 palimpsesto
567 3982 661 4034 aetate
685 3979 803 4034 Senecae
827 3979 964 4034 codicibus
988 3980 1070 4048 longe
1092 3979 1231 4048 superiore
1254 3977 1395 4032 interdum
1413 3977 1514 4033 formas
1533 3979 1597 4034 illas

364 4073 489 4124 vetustas
503 4069 646 4124 evanuisse
660 4068 738 4123 velut
751 4086 778 4138 p.
793 4069 836 4134 30,
851 4067 934 4136 4(ed.
946 4068 1048 4134 Nabar)
1062 4071 1091 4122 et
1108 4069 1165 4132 157,
1186 4070 1210 4132 5,
1230 4083 1285 4135 quo
1302 4070 1420 4134 utroque
1439 4067 1498 4122 loeo
1507 4085 1595 4136 paam

365 4161 395 4212 in
414 4177 495 4227 quam
514 4158 695 4226 depravatum
714 4161 764 4212 est.
794 4157 886 4222 34,16
904 4156 1020 4211 fortasse
1039 4175 1124 4226 qaam,
1143 4155 1217 4224 quod
1230 4155 1259 4209 in
1275 4159 1403 4224 quonicm
1416 4159 1597 4210 mutaverunt

364 4247 490 4312 editores,
505 4247 571 4321 olim
585 4247 641 4302 fuit
654 4265 740 4316 quom.
760 4245 879 4314 denique
893 4248 936 4310 44,
946 4246 974 4299 ll
984 4249 1148 4314 pracsertim
1158 4250 1307 4315 quo<m>
1319 4244 1468 4314 legendum
1477 4245 1593 4299 videtur.

364 4354 419 4406 quo
444 4353 531 4404 usque
554 4339 649 4390 autem
670 4334 778 4390 librarii
801 4353 830 4389 se
853 4335 944 4404 abripi
966 4335 1040 4404 passi
1063 4335 1120 4388 sint
1143 4335 1235 4389 studio
1257 4334 1362 4388 formae
1385 4351 1464 4404 qaam
1487 4333 1517 4387 in
1535 4351 1594 4388 um

363 4425 514 4481 mutandae
531 4424 721 4494 intellegimus
740 4441 773 4479 ex
792 4423 968 4478 Ambrosiani
987 4424 1061 4493 apud
1079 4423 1221 4478 (lemarum
1240 4441 1266 4493 p.
1284 4423 1377 4488 338,5
1396 4425 1425 4477 et
1443 4439 1477 4476 ex
1495 4422 1594 4477 codicis

362 4515 550 4585 Rhsdigerani
573 4513 623 4568 123
642 4513 716 4583 apud
734 4513 894 4568 Fickertum
913 4513 926 4567 I
944 4531 971 4583 p.
990 4513 1066 4567 523b
1085 4512 1170 4567 variis
1189 4511 1360 4567 lectionibus.

454 4602 476 4673 ⁸)
499 4621 593 4659 omnes
611 4603 683 4658 lacos
702 4601 750 4671 qui
770 4603 824 4657 lnuc
842 4603 932 4657 facere
952 4602 1058 4671 possint
1082 4605 1144 4672 post
1167 4601 1313 4671 Peiperum
1335 4599 1366 4654 in
1388 4598 1479 4654 indica
1502 4599 1591 4654 ortho-

361 4694 494 4764 graphica
512 4711 538 4763 p.
559 4694 610 4747 569
630 4692 744 4762 collegit
762 4691 816 4746 Lao
837 4693 972 4746 Obsmat.
992 4709 1019 4761 p
1038 4692 1082 4744 61.
