3560 5242
839 411 959 506 --52

416 636 546 699 Praeter
576 634 667 697 illum
699 633 894 714 apologetam
927 631 1098 706 Minucius,
1134 631 1187 695 uhi
1216 631 1253 694 de
1281 630 1418 696 Saturno
1445 629 1549 706 refert,

332 739 470 822 Vergilio
498 757 532 801 se
563 735 694 809 addixit,
721 735 810 798 cuius
833 735 1002 800 Aeneidem
1025 734 1156 818 pristina
1177 733 1302 814 legendi
1325 732 1549 798 consuetudine

330 863 365 906 ac
388 841 538 905 memoria
563 857 621 903 sua
643 837 741 902 fretus
764 837 896 901 fortasse
918 856 980 902 non
1005 837 1106 900 denuo
1127 835 1277 918 inspexit:
1301 835 1338 898 91.
1356 835 1430 899 Min.
1446 837 1498 911 21,
1513 835 1548 909 63

329 944 423 1025 Verg.
447 945 524 1007 Aen.
547 941 625 1004 Vll]
648 941 709 1002 322
733 943 811 1020 sq.¹)

415 1046 561 1112 Ceterum
584 1062 634 1119 eo,
663 1060 757 1125 quem
780 1060 875 1124 snpra
897 1043 1132 1125 exscripsimus,
1154 1042 1221 1104 loco
1244 1039 1325 1122 (Oct.
1348 1041 1399 1117 21,
1425 1041 1441 1102 l
1467 1041 1548 1122 sqq.)

329 1149 449 1230 aliquot
460 1146 587 1211 Minucii
605 1146 699 1210 rerba
715 1145 754 1209 ad
766 1143 947 1209 Ciceronem
962 1163 1057 1226 prope
1073 1143 1239 1215 accedunt:
1256 1142 1353 1206 veluti
1369 1143 1494 1206 initium
1510 1142 1549 1206 ad

329 1253 392 1317 Cic.
416 1251 453 1314 de
476 1254 541 1314 nat.
563 1250 646 1315 deor.
669 1249 839 1324 142,119.
877 1247 949 1311 Noli
972 1250 1080 1310 tamen
1096 1264 1218 1310 sumere
1234 1245 1349 1310 similia
1364 1243 1549 1308 Tertulliani

328 1355 424 1418 verba
447 1352 664 1430 (civitatibus,
686 1351 720 1414 in
742 1350 856 1431 quibus
880 1351 944 1414 nati
968 1353 1044 1412 sunt
1066 1368 1093 1413 e.
1109 1368 1138 1430 q.
1155 1350 1189 1412 s*
1205 1349 1293 1432 Apol.
1312 1348 1351 1411 10
1366 1348 1424 1420 in.;
1448 1347 1550 1412 ‘meri-

327 1459 430 1521 torum
453 1454 761 1519 remunerandorum
784 1453 872 1535 Apol.
892 1453 929 1514 11
953 1472 983 1534 p.
999 1453 1051 1528 83,
1068 1453 1087 1514 5
1104 1453 1185 1533 sqq.)
1209 1471 1245 1515 91
1262 1450 1390 1516 Octavio
1412 1449 1549 1515 fluxisse.

329 1559 412 1623 Sane
440 1557 584 1622 similiter
608 1555 813 1639 disputaverit
836 1556 958 1638 oportet
981 1555 1077 1617 etiarn
1100 1553 1197 1619 Varro
1221 1555 1267 1617 vel
1291 1555 1394 1637 potins
1418 1553 1550 1635 scriptor

327 1661 380 1725 1119
396 1661 604 1734 Christianus
628 1677 723 1740 quem
740 1657 888 1720 Varronis
912 1657 1043 1738 vestigia
1065 1656 1216 1739 pressisse
1239 1657 1383 1721 vidimus.
1417 1657 1550 1740 Scripsit

328 1764 411 1828 enim
434 1761 628 1844 Augustinus
652 1759 685 1825 C.
709 1760 746 1822 D.
771 1759 814 1822 Vl
837 1761 854 1820 7
877 1759 1016 1823 Varrone
1040 1762 1165 1824 auctore
1188 1759 1280 1824 haec:
1309 1758 1401 1838 ‘Quid
1421 1761 1458 1824 de
1480 1761 1549 1843 ipso

327 1866 399 1930 love
423 1866 599 1938 senserunt,
625 1861 677 1944 qui
701 1863 768 1926 eius
791 1863 946 1926 nutricem
970 1861 1003 1924 in
1019 1861 1172 1945 Capitolio
1187 1865 1379 1944 posuerunt?
1415 1863 1547 1927 Nonne

328 1968 518 2033 adtestati
543 1970 632 2029 sunt
652 1965 883 2041 Euhemero,
915 1965 979 2046 qui
1009 1983 1136 2028 omnes
1160 1965 1258 2028 tales
1282 1963 1373 2028 deos
1397 2014 1403 2028 .
1428 2014 1435 2027 .
1459 2013 1466 2026 .
1490 1966 1549 2029 ho-

326 2072 447 2136 mines
476 2069 596 2133 fuisse
627 2067 892 2148 mortalesque
926 2065 1191 2150 conscripsit?
1234 2065 1347 2147 Itaque
1377 2067 1480 2132 eidem
1501 2069 1549 2132 illi

328 2173 472 2256 scriptori
494 2170 705 2236 ecclesiastico
729 2168 902 2233 Minucium
925 2169 1036 2233 dehere
1060 2169 1151 2233 oredo
1174 2169 1315 2252 exempla
1329 2169 1451 2233 Dictaei
1465 2170 1548 2235 Iovis

330 2280 362 2340 et
384 2275 535 2358 Apollinis
559 2273 700 2356 Delphici
726 2273 758 2335 91
779 2270 911 2336 Phariae
934 2270 1028 2335 Isidis
1051 2275 1084 2335 et
1098 2271 1219 2336 Cereris
1234 2273 1412 2336 Eleusiniae
1428 2275 1491 2353 (21,
1509 2274 1549 2354 1),

329 2397 409 2460 quae
437 2380 469 2443 et
494 2378 562 2441 loco
589 2376 643 2438 illo
667 2374 824 2439 Ciceronis
854 2373 970 2438 frustra
994 2393 1126 2456 quaeras
1149 2379 1181 2438 et
1203 2375 1241 2439 ab
1265 2376 1440 2440 Euhemero
1463 2395 1549 2440 aoce-

326 2482 411 2564 pisse
434 2479 606 2544 Varronem
634 2477 761 2541 conicio.
806 2477 854 2542 Ad
880 2477 1016 2543 eundem
1043 2476 1134 2540 illum
1157 2477 1339 2560 scriptorem
1361 2478 1549 2542 ecclesiasti-

327 2603 401 2648 cum
425 2582 599 2646 rettulerim
615 2585 647 2644 et
663 2579 731 2645 Oct.
748 2581 799 2654 21,
816 2581 845 2655 8,
867 2579 921 2643 uhi
938 2578 1094 2642 Minucius
1109 2580 1209 2644 multo
1225 2579 1375 2663 copiosior
1390 2583 1438 2644 est
1453 2599 1548 2662 quam

329 2685 436 2751 Cicero
460 2685 511 2764 (de
535 2687 599 2748 nat.
624 2683 704 2747 deor.
727 2682 851 2757 11121,
876 2683 929 2761 53)
958 2684 990 2746 et
1012 2683 1107 2746 verba
1129 2683 1199 2746 ‘nisi
1222 2682 1299 2747 19119
1322 2685 1393 2765 post
1413 2686 1548 2748 mortem

329 2788 402 2852 deos
436 2787 563 2868 fingitis'
595 2784 679 2867 (Oct.
708 2785 757 2858 21,
780 2785 812 2859 9;
841 2785 930 2867 Apol.
955 2785 992 2847 11
1017 2785 1085 2864 in),
1118 2805 1250 2866 quorum
1285 2788 1444 2850 auctorem
1475 2787 1549 2850 Ter-

328 2891 481 2954 tullianus
505 2889 543 2953 ad
568 2892 630 2953 nat.
654 2887 685 2951 Π
710 2888 749 2950 13
776 2887 819 2949 in.
842 2886 1015 2950 Varronem
1038 2887 1218 2952 nominavit.
1264 2887 1381 2953 Contra
1403 2888 1472 2954 Oct.
1496 2890 1547 2966 21,

328 2995 347 3055 2
371 2992 410 3080 ad
435 2991 616 3056 Ciceronem
639 2992 690 3072 (de
714 2993 777 3054 nat.
802 2988 884 3052 deor.
907 2988 1115 3069 142118ςῖ)
1140 2992 1190 3067 15,
1206 2992 1262 3064 38;
1278 2989 1310 3053 Π
1326 2991 1377 3067 23,
1394 2991 1447 3071 60)
1469 2990 1549 3055 refe-

327 3095 460 3159 rendum
488 3113 556 3158 esse
584 3113 647 3157 non
676 3112 765 3174 nego.
819 3090 938 3156 Similis
965 3112 1037 3156 vero
1059 3093 1243 3157 Tertulliani
1271 3093 1357 3158 locus
1382 3095 1482 3176 (Apol.
1507 3095 1546 3156 11

327 3217 357 3280 p.
381 3199 430 3274 82,
453 3198 493 3260 20
518 3199 600 3278 sqq.)
630 3215 667 3260 err
688 3195 816 3261 Octavio
841 3214 903 3259 non
924 3196 1074 3259 manavit.
1118 3195 1216 3260 Varro
1239 3196 1322 3259 enim
1345 3196 1394 3260 191
1417 3197 1549 3280 scriptor

327 3301 380 3364 illo
397 3299 595 3364 Christianus
618 3298 699 3362 inter
721 3300 795 3363 deos
817 3301 889 3381 post
912 3303 1045 3363 mortem
1069 3297 1168 3362 factos
1192 3301 1274 3362 certe
1297 3317 1359 3362 non
1382 3299 1487 3363 omisit
1501 3301 1549 3364 in-

276 3425 278 3434 ·
328 3405 470 3467 19919199
493 3420 598 3466 rernm
621 3400 660 3464 ad
683 3401 850 3465 vivendum
872 3401 1130 3476 necessariarum,
1153 3407 1190 3464 ut
1210 3400 1368 3478 Liberum,
1393 3401 1547 3481 Cererem,

329 3689 471 3757 scriptoris
491 3689 611 3758 Originis
636 3689 707 3743 illius
731 3691 845 3758 vestigia
870 3689 1002 3758 pressisse
1021 3705 1106 3756 neque
1125 3691 1188 3744 alibi
1208 3705 1318 3757 usquam
1337 3691 1547 3758 Apologeticnm

328 3780 357 3828 et
380 3774 521 3829 Octavium
550 3790 610 3828 cum
634 3789 680 3840 ea,
707 3791 775 3842 quae
800 3771 907 3830 servata
930 3775 1008 3828 nohis
1034 3781 1089 3840 est,
1119 3774 1229 3843 Origine
1252 3791 1407 3843 congruere.
1444 3777 1547 3830 Contra

327 3859 502 3930 probavimus
529 3864 557 3913 et
581 3876 724 3928 pergemus
747 3862 863 3929 probare
887 3876 946 3915 eum
973 3861 1159 3928 apologetam,
1184 3876 1262 3927 quem
1281 3861 1415 3916 1111199199
1433 3868 1462 3916 91
1480 3863 1547 3917 ’191-

330 3945 461 3999 tullianus
489 3946 574 3999 secuti
601 3952 675 4011 sunt,
705 3947 835 4000 Varronis
863 3945 1009 4014 praecipue
1035 3945 1203 4000 imitatorem
1231 3947 1321 4002 luisse.
1366 3948 1462 4014 Itaque
1488 3948 1547 4003 veri

328 4030 415 4084 simile
435 4035 478 4083 est
496 4030 579 4084 etiam
599 4045 645 4098 ea,
665 4033 761 4098 quibua
779 4031 812 4086 de
833 4031 951 4085 Saturno
971 4033 1075 4098 agitur.
1095 4047 1113 4084 a
1131 4032 1253 4087 Varrone
1272 4047 1332 4086 eum
1351 4035 1503 4102 sumpsisse.

397 4119 419 4182 ¹)
444 4115 535 4169 Etiam
561 4116 621 4170 aliis
645 4117 710 4171 locis
735 4116 869 4170 Minucius
892 4132 952 4170 oum
980 4117 1097 4184 Vergilio
1121 4119 1257 4186 congruit:
1285 4119 1544 4187 ramleram,

326 4201 392 4254 ldin.
412 4203 435 4265 7,
449 4203 473 4254 5.
498 4229 531 4239 -
554 4204 621 4256 Aen.
641 4202 711 4268 111;
739 4203 803 4256 Min.
822 4205 865 4259 39.
884 4231 917 4242 -
935 4202 1053 4257 Aemlll
1075 4205 1221 4271 137-139;
1244 4204 1310 4259 Min.
1327 4207 1407 4272 5,10.
1426 4234 1459 4245 -
1478 4207 1544 4258 Aen.

325 4286 363 4340 01
383 4287 443 4353 lam
464 4286 528 4338 Min.
552 4289 577 4354 5,
596 4288 620 4340 6.
644 4317 676 4326 -
695 4289 763 4343 Aen.
787 4289 826 4342 VI
850 4289 900 4342 724
924 4304 995 4355 sqq.;
1022 4291 1119 4356 Georg.
1143 4289 1180 4343 10
1199 4291 1257 4344 221.
1276 4293 1339 4355 222;
1365 4291 1544 4359 Α91.1743;

326 4372 392 4426 Min.
415 4374 454 4437 19,
466 4373 492 4428 2.
511 4399 547 4410 -
566 4375 633 4427 Aen.
652 4374 690 4428 Vl
709 4375 771 4440 7963
791 4375 855 4429 Min.
876 4375 900 4441 6,
918 4375 943 4429 2.
963 4401 995 4412 -
1014 4377 1080 4428 Aen.
1100 4375 1235 4440 011606;
1254 4376 1318 4430 hlin.
1339 4379 1362 4444 7,
1380 4380 1405 4432 4.
1424 4409 1455 4416 -
1476 4382 1545 4432 Aen.

325 4456 375 4510 011
396 4459 459 4524 717,
477 4457 544 4511 Min.
563 4459 586 4524 7,
605 4460 757 4513 4.-11911.
775 4459 842 4514 0111
861 4461 911 4514 424
929 4476 982 4527 sq.;
1003 4460 1069 4513 Min.
1087 4463 1129 4527 23,
1148 4463 1171 4514 6.
1185 4491 1214 4500 -
1232 4465 1298 4516 Aen.
1318 4463 1383 4518 0111
1396 4465 1459 4530 635,
1479 4462 1545 4519 hlin.

325 4542 367 4603 25,
385 4544 410 4595 3.
430 4571 463 4582 -
481 4543 548 4597 Aen.
567 4545 605 4597 lX
626 4546 688 4610 105;
712 4544 838 4612 1119115,
857 4547 882 4599 2.

395 4629 418 4690 ⁹)
436 4627 514 4681 Hunc
532 4628 618 4683 locum
637 4644 780 4699 perperam
797 4629 966 4686 intellectum
989 4647 1049 4686 esee
1069 4648 1085 4686 a
1104 4631 1222 4688 Minucio
1241 4635 1344 4688 monuit
1363 4634 1392 4689 C.
1410 4633 1546 4690 Halmius.
