3546 5236
720 433 932 530 „nn-.-

210 633 288 693 sunt
310 627 393 694 hacc
416 627 593 692 Deianirae
617 625 659 692 de
678 627 818 694 Hercule
840 627 949 693 verba.
987 633 1079 711 patet
1101 633 1210 692 nutem
1233 645 1361 693 versum
1374 628 1441 692 466

212 735 321 818 qualis
332 734 499 801 codicibus
509 733 649 801 traditus
659 741 718 818 est
732 733 824 819 gravi
839 734 919 800 vitio
933 733 1091 800 laborare.
1112 731 1199 816 quod
1213 732 1354 798 nondum
1368 733 1442 799 sub·

211 841 314 906 letum
328 860 403 908 esse
417 840 486 906 iure
501 839 698 924 significarit
706 840 784 907 Leo.
802 861 879 906 nam
887 840 1026 906 Bentleii
1040 857 1168 924 qnoque
1181 838 1368 905 coniectura
1383 841 1443 904 alit

212 951 280 1033 nbi,
304 968 389 1033 quae
404 948 527 1033 optima
541 956 593 1014 est
605 948 845 1033 prolatarum),
868 967 941 1013 eam
956 947 998 1013 ob
1012 966 1145 1014 cansam
1163 944 1377 1030 improbanda
1392 952 1442 1010 est

209 1053 299 1138 quod
321 1055 377 1120 vix
400 1053 555 1122 credibile
578 1063 629 1122 cst
656 1041 726 1140 citt,
754 1055 947 1141 praesertim
975 1074 1047 1120 cum
1075 1053 1259 1138 praesentis
1287 1053 1441 1137 temporis

211 1160 317 1228 forma
329 1173 460 1250 penerot
474 1161 661 1247 praecedet,
676 1162 709 1227 iu
723 1166 807 1230 oluit
820 1169 978 1228 mutatum
992 1180 1074 1228 esse.
1097 1161 1208 1242 itaque
1217 1159 1366 1224 voculam
1375 1159 1442 1241 nbi,

210 1277 365 1353 tanquam
389 1267 647 1334 additamentum
674 1268 813 1335 hominis
842 1267 992 1352 alicuius,
1021 1267 1076 1351 qui
1103 1267 1238 1351 ignarus
1265 1273 1336 1331 erat
1362 1283 1442 1331 usus

211 1375 359 1441 Senecae
373 1375 566 1461 saepissime
581 1375 845 1460 interrogationis
861 1375 1041 1461 particulas
1055 1373 1242 1456 emittentis,
1262 1369 1442 1438 eiciendum

210 1501 286 1548 esse
313 1488 401 1568 puto.
447 1481 567 1548 talibus
594 1481 897 1568 interpolationibus
925 1502 966 1548 ne
992 1481 1020 1547 Ε
1049 1479 1180 1565 quidem
1207 1480 1342 1545 liberum
1365 1497 1440 1545 esse

213 1587 403 1656 undecimus
436 1589 585 1655 Herculis
618 1588 735 1675 prioris
767 1609 882 1656 versus
915 1589 1045 1672 aliaque
1076 1587 1226 1673 exempla
1257 1585 1442 1653 ostendunt.

209 1694 277 1760 iam
303 1695 351 1761 sio
374 1696 568 1762 constitutus
592 1703 643 1762 est
665 1695 756 1762 locus
775 1704 811 1762 ut
833 1696 966 1762 verbum
996 1701 1160 1762 inveniam
1187 1693 1279 1759 initio
1306 1691 1442 1758 alterius

212 1801 477 1888 interrogationis
499 1803 641 1888 positum
664 1803 815 1869 eximiam
839 1801 1003 1886 quandam
1027 1801 1220 1885 gravitatem
1245 1800 1379 1866 habeat:

372 1953 454 2018 qnos
477 1932 603 1998 Pontus
625 1931 742 1997 lterbas
763 1939 897 2015 perierat
919 1939 976 1996 oret
999 1951 1080 2016 pnes
1110 1929 1266 1994 Theocrito

371 2037 429 2103 snb
453 2059 535 2124 rnpe
557 2039 687 2104 Pindus
710 2039 828 2120 aierit,
852 2040 1046 2103 inveniam
1070 2035 1223 2116 molum,

373 2147 426 2210 cni
449 2147 540 2210 cedat
564 2145 641 2210 ilie?
686 2143 739 2224 (cl.
763 2142 846 2208 Med.
872 2144 944 2208 707.
971 2143 1058 2221 723).

301 2268 410 2334 Herc.
433 2267 513 2333 Oet.
537 2269 631 2335 1316.
670 2268 711 2334 iis
734 2267 788 2351 qni
811 2264 1011 2352 praecedunt
1033 2263 1181 2331 versibus
1204 2263 1324 2329 frustra
1347 2283 1441 2346 roga·

210 2373 259 2439 vit
286 2373 443 2441 Hercules
475 2374 584 2440 lovem
617 2383 650 2441 et
681 2375 858 2441 Minervam
890 2379 926 2438 ut
958 2391 994 2440 se
1026 2371 1192 2437 doloribus
1225 2369 1440 2437 atrocissimis

210 2479 358 2548 liberent.
403 2481 468 2546 inm
494 2479 537 2546 sd
560 2481 715 2547 Iunonem
737 2501 851 2567 preces
876 2500 954 2547 suas
977 2478 1149 2545 convertit:

374 2644 396 2653 -
413 2645 438 2656 -
456 2609 617 2696 supplices
640 2609 735 2675 tendo
759 2629 876 2674 monne

371 2718 416 2781 od
439 2725 478 2798 te,
501 2737 648 2799 noverca,
671 2736 788 2802 sporpe
811 2719 846 2780 ln
869 2716 992 2797 saitem,
1013 2736 1140 2800 precor,

371 2825 467 2887 telum
491 2819 615 2908 (perire
636 2823 778 2904 sentinae
796 2842 933 2908 possum
956 2816 1070 2902 mann)

372 2933 440 2994 iam
460 2931 578 3013 fincta,
602 2933 670 2994 iem
693 2933 816 2996 satiata
839 2963 882 2974 -
906 2927 985 3016 qnid
1004 2931 1115 3014 poscis
1137 2927 1268 2991 micros?

371 3037 451 3122 qnid
474 3039 606 3122 qnaeris
630 3037 740 3100 nitra?
783 3037 959 3122 supplicem
983 3035 1121 3098 Alciden
1144 3033 1244 3116 rides,

373 3151 402 3208 et
425 3145 517 3208 nullo
541 3143 645 3225 tellus,
668 3142 762 3208 nulla
785 3165 832 3206 me
855 3143 939 3207 vidit
959 3143 1035 3226 feru

373 3257 402 3314 te
425 3251 657 3334 deprecantem.
704 3271 790 3314 nnnc
813 3249 897 3314 milri
921 3250 1026 3312 irolo
1045 3255 1161 3332 pater·

371 3378 453 3440 opns
477 3365 522 3422 est
545 3378 681 3421 noverca
704 3389 748 3401 ·-
771 3377 857 3420 nunc
880 3365 955 3420 tuns
979 3362 1080 3419 cessat
1104 3352 1219 3419 dolor?

371 3485 457 3528 nnnc
479 3465 558 3528 odio
577 3464 699 3548 ponis?

208 3591 362 3669 corrupta
385 3585 486 3650 rerba
509 3592 596 3653 irata
614 3596 711 3674 poter
725 3620 769 3632 -
783 3582 860 3667 quid
885 3583 969 3648 enim
992 3583 1025 3647 in
1048 3581 1199 3668 precibus
1222 3579 1267 3645 ad
1285 3580 1439 3646 lunonem

209 3689 325 3757 effusis
354 3691 415 3757 sibi
443 3691 512 3757 vult
535 3693 622 3758 Iovis
645 3691 830 3758 invocatio?
853 3727 898 3738 -
920 3689 1111 3756 mutaverim
1134 3687 1168 3753 in
1192 3694 1299 3756 irato
1318 3698 1443 3775 patre.

211 3817 286 3862 nam
316 3797 349 3863 in
377 3818 536 3866 novercae
564 3799 693 3865 nominc
720 3799 789 3864 irae
822 3805 854 3864 et
882 3796 1041 3864 saevitiae
1068 3795 1157 3862 notio
1184 3814 1347 3877 nunqnam
1377 3813 1442 3860 non

209 3905 296 3972 inest
320 3903 373 3990 (cf.
397 3926 426 3973 v.
450 3908 528 3986 211)
558 3913 590 3972 et
613 3905 769 3972 Hercules
793 3905 903 3971 Iovem
927 3903 989 3972 sibi
1012 3903 1128 3968 iratum
1157 3909 1259 3988 putat,
1288 3900 1375 3986 quod
1404 3921 1441 3968 se

211 4031 317 4095 neque
341 4018 464 4078 tutatus
487 4033 592 4096 neque
615 4011 765 4098 precibus
790 4011 858 4078 suis
882 4018 916 4077 ut
940 4031 976 4077 se
990 4009 1184 4076 interficeret
1199 4010 1372 4075 obsecutus
1387 4007 1439 4074 sit

211 4117 276 4184 iam
305 4127 479 4203 antequam
508 4140 580 4186 cum
608 4125 740 4204 rogaret
767 4129 803 4185 nt
835 4138 872 4185 se
899 4116 1070 4202 occideret,
1103 4115 1144 4183 de
1178 4135 1216 4182 eo
1249 4115 1332 4183 haec
1359 4114 1442 4181 dixit

208 4227 341 4308 (1304):
365 4233 432 4294 sire
454 4229 606 4311 crudelis,
628 4231 876 4314 portensiones
900 4229 1093 4293 misericors.

212 4353 424 4361 ———-

209 4456 236 4493 v.
260 4439 314 4494 Leo
341 4442 475 4496 Obseroet.
499 4459 525 4510 p.
545 4441 588 4494 30.
625 4440 715 4495 simile
739 4438 877 4508 quoddam
899 4438 1010 4508 signum
1033 4438 1107 4507 qnod
1129 4437 1160 4493 iu
1183 4437 1274 4493 codice
1297 4437 1319 4490 F
1342 4435 1442 4506 prioris

208 4527 394 4598 epistularum
414 4531 501 4600 partis
520 4529 655 4599 reperitur
672 4545 756 4599 suprs
775 4545 800 4597 p.
820 4529 900 4596 38sq.
920 4527 1078 4582 memorari.

304 4618 324 4686 ⁶)
343 4636 370 4672 v.
390 4620 509 4673 Annales
523 4620 660 4688 plrtlotcpt
679 4617 748 4673 1882
766 4635 793 4687 p.
812 4617 874 4672 491.
911 4617 941 4670 in
959 4617 1074 4671 enndem
1094 4615 1279 4672 coniecturum
1299 4615 1356 4670 inm
1374 4619 1442 4670 ante

207 4723 296 4776 qnam
312 4707 438 4763 innotuit
456 4708 488 4761 ll.
508 4707 637 4778 Peiperne
655 4707 763 4762 incidit.
