3480 5230
743 437 783 502 55

662 527 872 538 .—

15 665 20 678 '
157 661 297 728 Galenus
331 661 369 727 de
401 662 526 747 placitis
548 663 748 747 Hippocratis
778 665 811 728 et
835 661 978 727 Platonis
1006 660 1196 744 oomposuit,
1230 658 1376 743 quintum

156 767 249 848 leget.
294 765 372 830 Vide
395 767 492 831 etiam
513 766 666 831 voeabula
685 757 828 852 νόσημα,
852 755 1050 851 ἀρρώστημα
1071 764 1154 846 apud
1181 763 1267 828 Stob.
1289 763 1376 827 anth.

156 867 189 932 11
204 888 234 952 p.
251 869 293 932 93
307 869 469 934 Waohsm.
506 868 615 950 Neque
637 869 741 951 magis
764 868 871 933 dubito
888 887 949 950 quo
964 868 1056 932 modo
1072 867 1167 932 Stoioi
1181 867 1376 950 interpretati

15 981 18 1004 ¹
156 972 221 1035 sint
251 966 532 1058 προθεράπευσινς
567 989 662 1053 quam
695 970 828 1036 eandem
859 971 1024 1036 voluerunt
1056 988 1124 1034 esse
1158 970 1252 1051 atque
1277 970 1375 1046 illam,

15 1087 19 1128 ὲ
157 1092 253 1156 quam
275 1075 327 1138 alii
341 1070 588 1161 προδιόρθωσα
603 1073 813 1156 appellabant,
835 1074 934 1140 veluti
950 1073 1125 1138 Alexander
1139 1071 1188 1135 111
1203 1091 1233 1154 p.
1251 1071 1292 1134 14
1307 1071 1374 1155 Sp:

156 1172 404 1261 πρσδιόρθωσίς
430 1171 532 1254 ἔστιν,
567 1169 646 1239 ὅταν
672 1172 839 1259 μέλλωμέν
866 1200 899 1240 τι
920 1177 1065 1240 τοιοῦτον
1087 1172 1201 1260 λέγειν,
1231 1161 1377 1237 ὃδεῖταί

156 1301 241 1355 τινος
254 1272 487 1363 θεραπείας,
509 1271 593 1344 ὥστε
606 1269 652 1364 μὴ
665 1277 815 1360 χαλεπῶς
830 1273 908 1342 αἰπὰ
924 1274 1174 1364 προσδέξασθαι
1189 1272 1245 1342 τὸν
1259 1269 1377 1360 ἀκροα-

156 1375 229 1466 τήν,
252 1378 308 1444 καὶ
329 1377 689 1467 προθεραπεύωμεν
711 1372 814 1446 αὐτόν.

241 1585 384 1670 Denique
412 1586 579 1651 nonnullas
610 1586 688 1652 alias
714 1587 831 1670 figuras
862 1587 1003 1666 afferam,
1032 1605 1110 1670 quas
1133 1587 1273 1652 rhetores
1295 1585 1374 1670 peti-

158 1692 272 1753 remnt
295 1708 314 1754 a
337 1689 515 1754 Stoioorum
537 1688 678 1755 doctrina
700 1690 870 1756 dialeetioa

242 1795 345 1874 Atque
357 1793 495 1876 primum
507 1792 634 1874 quidem
647 1793 728 1876 apud
741 1793 893 1875 quosdam
907 1793 1047 1858 rhetores
1060 1790 1195 1858 Graecos
1207 1791 1377 1876 deprehen·

157 1895 262 1960 dimus
290 1895 352 1960 duo
379 1897 541 1961 schemata
567 1896 817 1978 interrogationis
839 1897 921 1961 inter
942 1915 975 1961 se
998 1896 1134 1972 diversa,
1163 1889 1318 1981 ἐρώτησιν
1344 1894 1377 1959 et

156 1991 282 2080 πύσμα.
337 1997 425 2078 Quae
454 1999 610 2082 quomodo
632 1997 779 2064 diti'erant
801 2000 845 2063 sio
868 1999 993 2083 exponit
1013 1999 1119 2063 Theon
1137 1997 1171 2061 Π
1190 2016 1220 2080 p.
1244 1997 1282 2061 97
1306 1995 1376 2080 Sp:

157 2098 305 2188 διαφέρει
335 2098 373 2164 δὲ
399 2105 456 2166 τοῦ
484 2097 657 2184 πύσματσς
684 2094 704 2186 ἡ
731 2096 904 2188 ἐρώτησις,
933 2096 984 2167 ὅτι
1011 2093 1094 2188 πρὸς
1115 2097 1175 2184 μὲν
1195 2090 1263 2184 τὴν
1283 2094 1375 2185 ἐρώ-

155 2224 270 2291 τησιν
296 2199 567 2290 σεγκαταθέσθαι
589 2203 640 2268 δεῖ
660 2195 798 2290 μόνσνῆ
827 2196 1046 2292 ἀρνήσασθαι,
1077 2193 1144 2268 οἷον
1165 2193 1333 2266 ἀνανεῦσαι
1356 2193 1378 2288 ἢ

156 2311 366 2387 normaniam,
395 2298 417 2394 ἢ
443 2302 500 2371 διά
521 2328 557 2393 γε
577 2303 632 2371 ναί
652 2299 674 2392 ἢ
695 2298 732 2371 οὔ
754 2298 1016 2390 ἀποκρίνασθαι,
1038 2303 1077 2372 τὸ
1100 2305 1137 2370 δὲ
1160 2298 1295 2387 πύσμα
1315 2329 1377 2386 μα-

157 2407 309 2496 κραιέραν
335 2402 475 2474 ἀπαιτεῖ
504 2408 563 2496 τὴν
590 2401 778 2495 ἀπόκρισιν.
822 2411 940 2476 Eadem
963 2411 1027 2475 sere
1050 2410 1180 2474 uadunt
1202 2408 1378 2472 Alexander

155 2511 205 2574 Ill
232 2531 262 2595 p.
291 2515 331 2575 24
354 2531 416 2595 sq.‚
447 2513 680 2577 Phoebammon
709 2533 738 2596 p.
770 2515 825 2591 45,
859 2513 1002 2577 Zonaeus
1028 2532 1058 2596 p.
1083 2512 1159 2589 163,
1193 2514 1376 2594 Anonymus

156 2633 186 2697 p.
212 2615 274 2677 179
297 2615 365 2698 Sp,
387 2615 554 2697 Gregorius
577 2615 646 2680 Cor.
672 2615 731 2678 VH
753 2637 781 2700 p.
798 2618 880 2680 1202
896 2609 960 2694 m,
983 2616 1099 2698 Aquila
1121 2615 1210 2678 Rom.
1226 2635 1255 2696 p.
1271 2613 1377 2692 2511„

157 2716 333 2782 Martianus
355 2719 430 2801 Cap.
453 2739 483 2802 p.
505 2719 570 2780 478
592 2717 631 2782 Η.
677 2719 812 2785 Mutavit
832 2721 916 2784 iuter
938 2738 971 2784 se
993 2719 1066 2782 illas
1087 2717 1229 2781 notiones
1252 2720 1377 2799 llnony-

156 2837 228 2883 mus
250 2838 279 2902 p.
303 2820 343 2882 75
366 2839 412 2903 sq.
433 2821 474 2884 Η.

242 2923 347 2986 Etiam
371 2924 454 3007 apud
475 2925 791 3008 Pseudo-Longinum
813 2928 863 3010 (π.
887 2919 946 3010 tier.
969 2944 995 2990 e.
1013 2925 1066 3004 18)
1089 2917 1220 2999 πείσεις
1241 2923 1273 2986 et
1296 2917 1377 3007 ἔρω-

156 3021 264 3110 τήσεις
290 3025 322 3088 ln
350 3044 389 3090 ea
416 3027 579 3092 sohemats
600 3029 718 3094 relatae
741 3032 831 3105 sunt,
854 3029 969 3110 quibus
990 3021 1078 3112 ὕψος
1099 3026 1264 3092 efficiatur.
1308 3025 1376 3088 Etsi

157 3146 194 3192 ex
227 3127 343 3206 verbis,
377 3149 457 3212 quae
480 3134 671 3214 sequuntur,
697 3149 761 3196 non
788 3132 862 3198 lieet
889 3130 1071 3208 diiudioare‚
1105 3128 1187 3211 quod
1209 3127 1376 3193 discrimen

157 3229 308 3295 statuerit
335 3233 445 3297 auotor
465 3235 547 3299 inter
569 3235 646 3299 haee
669 3235 730 3300 duo
752 3235 886 3312 lumina,
908 3235 1016 3300 temen
1040 3233 1118 3298 duas
1141 3250 1256 3313 easque
1279 3231 1378 3296 diver-

157 3351 209 3398 sas
232 3333 349 3417 ligures
372 3353 445 3400 eum
469 3338 651 3420 intellegere
679 3357 716 3403 ex
742 3338 882 3403 verbis'
874 3337 949 3421 ipsis
972 3336 1144 3419 oolligitur:
1167 3356 1200 3398 m
1194 3325 1253 3397 'e'
1271 3328 1377 3398 ἐκεῖνα

156 3438 284 3523 φῶμεν,
313 3459 372 3514 τας
398 3435 532 3518 πεύσεις
557 3462 592 3505 τε
619 3439 675 3506 καὶ
697 3437 887 3526 ἐρωτησειςς
914 3463 977 3528 αρα
998 3430 1053 3503 οὐκ
1075 3428 1189 3514 αὐταῖς
1210 3440 1283 3515 ταῖς
1303 3438 1378 3501 τῶν

157 3535 365 3626 σχημάτων
386 3535 584 3621 deonotus
604 3543 671 3610 κτλ.

244 3641 415 3708 Similiter
408 3663 470 3709 ram
487 3648 570 3729 apud
585 3647 786 3713 Cornificium
808 3645 1151 3727 interrogationem
1175 3645 1208 3708 et
1230 3643 1376 3708 subies

156 3747 317 3825 tionem,
345 3746 428 3831 apud
451 3747 632 3816 Oieeronem
661 3751 1035 3834 „interrogationem
1062 3751 1156 3830 atque
1183 3747 1256 3810 huie
1283 3745 1377 3810 finiti-

156 3867 243 3914 mam
281 3851 370 3931 qnasi
400 3855 731 3934 peroontationem
763 3854 1049 3938 expositionemque
1082 3868 1158 3915 suae
1185 3849 1377 3914 sententiae“

158 3951 332 4016 disiunctas
354 3955 506 4020 ridemus.
514 3960 538 4038 ¹)
574 3957 694 4022 Eodem
717 3960 825 4022 autem
848 3955 940 4021 modo
961 3956 1026 4020 iam
1043 3953 1138 4020 Stoici
1153 3953 1247 4037 primi
1263 3951 1377 4016 disere-

156 4059 283 4132 verunt;
305 4056 500 4142 Chrysippus
521 4059 604 4124 enim
620 4059 736 4125 librum
751 4060 926 4145 oomposuit
941 4055 1017 4145 περὶ
1034 4052 1217 4142 ἐρωτήσεως
1232 4056 1264 4120 et
1278 4055 1376 4119 alium

156 4157 273 4222 librum
301 4159 378 4246 περὶ
400 4157 554 4240 πεύσεως.
564 4165 587 4240 ¹)
630 4163 827 4242 Differentia,
852 4183 931 4246 qnae
954 4164 1036 4227 inter
1056 4162 1114 4226 has
1136 4158 1310 4236 intersedit,
1332 4158 1377 4224 sio

157 4261 330 4345 explieatur
358 4281 376 4328 a
404 4263 516 4331 Stoicis
543 4271 671 4334 auotore
700 4268 839 4353 Diogene
867 4266 991 4331 Laertio
1024 4263 1099 4349 (VII
1127 4263 1198 4345 66);
1230 4256 1377 4348 διαφέρει

157 4355 186 4430 δ’
203 4355 335 4449 ἀξίωμα
356 4368 411 4436 καὶ
433 4368 584 4463 ἐρώτημα
605 4371 660 4438 καὶ
688 4370 828 4457 πίσμα-
843 4363 1053 4457 -ἒρώτημα
1083 4363 1120 4433 δέ
1147 4361 1215 4433 ἐστι
1240 4366 1377 4453 πρᾶγμα

226 4569 895 4665 pmmmmmmnumms

227 4675 548 4749 omumm
