3568 5238
812 407 850 469 sl

727 496 936 504 μ

223 633 380 696 dabantur
416 632 502 711 (Asc.
525 650 554 713 p.
578 631 627 705 61,
655 630 805 713 13-16),
829 629 884 695 sed
917 629 1013 693 etiam
1043 627 1129 710 prius
1162 625 1326 704 iudicium,
1360 629 1442 709 quod

222 734 371 799 Manilius
400 733 646 809 disturbaverat,
674 733 876 816 perstrictum
904 731 1079 814 repperisse
1106 734 1355 794 cousentaneum
1384 733 1442 794 est.

221 837 300 901 Inde
323 837 422 918 igitur
433 854 487 900 eas
503 836 690 900 scholiastae
706 836 902 900 narrationes
919 833 1140 906 derivabimus,
1164 833 1279 914 quibus
1300 851 1352 897 res
1369 832 1443 898 Cor·

222 939 305 1003 nelio
333 939 525 1020 Manilioque
553 937 687 1002 infestae
718 938 769 1002 vel
791 937 933 1003 Cominio
957 937 1099 1002 faventes
1122 934 1334 1013 eontinentur,
1357 935 1444 1000 velut

224 1059 304 1123 quae
338 1042 495 1105 Asconius
534 1040 631 1104 tradit
669 1039 703 1102 Ρ.
727 1037 902 1122 cassiane)
931 1043 1109 1123 praetorem
1137 1038 1257 1102 decimo
1284 1037 1349 1114 die,
1381 1056 1443 1119 quo

223 1162 313 1208 reum
336 1143 445 1208 edesse
467 1142 619 1220 iusserat,
651 1144 755 1225 ipsum
777 1161 841 1206 non
866 1142 1013 1218 adfuisse,
1043 1141 1108 1206 sire
1131 1141 1297 1204 avocatum
1317 1143 1445 1223 propter

222 1246 341 1329 publici
363 1244 513 1310 frumeuti
536 1263 644 1310 curam
668 1245 733 1310 sius
760 1245 993 1326 gratificantem
1016 1261 1081 1320 reo,
1110 1245 1308 1308 accusatores
1330 1261 1403 1308 uero
1426 1262 1444 1306 a

223 1348 345 1412 Manilii
361 1348 494 1414 ducibus
510 1367 675 1433 operarum
692 1347 738 1411 ita
752 1365 916 1431 oppressos
932 1365 1012 1421 esse,
1028 1347 1064 1409 ut
1079 1345 1278 1410 accusatione
1294 1346 1445 1410 desistere

223 1452 256 1514 et
276 1455 367 1516 nocta
391 1471 424 1516 se
448 1453 619 1528 occultare,
653 1450 787 1532 denique
813 1469 868 1532 per
889 1451 975 1514 tecta
1006 1467 1042 1512 ex
1065 1448 1141 1511 urbe
1164 1447 1331 1529 profugere
1354 1466 1444 1530 coge·

223 1558 334 1618 rentur
357 1557 443 1632 (Asc.
465 1574 496 1637 p.
521 1555 570 1631 52,
594 1554 737 1626 15-23;
761 1553 810 1630 53,
833 1554 862 1615 2.
887 1553 930 1634 3).

309 1656 376 1721 Neo
402 1657 507 1721 minus
536 1655 737 1740 opprobrium
768 1657 915 1738 acceptae
943 1655 1092 1739 pecuniae
1116 1653 1278 1719 Cominius
1299 1652 1443 1717 refellere

225 1759 343 1836 debuit,
379 1779 474 1842 quam
496 1758 660 1824 infamiam
688 1757 890 1840 probabiliter
917 1757 1026 1821 tollere
1055 1756 1214 1834 studebat,
1237 1774 1310 1820 cum
1338 1773 1371 1820 se
1397 1774 1446 1819 re-

224 1863 302 1926 uerti
317 1865 441 1945 postero
464 1861 522 1938 dio,
546 1879 606 1943 quo
621 1859 657 1924 P.
673 1859 801 1925 Cassius
826 1859 1010 1934 adsedisset‚
1033 1877 1096 1922 non
1120 1876 1233 1922 ausum
1256 1877 1326 1923 esse
1349 1861 1445 1940 atque

223 1966 257 2029 in
279 1965 378 2030 altero
405 1964 519 2029 iudicio
545 1981 642 2028 novos
670 1963 812 2026 timuisse
846 1961 1019 2036 turnultus,
1046 1963 1117 2025 tum
1151 1960 1278 2025 demum
1314 1959 1444 2024 Manilio

224 2068 431 2132 condemnato
462 2067 604 2132 animum
627 2065 835 2130 accusationis
856 2064 1049 2148 repetundae
1078 2063 1137 2128 sibi
1163 2063 1293 2128 rediisse
1328 2063 1447 2128 diceret

226 2170 311 2250 (Asc.
334 2191 364 2254 p.
389 2171 438 2248 52,
467 2169 607 2242 24-27;
640 2167 820 2248 53,1-6),
846 2167 878 2230 16
901 2167 984 2248 quod
1006 2165 1133 2229 Asconii
1160 2167 1255 2230 verba
1281 2166 1444 2230 ‘recreavit

231 2290 264 2336 se
293 2271 465 2338 Cominius’
490 2274 523 2336 et
545 2289 625 2353 quae
653 2272 829 2352 sequuntur
861 2269 1023 2333 ostendere
1049 2268 1129 2332 mibi
1160 2268 1314 2332 videntur.
1355 2267 1448 2332 Prae·

225 2377 310 2439 terca
336 2377 552 2439 accusatorem
580 2377 614 2438 et
645 2374 683 2438 de
717 2372 842 2450 iudicio,
881 2389 941 2453 quo
975 2371 1088 2435 absens
1115 2369 1265 2435 Manilius
1300 2370 1447 2434 condem·

224 2479 319 2541 natus
346 2479 409 2554 est,
432 2479 464 2542 et
486 2477 524 2542 de
547 2478 607 2542 hoc
632 2477 697 2540 viro
720 2476 801 2558 ipso,
824 2493 918 2556 quem
945 2474 1035 2555 quasi
1058 2474 1230 2538 satellitem
1251 2473 1388 2538 Cornelii
1410 2474 1443 2536 et

224 2579 445 2645 administrum
475 2579 640 2658 effinxitl),
663 2579 764 2644 fusius
787 2577 980 2651 disseruisse,
1003 2575 1156 2658 imprimis
1184 2579 1292 2640 autem
1319 2575 1447 2640 nomina

223 2683 466 2764 testimoniaque
488 2701 608 2760 eorum,
642 2681 696 2763 qui
728 2681 760 2743 in
790 2679 971 2745 Cornelium
996 2677 1104 2742 infesti
1126 2678 1280 2754 dixerunt,
1309 2695 1445 2742 comrne-

224 2803 379 2861 morasse,
410 2785 596 2867 praosertim
618 2802 692 2848 cum
718 2783 752 2846 in
773 2800 901 2846 summa
930 2799 1039 2844 eorum
1062 2781 1250 2846 auctoritate
1280 2798 1317 2844 ac
1345 2779 1446 2861 digni·

224 2887 290 2948 tate
312 2886 362 2948 vel
383 2885 520 2950 mammo
542 2886 601 2949 niti
621 2889 734 2968 posset,
757 2902 821 2949 nou
843 2883 936 2948 modo
962 2883 1149 2963 Ciceronis³)
1173 2882 1276 2947 verbis
1303 2887 1392 2946 ‘num
1413 2881 1446 2946 in

225 3006 270 3064 eo,
293 2989 348 3070 qui
369 2987 433 3052 sint
455 2987 487 3050 bi
509 2989 622 3064 testes,
641 2987 846 3064 baesitatis?',
869 2985 925 3050 sed
948 2985 1043 3048 etiam
1067 3003 1104 3049 eo
1127 2984 1340 3060 confirmatur,
1362 2984 1445 3066 quod

225 3089 395 3154 scholiasta
409 3091 452 3174 (p.
469 3089 524 3166 53,
540 3089 680 3166 20—24)
693 3089 875 3154 Ciceronem
889 3087 935 3152 ita
955 3087 1067 3151 dixisse
1083 3087 1201 3163 scribit,
1224 3089 1271 3150 ‘ut
1292 3088 1325 3150 et
1346 3085 1448 3168 digni-

224 3195 324 3256 tatem
336 3193 579 3257 clarissimorum
591 3192 706 3256 ciuium
718 3191 946 3271 (suiltestium)
964 3237 971 3252 .
989 3237 996 3251 .
1013 3237 1019 3250 .
1037 3237 1044 3252 .
1067 3207 1131 3254 non
1147 3189 1278 3254 violaret
1292 3189 1325 3252 et
1339 3190 1446 3252 tamen

225 3295 410 3362 auctoritate
445 3313 553 3359 eorum
579 3294 660 3359 laedi
687 3312 775 3358 reum
802 3311 866 3358 non
887 3292 1107 3376 pateretur.
1162 3291 1326 3374 Equibus
1349 3291 1443 3354 rebus

225 3416 297 3462 cum
320 3399 548 3462 commentator
570 3397 738 3462 nonnullas
762 3397 845 3480 apud
868 3394 1062 3460 defensorem
1094 3413 1216 3476 quoque
1248 3393 1376 3475 legisse,
1409 3396 1446 3457 ut

225 3518 320 3583 supra
350 3500 492 3578 diximus,
516 3503 599 3564 certe
622 3500 786 3581 utriusque
808 3498 1003 3562 narrationes
1025 3497 1109 3561 inter
1131 3514 1165 3560 se
1187 3495 1381 3577 comparavit
1403 3498 1445 3572 et,

293 3706 313 3773 1)
332 3703 419 3758 Hunc
436 3704 468 3757 P.
479 3702 607 3760 Casuum
625 3701 745 3756 eundem
762 3717 822 3756 esse
841 3699 969 3755 arbitrati
981 3703 1065 3769 atque
1077 3696 1215 3753 Ciceronis
1227 3697 1445 3768 competitorem,

224 3804 306 3859 quern
325 3789 462 3844 Asconius
480 3805 507 3858 p.
525 3789 568 3856 73,
585 3788 620 3843 10
636 3792 664 3841 et
681 3785 821 3854 QCicero
843 3784 879 3841 de
901 3783 955 3856 pet
974 3801 1048 3839 cons.
1066 3784 1092 3850 2,
1109 3785 1125 3838 7
1143 3782 1176 3837 1.
1194 3783 1322 3838 Cassium
1340 3782 1447 3851 dicunt,

223 3875 274 3928 viri
296 3874 371 3929 docti
392 3874 554 3943 (Dmmann
572 3872 604 3927 II
621 3891 648 3945 p.
665 3873 717 3928 160
723 3889 731 3938 ;
755 3871 860 3926 Haalrh
886 3871 916 3924 in
953 3869 1045 3938 Pauly
1069 3867 1264 3938 Rcal-Encyol.
1283 3867 1314 3922 II
1337 3885 1363 3939 p.
1381 3869 1445 3938 200;

224 3960 326 4015 Huelzl
351 3961 370 4015 l.
387 3976 411 4015 c.
433 3978 460 4031 p.
478 3960 529 4026 35;
554 3958 630 4014 Beclr
647 3958 665 4012 l.
685 3973 708 4013 c.
730 3975 758 4029 p.
777 3958 812 4013 10
833 3955 993 4012 auctoribus
1015 3953 1144 4008 Munatio
1168 3961 1196 4009 et
1215 3953 1345 4025 sigonio)
1370 3971 1446 4025 prae·

223 4051 311 4101 torem
334 4061 444 4116 quoque
472 4045 505 4100 L.
526 4045 654 4101 Cassium
672 4043 848 4098 scribendum
867 4057 926 4098 asae
943 4045 1103 4095 statuerunt
1125 4038 1237 4107 (Hoelzl
1254 4039 1272 4095 l.
1290 4055 1326 4095 a:
1349 4039 1446 4095 Lucii

224 4147 324 4186 nomen
358 4131 400 4186 ‘si
429 4147 484 4186 non
511 4136 709 4195 statueremus,
743 4134 793 4183 aut
816 4127 928 4198 quando
960 4125 992 4180 L.
1015 4124 1128 4180 Cassius
1150 4124 1295 4196 Longinus
1318 4131 1447 4197 praetura

225 4217 339 4272 structus
356 4221 428 4271 esset
445 4223 496 4272 aut
512 4217 561 4288 qui
584 4217 615 4270 P.
633 4215 759 4282 Cassius,
783 4219 893 4285 praetor
914 4228 939 4266 a.
957 4211 1018 4278 688,
1035 4209 1133 4264 ferisset
1149 4210 1232 4281 plane
1249 4210 1446 4280 nesciremus').

225 4301 279 4358 Sed
297 4319 361 4357 curn
378 4301 498 4374 praetori
515 4317 681 4373 praenomen
699 4298 823 4354 Publii
841 4298 926 4352 fuisse
943 4295 1018 4367 apud
1041 4295 1194 4350 Asconium
1217 4294 1260 4350 bis
1286 4298 1325 4365 (p.
1344 4296 1386 4363 52,
1404 4297 1445 4350 15.

223 4390 267 4458 24)
285 4389 422 4459 scriptum
439 4387 484 4456 sit,
501 4387 588 4442 alium
606 4391 759 4457 praetorem
777 4385 864 4439 alium
882 4381 1022 4439 Ciceronis
1039 4378 1247 4452 competitorem
1257 4378 1447 4452 associamus

224 4473 360 4528 Catilinae
377 4473 462 4528 fuisse
479 4471 609 4544 proclivis
626 4477 669 4526 est
684 4469 812 4541 suspicio.

292 4563 314 4628 ς)
331 4559 418 4630 Apud
434 4559 499 4615 Aac
516 4575 543 4630 p.
560 4559 604 4625 56,
620 4557 733 4625 05-57,
755 4556 780 4611 6.

294 4647 316 4716 ⁸)
334 4645 368 4700 cf.
388 4643 445 4700 Oia
463 4643 539 4716 apud
550 4643 614 4699 Aac.
634 4660 660 4713 p.
679 4643 722 4711 70,
739 4641 855 4707 24-273
873 4641 915 4707 71,
934 4640 1044 4694 11-18.
