3568 5238
947 448 987 510 22

858 536 1067 546 -—-——-

354 675 481 756 propter
509 670 646 736 indolem
668 671 752 735 illius
775 671 845 734 libri
869 679 906 734 ea'
928 670 1127 753 potissimum
1144 669 1182 734 ad
1198 669 1439 754 ‘expositionem'
1462 670 1578 734 referre

354 776 470 852 ausim,
504 793 584 857 quae
617 773 760 856 improba
786 772 951 857 turpiaque
979 772 1017 837 de
1044 773 1108 837 illis
1137 774 1392 857 competitoribus
1426 775 1577 855 legimus:

354 879 450 943 veluti
465 877 646 952 Antonium,
670 877 783 960 quippe
806 876 858 958 qui
880 876 996 940 multos
1016 876 1049 939 in
1064 875 1183 940 Achaia
1204 877 1380 958 spoliasset,
1404 875 1578 953 aGraecis,

353 1001 408 1064 pro
431 981 544 1063 quibus
572 979 687 1044 Caesar·
714 983 829 1060 ageret,
857 979 889 1041 in
917 978 966 1042 ius
995 978 1143 1043 eductum
1166 981 1260 1062 atque
1282 981 1366 1056 tum,
1395 979 1477 1060 quod
1499 978 1580 1042 iudi-

356 1085 440 1149 cium
463 1085 656 1158 recusasset,
688 1082 777 1146 bonis
806 1082 930 1147 amissis
954 1084 1066 1146 senatu
1088 1085 1212 1146 motum
1223 1087 1247 1162 1)
1277 1099 1345 1145 esse
1368 1083 1453 1162 (Asc.
1475 1102 1504 1164 p.
1530 1083 1580 1158 75,

356 1188 487 1269 8-20).
531 1185 660 1260 Eodem,
683 1187 720 1248 ut
742 1185 892 1268 suspicor,
915 1184 1000 1248 fonte
1022 1204 1098 1248 usus
1122 1185 1293 1248 scholiasta
1315 1187 1356 1268 (p.
1374 1185 1423 1262 75,
1441 1185 1578 1261 23-70,

355 1293 389 1364 2;
415 1291 465 1366 79,
490 1288 636 1364 28-80,
662 1289 695 1370 4)
722 1288 819 1352 tradit
845 1288 966 1370 legatos
989 1287 1093 1365 Afros,
1121 1306 1194 1351 eum
1221 1286 1358 1352 Catilina
1383 1287 1577 1368 provinciam

355 1394 560 1458 vehementer
582 1394 740 1468 vexasset,
777 1393 810 1455 in
832 1395 946 1456 senatu
974 1391 1069 1456 etiam
1097 1390 1226 1454 absente
1253 1388 1307 1454 illo
1330 1392 1458 1471 questos
1485 1393 1516 1454 et
1538 1390 1578 1454 ob

356 1515 427 1561 eam
451 1513 579 1560 causam
601 1494 717 1560 ibidem
748 1497 815 1558 tam
838 1513 949 1577 graves
972 1493 1017 1581 de
1044 1513 1079 1558 eo
1103 1491 1274 1556 sententias
1298 1492 1398 1556 dictas
1426 1510 1507 1568 esse,
1541 1496 1580 1555 ut

354 1600 406 1664 ille
430 1618 467 1663 ex
488 1598 594 1662 Africa
621 1616 766 1662 reversus
788 1598 1033 1681 repetundarum
1056 1598 1257 1678 quaereretur
1279 1597 1325 1673 et,
1352 1613 1424 1658 cum
1446 1594 1482 1658 L.
1504 1592 1580 1658 Vol-

358 1701 463 1766 caeius
485 1701 596 1766 ihllus
624 1701 733 1764 consul
761 1700 924 1783 publicum
951 1699 1117 1764 consilium
1139 1699 1317 1773 habuisset,
1353 1715 1393 1760 an
1423 1699 1578 1762 rationem

358 1803 514 1870 Catilinae
537 1805 736 1868 consulatum
758 1803 887 1886 petituri
910 1803 1024 1867 habere
1048 1802 1183 1878 deberet,
1214 1819 1233 1864 a
1255 1799 1402 1883 petitione
1427 1799 1578 1864 desistere

356 1909 528 1990 augeretur.

440 2027 524 2091 nem
547 2026 630 2108 quoa
652 2027 806 2092 Asconius
830 2033 870 2109 (p.
889 2026 939 2103 rc,
963 2025 1082 2099 o-10;
1108 2023 1157 2100 ro,
1183 2023 1279 2096 r-a;
1305 2023 1356 2099 so,
1380 2025 1500 2097 s-11;
1523 2005 1576 2100 aa,

360 2131 411 2192 22.
435 2130 488 2208 23)
514 2129 682 2194 Catilinam
706 2148 724 2193 a
747 2128 855 2194 Clodio
877 2126 1122 2212 repetundarum
1146 2127 1341 2202 accusatum,
1376 2125 1431 2189 sed
1453 2144 1507 2208 per
1529 2126 1576 2189 in·

357 2231 486 2296 famiam
508 2231 678 2296 liberatum
701 2251 769 2296 esse
792 2234 913 2308 narrat,
941 2248 1135 2312 quamquam
1162 2228 1200 2292 de
1227 2227 1423 2292 accusatione
1448 2227 1518 2311 ipsa
1546 2231 1577 2292 et

357 2334 396 2398 de
419 2333 527 2399 Clodio
548 2335 793 2420 praevaricatore
817 2335 891 2400 alibi
900 2333 923 2417 ²)
947 2350 1070 2415 quoque
1094 2331 1161 2395 siue
1184 2327 1434 2412 dubio‘legerat,
1468 2335 1575 2394 tamen

355 2437 578 2520 ‘expositionis'
602 2437 718 2502 indicia
741 2456 776 2502 eo
798 2437 937 2521 patelieri
961 2437 1078 2519 opinor,
1108 2434 1191 2515 quod
1214 2433 1327 2515 quibus
1351 2434 1471 2498 artibus
1494 2434 1578 2498 Cati-

355 2541 421 2604 lina
444 2539 680 2605 damnationem
714 2540 870 2622 effugerit,
895 2556 1090 2622 quorumque
1118 2556 1199 2601 urna
1230 2536 1393 2601 absolutus
1420 2538 1475 2601 aut
1504 2555 1577 2601 eon-

356 2643 523 2707 damnatus
547 2643 596 2720 ait,
621 2644 785 2726 diligenter
808 2643 999 2727 descriptum
1022 2643 1079 2705 est.

440 2763 489 2826 Ad
516 2765 690 2829 extremum
720 2765 796 2846 quin
823 2763 930 2828 Cicero
954 2759 1132 2826 ‘Catilinam
1159 2759 1350 2824 adulterium
1380 2758 1575 2824 commisisse

355 2885 429 2931 uum
452 2883 504 2943 ea,
543 2885 622 2947 quae
656 2869 684 2931 ei
718 2870 827 2950 postea
861 2883 967 2929 socrus
1001 2863 1095 2928 fuerit
1128 2866 1161 2928 et
1194 2881 1230 2930 ex
1264 2883 1301 2926 eo
1327 2865 1437 2926 natam
1466 2866 1576 2945 stupro

356 2968 483 3034 duxisse
506 2988 643 3046 uxorem,
668 2989 741 3035 cum
763 2970 829 3033 iilia
851 2967 917 3033 eius
941 2967 1034 3032 esset'
1058 2969 1146 3050 (Asc.
1169 2986 1199 3049 p.
1223 2966 1274 3040 82,
1299 2966 1440 3047 14-16)
1467 2965 1499 3028 in
1522 2964 1576 3028 illo

356 3071 434 3136 libro
458 3073 756 3149 commemoraverit,
780 3073 935 3136 eominus
951 3070 1082 3133 dubium
1103 3072 1160 3145 est,
1184 3067 1266 3150 quod
1289 3067 1373 3132 idem
1395 3071 1513 3134 crimen
1535 3069 1576 3133 ab

356 3180 478 3240 oratore
508 3175 605 3239 etiam
633 3176 666 3239 in
693 3173 927 3240 ‘commentario
962 3172 1105 3236 consulat
1145 3173 1189 3253 ¹³)
1216 3171 1380 3235 narratum
1407 3189 1474 3236 esse
1501 3170 1578 3234 Plu-

357 3279 485 3342 tarchus
509 3277 575 3358 (vit.
600 3277 661 3342 Cic.
684 3298 710 3342 c.
734 3277 785 3362 10)
813 3277 902 3342 testis
930 3280 979 3340 est
1004 3273 1276 3358 locupletissimus.
1335 3271 1454 3337 Verum
1477 3273 1578 3338 enim·

356 3401 430 3447 vero
453 3382 632 3458 scholiasta,
655 3381 710 3445 ubi
733 3381 902 3446 Catilinam
926 3397 1007 3443 anno
1030 3377 1070 3439 66
1093 3396 1130 3442 ex
1152 3376 1261 3441 Africa
1283 3395 1443 3440 reversum
1466 3394 1579 3440 oonsu-

358 3487 460 3550 latum
484 3483 648 3568 petivisse,
687 3483 742 3548 sed
765 3502 848 3568 ⁸curn
882 3481 1126 3566 repetundarum
1158 3480 1422 3561 quaereretur,
1456 3479 1580 3561 apeti-

356 3589 440 3653 tione
466 3586 623 3651 destitisse
647 3589 741 3668 atque
773 3606 854 3651 anno
882 3585 1010 3650 demum
1036 3582 1174 3666 proximo
1201 3585 1241 3663 (a
1265 3583 1320 3668 65)
1354 3585 1578 3646 accusatum

355 3709 423 3756 esse
462 3691 569 3753 namet
611 3692 654 3772 (p.
689 3691 743 3766 79,
783 3689 933 3766 28-80,
976 3690 1010 3762 4ς
1048 3686 1104 3762 76,
1147 3685 1266 3765 0-9),
1312 3704 1384 3750 cnm
1427 3685 1577 3750 Sallustio

357 3793 461 3876 (Catil.
502 3793 555 3875 18)
590 3796 725 3876 pugnat,
765 3792 819 3874 qui
848 3811 929 3856 anuo
963 3789 1003 3852 66
1033 3789 1125 3873 paulo
1160 3790 1231 3870 post
1253 3807 1348 3870 quam
1371 3788 1406 3852 P.
1431 3787 1521 3852 Sulla
1543 3793 1578 3852 et

356 3897 391 3958 P.
408 3895 580 3959 Autronius
603 3895 747 3959 eonsules
772 3894 928 3976 designati
951 3893 1088 3957 ambitus
1110 3891 1155 3955 rei
1177 3909 1293 3974 poenas
1317 3891 1468 3969 dederint,
1491 3891 1578 3956 Cati-

358 3999 456 4063 linam
477 3997 682 4082 pecuniarum
705 3996 950 4080 repetundarum
972 4015 1062 4059 reum
1084 3994 1275 4079 prohibitum
1291 4013 1360 4059 esse
1376 3995 1576 4084 consulatum

355 4105 461 4184 petere
489 4099 644 4185 perhibet,
686 4099 769 4180 quod
800 4101 883 4164 intra
916 4099 1072 4181 legitimos
1105 4098 1170 4162 dies
1202 4097 1340 4180 profiteri
1372 4097 1575 4179 nequivisset.

426 4410 446 4472 ¹)
466 4406 559 4473 Quam
577 4424 632 4462 rem
652 4407 741 4461 multo
758 4406 868 4461 brevius
887 4407 922 4474 Q.
935 4405 1028 4462 Cicero
1047 4405 1091 4474 (de
1108 4409 1162 4475 pet.
1182 4422 1256 4461 cons.
1274 4409 1299 4474 2,
1317 4409 1356 4476 8),
1379 4421 1491 4476 prorsus
1510 4422 1575 4461 cou-

356 4493 415 4548 suse
434 4493 600 4548 Plutarchus
618 4493 679 4576 (vit.
698 4493 775 4548 Caes.
794 4510 817 4548 c.
835 4495 865 4562 4)
883 4498 984 4547 narrat.

424 4599 445 4666 ²)
464 4595 521 4652 Cic.
539 4596 574 4651 de
591 4596 648 4650 har.
667 4613 736 4667 resp.
755 4598 797 4664 20,
815 4597 861 4662 42;
879 4595 909 4650 iu
927 4595 982 4650 Pis.
1002 4597 1044 4662 10,
1062 4597 1103 4650 23.

424 4708 445 4770 ³)
464 4703 497 4757 cf.
516 4701 664 4756 Ernestum
684 4700 811 4756 Schmidt
828 4700 845 4754 l.
865 4717 887 4754 c.
906 4703 962 4770 pti
979 4716 1047 4769 sqq,
1064 4699 1199 4770 imprimis
1217 4717 1244 4770 p.
1262 4701 1286 4754 9.
