3634 5240
777 373 818 436 55

180 591 436 682 μεγαλοπρεπὲς
454 591 516 678 μὲν
536 591 571 659 ἐκ
593 595 650 681 τῆς
668 597 818 685 μακρᾶς
840 592 1022 680 λαμβάνων,
1037 592 1075 661 τὸ
1097 588 1224 683 λογικὸν
1242 594 1279 662 δὲ
1294 595 1330 662 ἐκ
1346 599 1410 662 τῶν

179 697 386 781 βραχειῶν
407 699 462 778 (so.
478 691 495 763 ὁ
511 694 647 782 νιαίαιν);
670 725 688 760 ιι
712 700 775 767 cic.
800 699 885 766 Orat.
902 701 964 764 212
988 700 1044 783 [τ-
1055 700 1158 765 Rufin.
1172 721 1203 784 p.
1217 701 1287 780 570,
1299 702 1408 785 29K]:

179 799 275 876 „fluit
297 800 423 866 omnino
446 821 595 868 numerus
618 822 637 868 a
658 803 758 888 primo
785 808 855 869 tum
881 803 1041 869 incitatius
1063 804 1260 868 brevitate
1282 804 1408 888 pedum,

179 903 257 967 tum
279 905 514 987 proceritate
537 906 685 971 tardius“.
729 907 767 971 In
788 908 955 990 utramque
977 907 1099 991 partem
1115 906 1199 972 dicta
1220 910 1295 972 sunt
1314 909 1409 974 verba

179 1005 329 1088 Dionysii
344 1025 443 1092 comp.
459 1010 542 1074 verb.
565 1028 591 1074 c.
608 1011 649 1072 22
671 1030 701 1094 p.
725 1011 788 1074 294
804 1009 889 1077 sch:
913 1002 945 1096 (ἡ
969 1000 1111 1097 αὐστηρὰ
1132 1001 1285 1096 ἁρμονία)
1307 1005 1408 1095 μεγά-

180 1107 258 1186 λοις
272 1129 306 1174 τε
321 1107 374 1174 καὶ
391 1105 621 1198 διαβεβηκόσιν
635 1105 681 1190 εἷς
695 1107 823 1192 πλάτος
839 1103 996 1196 ὀνόμασιν
1011 1104 1056 1190 ὥς
1069 1104 1112 1177 τὰ
1128 1103 1237 1178 πολλὰ
1250 1108 1409 1198 μηκύνε-

182 1215 288 1276 σθαι
304 1210 405 1298 φιλεῖ·
427 1206 466 1279 τὸ
488 1205 549 1302 γὰρ
572 1209 607 1278 ἐκ
628 1210 816 1301 βραχείας
839 1213 1000 1300 συλλαβῆς
1023 1210 1225 1301 συνάγεσθαι
1246 1211 1408 1298 πολέμιον

180 1306 279 1404 αἰτῇ,
309 1306 395 1403 πλὴν
420 1309 454 1381 εἴ
476 1338 561 1382 ποτε
588 1309 708 1406 ἀνάγκη
732 1313 911 1402 βιάζοιτο.
935 1367 943 1382 .
967 1368 975 1382 .
999 1315 1054 1382 καὶ
1080 1309 1154 1396 τοὺς
1176 1309 1319 1406 ῥυθμοὺς
1336 1314 1410 1397 τοὺς

180 1409 427 1502 ἀξιωματικοὺς
448 1416 503 1485 καὶ
525 1409 599 1498 τοὺς
623 1420 890 1509 μεγαλοπρεπεῖς
912 1415 1083 1505 ἐκλέγεται.
1128 1421 1247 1487 Verum
1274 1421 1313 1485 ad
1339 1441 1410 1506 pro-

181 1540 257 1587 sam
279 1522 451 1588 orationem
474 1525 619 1607 spectant
641 1525 738 1589 verba
759 1546 778 1581 κ
801 1521 987 1604 Quintiliani
1008 1524 1054 1588 IX
1069 1526 1098 1602 4,
1115 1525 1172 1589 83;
1197 1544 1277 1607 „quo
1292 1525 1408 1607 quique

180 1625 306 1708 (pedes)
322 1627 398 1690 sunt
411 1619 600 1710 temporibus
615 1627 769 1710 pleniores
789 1627 985 1709 longisque
1006 1627 1134 1711 syllabis
1150 1627 1251 1710 magis
1269 1628 1408 1701 stabiles,

180 1728 246 1793 hoo
268 1729 441 1810 graviorem
474 1728 593 1794 fuciunt
615 1730 799 1808 orationem,
832 1730 972 1796 breves
1007 1731 1139 1796 celerem
1166 1749 1204 1795 ac
1226 1731 1408 1805 mobilem“;

181 1853 204 1890 e
232 1831 287 1894 91:
309 1831 498 1916 „plurimum
520 1833 617 1916 igitur
637 1832 832 1898 auctoritatis
849 1881 855 1896 .
873 1881 879 1896 .
896 1881 903 1896 .
919 1835 951 1898 et
965 1833 1111 1916 ponderis
1126 1834 1245 1898 habent
1259 1835 1407 1916 longae,

181 1933 356 1999 celeritatis
377 1935 529 2000 breves:
558 1954 638 2019 quae
660 1935 686 1999 si
708 1936 881 2001 miscentur
903 1937 1092 2020 quibusdam
1119 1936 1238 2019 longis,
1267 1938 1407 2014 currunt,

87 2111 88 2116 ,
182 2037 213 2102 si
236 2037 468 2116 continuantur,
491 2039 666 2112 exultant“;
690 2062 709 2098 s
734 2039 819 2102 130:
858 2059 950 2119 „nam
974 2041 1044 2123 quis
1067 2039 1191 2104 dubitat
1212 2039 1274 2104 alia
1294 2040 1407 2118 lenius,

182 2140 250 2204 alia
272 2140 468 2218 concitatius,
491 2142 552 2206 alia
575 2142 750 2220 sublimius,
774 2142 837 2206 alia
857 2144 1047 2227 pugnacius,
1076 2143 1137 2208 elia
1159 2142 1313 2220 ornatius,
1346 2143 1408 2207 alia

180 2243 333 2325 gracilius
357 2263 424 2309 esse
443 2244 597 2310 dicenda?
619 2246 775 2328 gravibus,
798 2246 997 2324 sublimibus,
1019 2247 1136 2312 ematis
1151 2247 1289 2329 longas
1304 2247 1406 2330 magis

179 2347 322 2429 syllabas
345 2348 530 2413 convenire?
551 2349 597 2413 ita
619 2350 656 2413 ut
676 2349 759 2414 lenia
782 2349 935 2433 spatium,
958 2350 1105 2414 sublimia
1127 2351 1159 2414 et
1181 2351 1293 2414 ornata
1316 2350 1407 2414 olari·

179 2452 285 2515 tatem
310 2470 433 2535 quoque
455 2451 611 2516 vocalium
633 2455 781 2536 poscant3
804 2451 853 2517 his
876 2452 1031 2517 contraria
1045 2454 1145 2535 magis
1167 2453 1303 2535 gaudere
1322 2453 1405 2517 bre·

178 2554 309 2632 vibus,
333 2557 526 2637 argumenta,
542 2556 734 2639 partitiones,
756 2557 839 2620 iocos
855 2557 888 2619 et
907 2554 1055 2638 quidquid
1079 2557 1127 2621 est
1147 2555 1282 2621 sermoni
1302 2556 1403 2638 magis

180 2658 374 2739 simile?“;¹)
385 2658 463 2723 item
475 2690 494 2724 ε
517 2658 725 2743 Hermogenis
734 2679 764 2743 p.
776 2660 848 2736 225,
862 2658 974 2722 3W:
984 2659 1056 2737 291,
1069 2659 1109 2722 26
1122 2659 1189 2743 Sp:
1207 2653 1404 2746 σεμνότιμος

179 2759 314 2839 λέξεις.
338 2812 345 2827 .
369 2811 376 2826 .
400 2754 435 2825 αἱ
467 2763 541 2839 ταῖς
571 2763 744 2847 μακραῖς
775 2781 811 2825 τε
843 2757 899 2825 καὶ
928 2757 1122 2849 διφθόγμοις
1151 2757 1402 2842 πλεονάζοιοαι,

180 2861 239 2928 καὶ
269 2857 303 2928 ui
330 2860 372 2929 τὰ
398 2863 566 2929 retentoria
595 2859 629 2929 ἐν
654 2860 788 2942 ταύταις
810 2856 949 2945 ἔχουσαι,
972 2855 1058 2950 πλὴν
1079 2866 1137 2951 τῆς
1158 2867 1187 2928 ei
1212 2859 1405 2951 dtpddyyov.

181 3053 200 3134 ξ
228 3052 275 3114 ll.
319 3052 371 3118 De
402 3053 542 3137 pedum
575 3072 615 3117 ex
649 3053 741 3118 solis
774 3053 953 3119 brevibus
983 3055 1048 3118 aut
1079 3072 1121 3117 ex
1152 3053 1245 3118 solis
1275 3053 1404 3137 longis

470 3156 633 3238 syllabis
655 3157 956 3242 compositorum
979 3156 1117 3222 indole.

270 3309 467 3375 Conveniunt
489 3329 563 3374 cnm
584 3312 737 3376 universis
758 3311 821 3376 illis
844 3311 881 3376 de
903 3311 1045 3376 brevium
1068 3311 1284 3394 oblongarum
1308 3311 1403 3394 sylla·

180 3414 296 3478 burum
319 3413 350 3478 vi
371 3412 493 3478 iudiciis
518 3433 564 3491 ea,
591 3433 671 3497 quae
694 3413 733 3478 de
756 3413 886 3496 singulis
908 3414 1039 3499 pedibus
1061 3414 1238 3479 traduntur.

269 3517 396 3582 Etenim
419 3519 457 3595 ei,
481 3518 534 3601 qui
557 3536 594 3582 ex
617 3517 690 3582 solis
713 3517 858 3582 brevibus
886 3517 982 3595 fiunt,
1006 3516 1223 3601 pyrrhichium
1250 3515 1327 3592 dico,
1349 3515 1405 3579 tri-

181 3619 336 3684 brachum
370 3619 566 3700 (trochaeum
595 3621 751 3686 Ciceronis
781 3622 813 3685 et
839 3619 1038 3699 Quintihani3
1076 3620 1225 3686 eboreum
1252 3618 1403 3702 Dionysii,

180 3721 352 3800 Heliodori,
361 3722 611 3806 Hephaestionis,
624 3723 778 3800 aliorum),
791 3723 1115 3806 proceleusmaticum,
1129 3723 1256 3805 propter
1271 3723 1404 3787 celerem

182 3827 306 3890 motum
335 3825 554 3891 saltationibus
583 3825 647 3911 apti
674 3825 831 3890 habentur
857 3829 888 3892 et
914 3828 953 3891 ob
975 3825 1008 3890 id
1029 3826 1133 3909 ipsum
1157 3844 1175 3889 e
1198 3823 1348 3908 dignitate
1372 3827 1405 3889 et

256 4118 276 4184 ¹)
296 4117 354 4172 Hoc
382 4115 525 4172 discrimen
553 4121 682 4186 qnantum
710 4115 737 4170 in
764 4115 887 4171 oratioue
911 4115 1009 4180 valeat,
1036 4113 1115 4170 docet
1138 4114 1289 4170 Friderlcus
1316 4115 1404 4184 Elam,

184 4205 243 4258 stu
262 4201 372 4258 Bereds.
390 4203 433 4258 III
452 4205 475 4272 1,
495 4205 553 4272 100,
574 4203 619 4259 ubi
631 4205 777 4274 postquam
789 4201 893 4257 monuit
905 4217 922 4256 a
934 4201 1115 4256 Demosthene
1126 4200 1272 4254 multarum
1285 4201 1404 4255 brevium

184 4287 347 4359 syllabarum
366 4304 524 4344 concursum
551 4289 644 4345 sedulo
666 4287 760 4355 vitari,
783 4287 891 4342 minime
910 4303 927 4342 a
945 4287 1056 4341 Platone
1083 4286 1109 4340 in
1137 4285 1261 4354 dialogis,
1288 4286 1404 4340 mediam

186 4373 320 4443 quandam
344 4373 477 4430 rationem
500 4375 575 4444 sequi
598 4376 762 4442 Isocratem,
786 4374 854 4429 haec
878 4372 910 4428 de
934 4373 1072 4441 utriusque
1090 4372 1196 4426 dicendi
1221 4371 1326 4440 generis
1351 4371 1404 4426 dis·

184 4460 295 4514 crimine
313 4459 413 4514 adicit:
432 4461 505 4528 „sur
522 4460 574 4516 deu
593 4458 771 4516 Unterschied
789 4458 920 4514 zuisehen
939 4458 1048 4514 straffer
1065 4457 1141 4513 Rode
1160 4457 1213 4511 und
1227 4457 1403 4526 hehaglicher

185 4545 387 4615 Unterbaltung
404 4547 477 4600 haurn
496 4562 525 4601 os
537 4547 619 4601 haiim
633 4548 711 4601 einen
722 4545 906 4601 deutlieberen
919 4544 1061 4600 Auadruch
1075 4545 1177 4612 geben3
1196 4543 1273 4599 beide
1286 4543 1403 4616 Kompo·

185 4632 378 4688 sitionsueiaeu
397 4631 456 4688 sind
475 4633 501 4687 in
520 4634 592 4688 ihrer
610 4637 662 4688 Art
679 4635 765 4704 gleich
784 4633 990 4689 uolilromnren“.
