3480 5230
953 393 993 456 38

864 475 1077 486 ---——-·-—-

364 620 416 686 lor
438 625 497 686 aut
519 615 621 684 Stoici
648 615 746 700 primi
774 613 935 683 vocabulo
958 611 1049 706 ἔργον
1076 621 1242 703 tamquam
1271 613 1422 682 sollemni
1451 614 1486 679 in
1513 613 1587 678 rhe·
1701 607 1702 610 '

306 722 309 734 '
363 726 469 793 torioa
490 725 542 791 usi
564 727 650 790 sunt.

450 831 519 897 Nec
552 828 659 895 minus
693 826 838 894 arbitror
868 826 995 896 Stoicos
1019 851 1039 895 a
1060 827 1272 916 philosophia
1304 826 1388 893 illud
1420 826 1517 910 τέλος
1547 829 1587 895 ad

366 934 564 1001 rhetoricam
580 933 797 999 transtulisse.
831 933 921 1000 Inter
935 935 1085 1001 rhetores
1100 937 1209 1000 autem
1226 932 1447 1016 Hermagoras
1462 934 1589 1018 primus

367 1045 527 1123 quantum
549 1036 645 1103 video
667 1035 759 1116 τέλος
787 1037 921 1120 statuit3
954 1037 1059 1102 voluit
1092 1038 1177 1104 enim
1212 1057 1283 1102 esse
1315 1036 1456 1102 oratoris
1488 1037 1590 1103 officii

366 1142 494 1226 (Cicero
511 1141 551 1206 de
566 1140 630 1206 inv.
646 1141 661 1204 l
678 1149 711 1207 6:
728 1140 830 1221 „artis
846 1141 1063 1225 rhetoricae“)
1078 1141 1176 1207 finem
1192 1139 1402 1225 persuadere.
1412 1142 1440 1224 ¹)
1463 1141 1589 1206 Aristo-

365 1244 449 1313 teles
472 1245 506 1310 in
529 1245 611 1310 Arta
641 1243 808 1309 rhetorica
835 1241 928 1324 τέλος
957 1265 1119 1330 nusquam
1147 1243 1229 1311 dicit
1257 1243 1298 1310 de
1325 1243 1513 1310 rhetoricae
1540 1243 1588 1310 vel

365 1349 507 1415 oratoris
536 1347 609 1414 fine.
619 1351 644 1430 ²)
688 1346 907 1412 Theodectem
937 1369 974 1414 ra
1001 1369 1077 1413 vera
1104 1345 1196 1426 τέλος
1225 1352 1394 1436 ῥητορικῆς
1421 1348 1589 1428 statuisse,

363 1457 403 1518 ut
425 1449 646 1530 Quintilianus
660 1449 692 1514 Il
711 1457 759 1530 15,
780 1457 820 1516 10
842 1450 955 1530 tradit,
979 1450 1118 1531 „ducere
1140 1450 1303 1516 hominem
1326 1449 1465 1516 dicendo
1487 1451 1588 1528 inid,
1695 1530 1697 1545 Ι

368 1555 456 1640 quod
480 1559 573 1620 actor
594 1551 701 1634 velit“,
714 1574 831 1636 parum
853 1553 1026 1637 probabile
1043 1559 1102 1636 est,
1124 1553 1319 1638 praesertim
1336 1574 1410 1618 cum
1430 1575 1480 1633 ea,
1505 1575 1590 1638 quae

367 1679 467 1742 supra
489 1658 530 1723 de
553 1656 710 1722 vocabulo
733 1651 825 1744 ἔργον
848 1656 1032 1738 docuimus,
1062 1657 1293 1740 respiciantur.
1316 1657 1477 1722 -Accedit
1500 1657 1588 1741 quod

369 1760 588 1851 Quintilianus
611 1759 646 1847 (l.
670 1765 710 1841 c.)
733 1759 795 1825 hoc
817 1781 949 1844 quoque
972 1760 1054 1826 salso
1082 1761 1177 1840 dicit,
1205 1761 1359 1844 Gorgiam
1383 1760 1418 1825 in
1440 1761 1589 1826 Platonis

368 1863 456 1929 libro
480 1863 623 1947 Gorgiae
646 1863 958 1948 nomine-inscripto
981 1864 1101 1930 finem
1123 1863 1308 1930 rhetoricae
1329 1863 1488 1948 posuisse.

455 1967 663 2050 Augustinus
679 1967 699 2030 l.
723 1987 748 2031 c.
772 1971 806 2032 et
828 1967 969 2032 Stoicam
993 1965 1104 2047 τέλους
1125 1967 1309 2032 finitionem
1330 1965 1458 2049 profert
1479 1965 1588 2050 („finis

367 2077 426 2151 est,
443 2069 599 2154 adquam
616 2073 735 2136 cuncta
748 2069 969 2148 referuntur;“
993 2069 1033 2139 ci.
1050 2069 1139 2138 Stob.
1160 2070 1248 2135 anth.
1263 2069 1294 2134 Π
1309 2092 1338 2154 p.
1355 2076 1396 2138 76
1413 2069 1588 2134 Wachsm.:

369 2165 453 2240 κατὰ
475 2171 512 2239 δέ
533 2170 572 2239 τὸ
593 2168 700 2261 τρίτον
724 2169 961 2261 σημαινόμενον
982 2165 1186 2260 λέγουσι[σο.
1210 2169 1242 2240 oi
1259 2171 1410 2259 Στιοὶλιοὶ]
1433 2171 1530 2252 τέλος
1551 2169 1589 2240 τὸ

367 2272 504 2358 ἔσχατον
529 2278 595 2342 τῶν
623 2269 775 2365 ὀρυκτῶν,
805 2267 861 2364 ἐφ’
884 2265 903 2341 ‘d
924 2271 1056 2341 πάντα
1081 2269 1129 2343 τὰ
1156 2267 1256 2341 filla
1282 2268 1535 2362 ἀναφέρεται)
1557 2279 1587 2340 ct
1699 2339 1700 2358 η

367 2379 617 2464 Peripateticam
652 2379 779 2464 („cuius
813 2399 914 2445 causa
946 2379 1029 2445 fiunt
1049 2379 1182 2462 reliqua
1216 2379 1365 2459 omnia“),
1391 2400 1486 2462 quam
1523 2379 1587 2443 iam
1699 2377 1700 2440 l

370 2481 563 2549 Aristoteles
585 2481 724 2566 profert:
747 2480 840 2562 τέλος
861 2479 899 2549 δέ
922 2479 1011 2549 έστιν
1034 2469 1071 2549 οὗ
1093 2480 1185 2550 ἕνεκα
1205 2473 1248 2548 τδι
1269 2475 1400 2566 datast)

454 2585 519 2651 filii
535 2586 684 2652 rhetores
700 2584 953 2670 philosophique
969 2583 1060 2651 aliud
1076 2585 1261 2652 rhetoricas
1277 2582 1328 2650 vel
1344 2584 1484 2650 oratoris
1498 2580 1588 2663 τέλος

367 2694 555 2754 statuerunt
584 2693 670 2755 teste
699 2689 799 2756 Sexto
822 2689 987 2772 Empirico
1019 2688 1102 2766 (adv.
1124 2688 1206 2754 rhet.
1231 2695 1271 2756 79
1294 2709 1326 2772 p.
1350 2695 1413 2756 690
1436 2688 1501 2769 B.):
1538 2682 1586 2754 ὅτι

369 2791 430 2886 μέν
452 2785 508 2858 οἰκ
531 2789 693 2874 ἐνδέχεται
717 2783 761 2857 τδ
786 2786 952 2858 πεῖθτιν
973 2788 1083 2870 τέλος
1110 2783 1192 2858 εἶναι
1220 2793 1390 2880 ῥητορικῆς
1416 2788 1584 2857 δέδεικται.

371 2891 465 2974 Τινὲς
487 2894 524 2962 δέ
544 2899 640 2962 τοῐτο
663 2892 723 2977 μέν
745 2887 783 2961 οὗ
804 2891 954 2980 λέγουσιν
976 2885 1076 2982 αι’τῆς
1101 2893 1205 2976 τέλος,
1233 2887 1273 2960 τὸ
1301 2893 1338 2961 δέ
1363 2886 1438 2973 τοὺς
1465 2892 1586 2976 ένδεγο-

368 2997 483 3082 μένοις
510 2991 613 3087 εὑρεῖν
638 2994 795 3085 λόγουςί),
823 2992 854 3065 oi
878 2995 915 3062 δέ
937 2992 1036 3079 δόξαν
1058 2993 1208 3081 ἐμποιεῖν
1228 3001 1297 3077 τοῖς
1318 2996 1492 3077 δικασταῖς
1513 2993 1585 3082 περὶ

368 3105 432 3168 τῶν
453 3098 667 3189 πραγμάτων,
695 3099 768 3167 οἵαν
791 3095 822 3167 ci
844 3096 987 3186 λέγοντες
1007 3098 1206 3185 ditonum&
1229 3092 1323 3168 tilla
1346 3099 1382 3168 δέ
1403 3096 1443 3168 τὸ
1465 3097 1586 3188 συμηέ-
1701 3107 1702 3122 ²

368 3229 430 3293 ρον,
455 3202 539 3284 τινές
562 3202 598 3270 δέ
619 3196 657 3270 τὸ
678 3206 777 3271 νικᾶν.

454 3306 517 3373 Sed
541 3306 584 3372 ad
613 3312 725 3390 partes
751 3305 826 3371 illas
861 3305 1045 3371 rhetoricae
1072 3325 1157 3389 quae
1184 3312 1343 3372 vocantur
1375 3311 1584 3372 revertamur.

371 3411 589 3494 Hermagorae
612 3408 777 3490 Temnius,
798 3408 825 3473 si
849 3407 946 3473 fidem
970 3407 1049 3474 licet
1069 3408 1193 3475 habere
1217 3408 1430 3488 Quintiliano,
1454 3409 1586 3476 recessit

370 3512 546 3579 inhaere
569 3533 590 3578 a
613 3512 746 3592 Stoicis,
778 3532 851 3577 cum
874 3533 936 3576 non
961 3505 1037 3597 ἔργα
1057 3507 1201 3600 ῥήτορος,
1235 3513 1293 3577 sed
1315 3508 1395 3600 μέρη
1423 3513 1587 3600 ῥητορικῆς

368 3620 573 3697 statueret.⁶)
609 3615 730 3680 Verum
755 3613 870 3699 quales
893 3618 927 3680 et
953 3617 1035 3698 quot
1059 3614 1183 3680 fuerint
1204 3614 1281 3680 illae
1304 3619 1414 3699 partes
1438 3637 1478 3682 ex
1500 3614 1585 3681 illius

333 3911 335 3917 .
440 3874 461 3940 ¹)
479 3875 543 3927 Aur.
562 3874 632 3941 aug.
651 3887 677 3941 p.
696 3873 748 3928 138
765 3871 814 3940 Η.;
835 3872 939 3940 Doxop.
958 3869 982 3924 V
1001 3887 1027 3941 p.
1047 3873 1087 3927 13.
1107 3872 1140 3927 14
1158 3872 1200 3926 W.

439 3961 461 4026 ⁹)
480 3973 525 4014 ars
542 3957 611 4014 rhet.
630 3958 644 4014 I
663 3960 679 4013 8
697 3974 723 4028 p.
743 3959 784 4013 17.
806 3959 855 4026 18;
874 3958 891 4012 6
908 3972 934 4026 p.
952 3958 1000 4024 30;
1019 3959 1035 4011 7
1053 3973 1080 4026 p.
1098 3959 1133 4012 36
1150 3957 1243 4013 Roam.

438 4045 459 4114 ⁸)
479 4060 523 4100 ars
541 4043 610 4099 rhet.
632 4046 644 4100 Ι
663 4046 679 4099 7
698 4063 724 4116 p.
743 4045 778 4098 35
794 4043 889 4099 Roem.

437 4134 460 4200 ⁴)
478 4130 511 4185 cf.
531 4129 633 4187 Philod.
653 4130 724 4186 rhet.
743 4129 782 4185 IV
801 4129 851 4185 ool.
869 4130 916 4184 232
940 4129 988 4196 τῆς
1010 4126 1119 4196 δἀδτῆε
1141 4126 1307 4200 ddici-pmice
1330 4134 1424 4199 ἔχεται
1442 4131 1585 4184 καὶτοῦτο

374 4214 521 4290 λεγόμενον
538 4214 593 4269 sind
611 4235 705 4288 τινοιν,
728 4213 773 4269 ὅτι
789 4215 879 4282 μόνον
895 4212 912 4282 ἢ
927 4211 1049 4282 μάλιστα
1067 4216 1114 4283 τῆς
1132 4216 1275 4288 ῥητορικῆς
1293 4221 1369 4269 ἔστιν
1385 4215 1418 4270 cd
1437 4216 1500 4272 wia
1516 4211 1583 4268 ἐνδε-

372 4305 506 4373 χομένους
524 4301 559 4358 εἰς
577 4306 697 4355 ἕκαστον
714 4299 808 4373 λόγους
828 4299 1000 4373 ἐξευρίσκειν,
1012 4297 1067 4354 ’διδ
1085 4305 1132 4354 καὶ
1149 4299 1225 4358 τέλος
1244 4300 1324 4370 aderis
1341 4301 1414 4356 τοῦτ’
1435 4302 1507 4356 εἶναι’
1522 4318 1586 4354 τινες

371 4395 482 4460 έφησαν.
518 4387 551 4442 ολ.
570 4387 619 4444 ool.
640 4389 682 4442 26.

438 4475 460 4540 ⁵)
476 4473 509 4529 ci.
529 4472 653 4543 Apollod.
675 4472 747 4543 apud
766 4473 855 4542 Quint.
876 4470 902 4526 ll
923 4473 1023 4539 15,1a.

439 4561 460 4628 ⁰)
479 4558 576 4629 Quint.¹
589 4558 630 4615 ΙΙΙ
647 4562 672 4625 3,
692 4553 767 4613 1-9.
803 4557 855 4614 Sed
873 4559 924 4614 hcc
948 4573 1051 4627 quoque
1068 4559 1138 4614 sumi
1155 4563 1260 4630 potest,
1287 4561 1345 4616 eius
1368 4564 1462 4616 aetate
1486 4560 1585 4616 Stoicos

376 4645 492 4704 nondum
511 4644 558 4700 illa
576 4648 640 4717 ἔργα
658 4645 709 4697 τοῦ
727 4644 841 4717 ῥήτορας
858 4644 996 4700 statuisse.
