3568 5238
826 428 863 489 15

229 652 387 716 Etruriam
417 649 641 734 depopulatum
674 669 742 714 esse
771 649 839 714 aliis
872 669 994 731 quoqne
1022 649 1099 714 locis
1137 649 1206 732 (pro
1236 645 1356 726 111119,
1390 649 1449 720 26;

231 755 280 832 19,
308 755 363 828 5ος
387 756 437 830 32,
461 753 517 827 87ς
541 754 591 829 35,
616 753 669 834 98)
692 753 917 836 comprobetur.

314 857 375 922 Hic
401 875 463 920 non
490 854 770 940 praetermittenda
797 858 885 932 sunt,
914 875 994 937 quae
1022 855 1191 920 scholiasta
1212 851 1376 921 Bobiensis
1404 857 1447 938 (p.

230 963 308 1038 343,
337 960 476 1038 23-25)
505 958 545 1023 ad
573 960 721 1024 orationis
750 958 787 1023 de
816 977 879 1022 aer.
910 958 950 1022 al.
979 957 1151 1036 1111123)
1178 958 1274 1024 verba
1304 957 1449 1022 ‘Eosdem

230 1064 269 1127 nd
296 1062 425 1127 caedem
451 1062 566 1126 civium
596 1061 634 1126 de
661 1061 846 1146 Appennino
875 1060 1040 1126 deduxisti'
1069 1061 1212 1126 adnotat:
1247 1062 1346 1142 ‘quasi
1373 1061 1451 1125 haec

230 1164 334 1229 omnia
354 1164 386 1228 in
404 1163 557 1229 Catilinae
581 1165 700 1230 socium
724 1164 909 1242 dicerentur,
932 1165 977 1229 ita
999 1165 1190 1229 mentionem
1206 1163 1313 1227 attulit
1328 1165 1451 1247 Appen-

230 1266 340 1346 nini1),
364 1285 458 1348 quern
480 1287 579 1351 nuper
601 1267 654 1332 illo
677 1286 750 1331 cum
773 1268 910 1331 exercitu
926 1267 1124 1332 obtinuerat?
1162 1267 1209 1331 No
1225 1267 1310 1330 hunc
1326 1265 1451 1346 quidem

229 1371 333 1435 locum
362 1370 400 1435 ab
428 1371 597 1454 interprete
624 1389 696 1435 vere
719 1387 787 1434 esse
810 1369 1009 1434 intellectum
1033 1370 1146 1435 docent
1169 1371 1279 1444 verba,
1307 1387 1386 1449 quaa
1409 1368 1452 1431 le-

230 1476 348 1554 guntur
369 1472 401 1535 in
418 1473 589 1538 Miloniana
612 1475 656 1553 (9,
680 1474 745 1556 26);
769 1481 885 1537 ‘servos
902 1477 1050 1554 agrestae,
1073 1475 1186 1555 quibus
1202 1472 1296 1536 silvas
1309 1471 1450 1554 publicas

230 1575 437 1660 depopulatus
470 1579 537 1640 erat
568 1577 791 1658 Etruriamque
819 1579 959 1652 vexarat,
993 1595 1028 1640 ex
1056 1577 1240 1660 Appennino
1272 1573 1452 1651 deduxerat,

231 1698 309 1760 quos
337 1678 511 1755 videbatis,
539 1679 592 1744 ubi
615 1696 816 1760 nequaquam
840 1677 877 1742 de
901 1677 1054 1744 Catilinae
1078 1677 1283 1762 temporibus,
1307 1677 1362 1741 sed
1384 1679 1453 1740 tan-

231 1781 394 1846 tummodo
417 1781 454 1844 dc
478 1782 595 1865 rapinis
612 1781 711 1847 Clodii
727 1781 819 1864 paulo
835 1785 907 1844 ante
924 1782 1176 1846 commemoratis
1193 1780 1321 1862 cogitari
1337 1781 1450 1862 potest.

234 1885 315 1948 Nam
339 1905 374 1948 eo
397 1886 474 1959 loco,
499 1904 593 1966 quern
616 1885 786 1949 scholiasta
807 1884 970 1948 Bobiensis
993 1885 1141 1958 illustrat,
1164 1883 1345 1948 Ciceronem
1367 1883 1451 1946 idern

230 1989 294 2052 fere
337 1986 450 2050 dixisse
484 1987 565 2068 quod
595 2008 650 2071 pro
684 1987 808 2062 11119,
844 1986 884 2048 26
926 1990 957 2050 et
984 2006 1020 2051 ex
1053 1984 1255 2050 similitudine
1288 1987 1452 2050 verborum

231 2090 334 2172 colligi
362 2091 465 2172 potest
488 2095 519 2154 et
542 2110 578 2154 ex
601 2109 651 2167 eo,
680 2090 763 2172 quod
786 2099 918 2170 utraque
942 2091 1039 2154 oratio
1061 2109 1156 2173 parvo
1180 2088 1328 2171 temporis
1352 2089 1452 2171 spatio

230 2193 391 2257 interiecto
414 2192 522 2257 habita
545 2196 602 2258 est.
640 2191 710 2258 lam
733 2211 803 2257 vero
827 2211 900 2256 cum
922 2212 1074 2275 perquam
1099 2193 1139 2256 sit
1160 2190 1320 2275 probabile
1343 2191 1453 2255 scholi·

231 2300 333 2361 astam
349 2296 538 2361 Bobiensem
561 2299 597 2360 ut
619 2297 720 2360 multa
742 2291 836 2374 aliae)
860 2294 904 2358 ita
928 2296 1011 2360 banc
1026 2315 1150 2377 quoque
1165 2293 1453 2376 interpretationem

231 2401 269 2464 ab
292 2399 425 2464 Asconio
448 2401 629 2464 mutuatum
652 2417 731 2474 esse,
755 2399 780 2462 si
804 2399 887 2462 hunc
910 2398 957 2461 bis
980 2399 1012 2460 in
1035 2400 1094 2463 hac
1116 2417 1150 2462 ro
1174 2396 1329 2462 Ciceronis
1352 2395 1453 2460 verbis

231 2503 421 2567 sententiam
442 2501 545 2584 magis
562 2501 743 2566 arcessitam
762 2519 858 2583 quam
875 2519 980 2565 veram
996 2502 1165 2566 subiecisse
1181 2499 1335 2575 videmus
1358 2499 1453 2563 etiam

231 2607 342 2670 ceteris
369 2605 444 2670 locis
468 2605 622 2669 similibus
655 2606 811 2668 oratorem
839 2605 877 2668 ab
906 2623 941 2669 eo
969 2624 1032 2669 non
1061 2607 1144 2668 recte
1166 2603 1363 2666 intellectum
1385 2621 1453 2666 esse

230 2713 336 2774 nostro
358 2709 424 2772 iure
448 2707 685 2790 suspicabimur.

317 2811 378 2876 Sed
402 2811 454 2892 qui
474 2809 595 2874 factum
616 2811 672 2887 est,
695 2813 731 2874 ut
745 2811 898 2874 Asconius
915 2810 957 2893 (p.
969 2811 1021 2884 44,
1038 2809 1177 2888 22-25)
1194 2808 1272 2872 haec
1288 2807 1452 2874 scriberet:

231 2915 355 2978 ‘Fuerat
377 2915 460 2978 enirn
484 2913 595 2996 opinio,
619 2916 655 2976 ut
677 2913 812 2978 Catilina
834 2932 870 2977 es
894 2913 970 2976 urbe
993 2911 1173 2995 profugerat
1188 2912 1219 2974 in
1236 2915 1340 2976 castra
1355 2909 1453 2976 Manli

231 3017 432 3090 centurionis,
449 3015 501 3096 qui
518 3019 586 3079 tum
601 3015 634 3078 in
650 3016 776 3078 Etruria
792 3015 830 3079 acl
846 3015 996 3080 Faesulas
1013 3015 1183 3080 exercitum
1199 3015 1226 3078 ei
1239 3017 1452 3098 comparabat,

231 3120 376 3186 Clodium
399 3119 547 3200 subsequi
570 3137 642 3182 cum
666 3118 798 3182 voluisse
822 3120 854 3182 et
877 3119 1026 3201 coepisse,
1048 3122 1116 3182 tum
1141 3117 1213 3182 dein
1236 3122 1359 3182 mutato
1383 3137 1455 3183 con-

232 3223 300 3288 silio
329 3224 361 3286 in
388 3223 498 3286 urbem
527 3221 689 3285 rediisse?
726 3225 790 3285 Aut
818 3221 964 3286 Clodium
990 3241 1024 3286 re
1053 3239 1125 3285 vera
1153 3221 1304 3286 Catilinae
1335 3224 1453 3288 socium

232 3325 329 3390 fuisse
362 3329 450 3390 ratus
484 3328 584 3389 totam
617 3325 699 3389 hanc
730 3324 944 3388 narrationem
978 3324 1036 3388 sibi
1067 3323 1156 3387 finxit
1178 3325 1347 3400 AsconinS,
1381 3345 1454 3390 oum

231 3428 361 3494 verbum
377 3428 581 3512 ‘properabat'
598 3429 634 3491 nt
648 3427 878 3511 imperfectum,
902 3427 984 3508 quod
1000 3427 1037 3490 de
1054 3431 1168 3490 conatu
1185 3426 1336 3506 dicituro„
1360 3428 1455 3492 inter-

231 3533 416 3615 pretaretur,
440 3533 495 3594 aut
510 3531 633 3594 aliunde
650 3531 764 3607 hausit,
788 3549 868 3612 quac
884 3529 1040 3594 sententia
1055 3529 1208 3612 imprimis
1224 3531 1325 3594 verbis
1342 3533 1454 3613 ‘opinio

231 3635 343 3699 tuerat'
378 3633 617 3698 commandatur
627 3636 663 3713 ⁴).
713 3632 801 3712 Quod
833 3631 859 3696 si
894 3651 1003 3696 verum
1037 3634 1099 3707 est,
1134 3632 1238 3696 nescio
1266 3651 1305 3696 an
1333 3633 1371 3696 de
1401 3635 1454 3698 illo

232 3738 433 3820 cogitandum
470 3737 510 3801 sit
537 3737 631 3814 libro,
661 3737 714 3818 qui
745 3735 925 3800 inscribitur
958 3733 1115 3798 ‘Edictum
1143 3735 1178 3798 L.
1207 3735 1308 3798 Racili
1342 3738 1380 3798 tr.
1404 3737 1454 3819 pl.'

232 3842 317 3923 quod
341 3840 400 3906 sub
425 3838 551 3904 nomine
575 3839 658 3904 illius
675 3839 857 3904 Ciceronem
880 3839 1040 3921 scripsisse
1064 3837 1095 3900 in
1111 3837 1145 3902 P.
1161 3837 1304 3902 Clodium
1321 3840 1456 3902 testatur

232 3945 400 4009 scholiasta
413 3942 576 4008 Bobiensis
588 3963 618 4026 p.
631 3944 703 4018 268,
720 3943 857 4019 20-22,
873 3961 967 4024 quem
982 3941 1034 4006 illo
1049 3942 1116 4006 loco
1132 3943 1330 4007 suaAsconio
1343 3941 1455 4007 debere

231 4066 324 4112 nemo
347 4047 550 4128 negaveritll.
589 4045 681 4111 Certe
704 4045 770 4111 fieri
793 4045 906 4130 potuit,
929 4048 966 4108 ut
988 4044 1103 4121 Cicero,
1128 4045 1210 4126 quod
1233 4045 1265 4108 in
1288 4045 1375 4110 libris
1399 4065 1454 4110 sno

302 4236 321 4300 ¹)
339 4233 373 4288 of.
392 4231 490 4289 Orellii
507 4231 570 4286 adn.
589 4231 625 4287 ad
644 4230 736 4288 Schol.
759 4231 827 4286 Bob.
845 4231 864 4285 1.
882 4249 906 4287 c.

300 4321 322 4386 ¹)
340 4318 375 4374 of.
393 4316 657 4390 Kieaaling·Schoell
675 4318 759 4388 praef.
778 4335 804 4388 p.
822 4317 898 4372 XIX
916 4335 956 4386 aq.

299 4409 322 4476 ⁸)
341 4405 384 4460 Be
395 4422 458 4461 vera
469 4410 512 4460 eat
523 4404 723 4473 imperfectum,
735 4404 809 4475 quod
822 4402 1050 4460 consuetudinem
1060 4403 1118 4457 sire
1125 4403 1298 4458 iterationem
1308 4403 1454 4474 significat.

299 4495 322 4562 ⁴)
340 4491 433 4546 Isdem
461 4490 548 4546 verbis
575 4490 690 4560 (‘0pinio
715 4489 787 4558 fuic')
815 4489 902 4545 ulitur
928 4489 1066 4544 Asconius
1093 4505 1119 4560 p.
1141 4490 1188 4555 89,
1205 4491 1253 4558 98,
1277 4489 1326 4544 ubi
1349 4495 1454 4546 certum

231 4581 379 4644 auctorem,
397 4575 571 4644 Sallustium,
592 4575 762 4648 compilavit.

299 4666 320 4728 5)
339 4663 369 4716 ci
393 4662 654 4734 Kicasling·Sclroell
672 4662 757 4733 praef.
776 4681 801 4733 p.
821 4661 886 4716 XX.
