3568 5238
733 421 941 518 4¹-

229 644 298 707 erat
327 643 414 706 illam
446 642 696 708 criminationem
727 643 894 708 dissolvere
923 647 1017 726 atque
1046 643 1259 710 demonstrare
1282 663 1387 720 reum,
1415 645 1451 708 51

229 763 355 809 omnem
378 745 589 827 suspicionem
612 746 752 822 evitaret,
776 766 901 811 summa
923 747 952 811 vi
975 747 1096 812 dedisse
1119 765 1253 829 operam.

315 847 410 912 Porro
433 848 562 913 uomina
584 849 713 913 testium
727 852 748 928 ¹)
773 867 886 930 eosque
910 848 1006 914 luisse
1029 850 1183 932 principes
1207 850 1341 914 civitatIs
1366 848 1448 934 (Aac.

228 971 256 1034 p.
285 952 342 1028 53,
382 951 518 1026 10-12)
557 951 652 1016 etiam
680 950 861 1016 Ciceronem
889 971 1151 1016 commemorasse
1180 953 1328 1016 docemur
1354 954 1387 1016 51
1413 971 1449 1016 55

229 1053 312 1135 quod
340 1056 569 1119 commentator
596 1073 615 1118 a
641 1053 801 1118 defensore
829 1054 969 1136 singulos
998 1056 1095 1119 155155
1122 1057 1274 1120 tractatos
1302 1053 1448 1118 555551-

229 1157 380 1238 5515115.
405 1155 458 1232 to,
487 1157 626 1232 28-11,
656 1158 689 1236 2)
712 1156 1010 1238 515515555555115
1033 1157 1109 1239 15515
1133 1157 1226 1240 (apud
1250 1160 1320 1222 Asc.
1344 1177 1373 1239 p.
1399 1156 1449 1231 to,

229 1258 371 1332 24-273
400 1277 431 1340 p.
468 1259 516 1336 11,
551 1259 669 1334 3-11;
703 1279 757 1342 555
792 1259 881 1325 Corn.
914 1259 947 1324 II
985 1259 1022 1324 15.
1053 1261 1125 1342 lp.
1154 1260 1307 1339 256),15
1335 1259 1449 1341 quibus

230 1361 266 1440 Q.
290 1360 396 1426 Catuli
417 1380 531 1427 nornen
555 1362 630 1426 adeo
654 1363 701 1426 bis
724 1363 884 1442 51151551).

313 1462 399 1542 Quae
417 1467 524 1530 autern
540 1465 693 1529 Asconius
708 1467 751 1548 (p.
769 1467 818 1542 54,
842 1467 958 1546 9-12)
976 1464 1085 1530 tradit:
1110 1471 1170 1532 ‘res
1186 1473 1258 1529 octo
1273 1473 1318 1529 est
1333 1483 1449 1546 magno

228 1569 398 1644 conventu,
431 1586 609 1650 magnaque
636 1569 822 1650 exspectatio
846 1570 910 1651 fuit
937 1569 1006 1650 quis
1034 1571 1163 1634 eventus
1190 1569 1295 1634 iudicii
1322 1569 1448 1632 futurus

229 1672 320 1734 essct.
376 1674 513 1753 11555555
537 1678 565 1734 51
588 1691 606 1735 5
629 1670 761 1734 summis
784 1670 856 1734 viris
880 1671 939 1735 dici
962 1670 1145 1736 testimonia
1168 1673 1201 1733 io
1219 1672 1397 1734 Cornelium
1419 1673 1451 1734 et

227 1771 258 1836 id
275 1773 356 1854 quod
372 1773 401 1838 ei
417 1774 556 1838 dicerent
571 1772 710 1838 confiteri
725 1793 816 1836 reum
832 1774 1142 1851 animadvertebant,
1157 1793 1195 1839 ea
1206 1775 1281 1857 quin
1291 1772 1450 1840 Ciceronis

228 1877 379 1940 sermonis
400 1877 621 1959 proprietatem
644 1875 820 1953 ostendant,
842 1896 905 1942 non
928 1880 976 1942 est
997 1877 1029 1940 ln
1050 1878 1268 1941 controversia.
1306 1876 1449 1958 Denique

227 1977 306 2042 illud
338 1979 487 2042 iudicium
520 1978 555 2057 Q.
591 1978 763 2058 saliunt)
798 1982 975 2060 praetorem
1006 1981 1179 2044 exercuisse
1213 1998 1250 2043 ex
1282 1979 1450 2055 Ciceronis,

229 2079 360 2146 fortasse
388 2101 424 2146 ex
451 2081 586 2147 Cominii
612 2100 736 2163 quoque
764 2082 901 2146 oratione
930 2081 1134 2146 scholiastam
1164 2083 1206 2165 (5.
1237 2083 1292 2160 54,
1322 2082 1371 2144 11.
1397 2082 1449 2160 18)

229 2185 416 2267 comperisse
439 2203 494 2267 pro
517 2184 674 2266 explorato
697 2183 807 2248 habeo.

313 2388 474 2454 Postremo
508 2390 543 2453 ut
577 2389 615 2452 ad
649 2391 822 2454 orationem
857 2391 892 2452 in
927 2391 1015 2471 toga
1050 2389 1208 2454 candida
1240 2393 1450 2464 1555555555,

230 2492 402 2557 orationem
429 2495 512 2556 ‘ante
535 2489 602 2556 dies
626 2493 821 2556 comitiorum
843 2493 971 2576 paucos'
996 2495 1116 2557 ‘contra
1130 2493 1212 2558 solos
1228 2492 1398 2558 Catilinam
1421 2494 1453 2554 51

227 2595 408 2659 Autonium'
431 2595 526 2676 idque
549 2597 713 2677 propterea
734 2596 877 2660 habitam
893 2615 972 2672 esse,
996 2595 1087 2678 ‘quod
1104 2615 1176 2660 curn
1192 2596 1224 2658 in
1240 2595 1305 2659 dies
1321 2595 1450 2659 licentia

228 2697 365 2762 ambitus
386 2701 554 2779 augeretur
568 2699 693 2779 5555155
707 2699 909 2781 praecipuam
925 2697 1078 2763 Catilinae
1096 2702 1128 2762 51
1143 2697 1270 2762 Antonii
1285 2697 1452 2762 audaciam

228 2800 404 2864 censuisset
426 2804 566 2876 senatus,
590 2802 626 2862 ut
647 2799 696 2863 lex
720 2801 857 2865 ambitus
881 2806 974 2865 aucta
994 2803 1090 2866 etiam
1106 2819 1178 2865 cum
1193 2818 1294 2883 poena
1308 2800 1450 2864 ferretur'

234 2913 387 2921 ψ...-

300 2953 321 3016 ¹)
340 2950 680 3022 111555555114555515515.
693 2952 736 3018 10,
745 2951 856 3018 28-11,
865 2951 891 3020 2)
903 2968 920 3004 5
930 2951 1043 3006 Valerio
1055 2951 1188 3018 Maximo,
1200 2951 1247 3022 qui
1260 2950 1336 3005 VIII
1349 2951 1374 3018 5,
1386 2951 1404 3004 4
1417 2951 1451 3018 Q.

231 3035 365 3090 Catulum
375 3036 488 3103 omittit,
497 3042 593 3090 contra
609 3035 632 3088 si
647 3035 793 3090 Beruensis
808 3035 871 3090 libri
889 3037 1080 3092 auctoritatem
1095 3036 1244 3108 scquImur,
1254 3042 1361 3107 praeter
1369 3035 1452 3090 Mar·

228 3139 303 3176 cum
323 3122 405 3176 etiam
416 3121 560 3175 Luctum
570 3119 720 3175 Lucullum
734 3122 861 3176 nominat
878 3121 923 3186 (51.
934 3125 967 3177 A.
977 3123 1022 3176 W.
1032 3123 1144 3193 Zumpt,
1153 3121 1201 3176 der
1210 3121 1452 3191 Criminalprozess

228 3207 276 3262 der
293 3223 375 3262 roem.
395 3206 512 3277 Republ.
531 3223 559 3276 p.
569 3207 638 3274 501).
670 3205 726 3261 Sed
743 3224 807 3261 cum
825 3207 974 3262 scholiasta
991 3209 1125 3278 expressis
1143 3208 1232 3262 verbis
1250 3208 1372 3278 quinque
1391 3213 1453 3260 tan·

228 3299 288 3348 tum
307 3293 463 3348 consulares
481 3293 509 3346 in
520 3291 678 3347 Cornelium
696 3291 884 3347 testimonium
903 3293 1007 3348 dixisse
1024 3295 1134 3360 scribat,
1157 3309 1275 3364 quorum
1294 3292 1407 3346 nomios
1424 3299 1452 3347 51

229 3379 306 3450 apud
324 3379 483 3436 Ciceronem
502 3384 530 3433 51
548 3377 622 3448 apud
648 3378 805 3432 Cominium
833 3395 895 3433 eum
920 3379 1018 3450 legisse
1039 3379 1180 3450 probabile
1202 3385 1258 3444 551,
1280 3386 1330 3432 551
1351 3377 1451 3432 erravit

229 3465 359 3521 Valerius
383 3465 525 3519 1155515555
548 3471 598 3518 551
620 3481 654 3518 ex
678 3464 798 3518 Asconio
816 3464 1005 3519 emendandus
1028 3472 1076 3520 est.
1114 3465 1157 3520 De
1174 3465 1235 3536 ipso
1252 3463 1359 3519 Valerii
1376 3464 1453 3518 15515

228 3552 330 3607 iudicio
347 3551 481 3606 abstineo.

299 3641 319 3704 1)
338 3637 373 3692 51.
387 3637 418 3693 C.
432 3638 467 3690 A.
480 3636 511 3690 F.
526 3635 690 3700 Brueolmer,
710 3636 802 3691 Leben
815 3637 863 3692 des
876 3635 970 3692 Cicero
983 3637 997 3691 I
1011 3654 1037 3707 p.
1053 3638 1115 3703 1833
1134 3638 1168 3692 G.
1181 3635 1265 3703 Beck,
1277 3635 1451 3706 quaestiones

229 3724 257 3778 15
278 3723 416 3778 Ciceronis
434 3738 484 3793 pro
503 3723 534 3776 C.
552 3721 679 3777 Cornelio
698 3722 835 3778 orationes
854 3721 1070 3794 (11551551811)
1089 3740 1115 3792 5.
1134 3723 1175 3777 54.

298 3812 319 3876 ⁸)
339 3809 559 3875 Commentator,
583 3825 647 3862 cum
671 3809 762 3877 518,
786 3811 820 3862 29
843 3807 879 3862 ad
902 3808 1053 3863 orationem
1071 3808 1099 3862 in
1117 3813 1182 3879 toga
1199 3807 1318 3862 candida
1336 3807 1450 3862 adnotet

228 3897 341 3967 ‘postea'
365 3895 398 3962 Q.
423 3895 545 3950 Gallium
571 3893 692 3949 ambitus
715 3910 791 3948 reum
817 3911 834 3948 a
857 3895 987 3948 Cicerone
1008 3911 1067 3948 esse
1088 3893 1246 3960 defensum,
1274 3893 1412 3964 discrepat
1435 3910 1452 3947 a

229 3981 263 4050 Q.
282 3982 424 4047 Cicerone,
445 3981 493 4051 qui
517 3981 561 4048 (de
583 3987 637 4051 pet.
656 3995 730 4034 cons.
753 3981 784 4046 5,
810 3981 853 4046 19)
878 3979 988 4034 fratrem
1012 3996 1094 4033 suum
1113 3979 1183 4046 iam,
1207 3980 1369 4050 priusquam
1388 3995 1453 4034 con·

228 4067 351 4122 sulatum
374 4073 489 4138 peteret,
518 4065 552 4133 Q.
579 4065 702 4121 Gallium
727 4065 779 4119 sibi
802 4065 939 4136 obligasse
963 4065 1056 4120 tradit.
1097 4065 1171 4119 Nam
1196 4065 1270 4135 quod
1296 4065 1453 4119 Brueolmer

229 4153 257 4222 (l.
276 4171 298 4208 c.
317 4170 344 4223 p.
364 4155 414 4208 114
431 4171 458 4208 n.
477 4155 503 4219 2)
526 4157 554 4207 51
571 4151 675 4221 Zumpt
698 4151 728 4220 (l.
747 4168 769 4205 c.
789 4168 814 4221 p.
834 4153 884 4207 529
909 4169 936 4205 n.
954 4153 981 4209 41
1000 4167 1095 4206 vocem
1118 4151 1230 4221 ‘postea'
1252 4149 1288 4204 ad
1314 4149 1451 4206 Ciceronis

230 4238 317 4309 ipsius
334 4239 417 4292 verba
434 4237 622 4294 antecedentia
640 4237 724 4307 (apud
737 4239 801 4292 Asc.
815 4255 840 4308 p.
855 4239 897 4305 18,
915 4239 1029 4306 25-28)
1046 4237 1086 4292 515
1097 4236 1228 4304 55155551,
1246 4243 1278 4290 51
1289 4253 1322 4290 ea
1334 4241 1443 4307 tempus

229 4328 293 4395 ‘quo
312 4325 421 4380 Gallius
439 4324 603 4395 gladiatores
626 4323 729 4394 populo
753 4340 808 4378 non
833 4323 939 4380 debitos
958 4322 1098 4393 5511151155
1116 4321 1166 4376 est'
1184 4321 1370 4390 significatum
1388 4339 1447 4376 esse

228 4417 342 4482 putent,
370 4411 422 4466 hoc
443 4410 616 4466 artificiosius
638 4425 723 4479 quarn
747 4409 836 4464 verius
859 4415 909 4464 est.
946 4413 1044 4479 ltaque
1068 4407 1198 4478 quonism
1217 4406 1252 4474 Q,
1271 4407 1412 4473 Ciceroni,
1436 4425 1452 4461 a

229 4513 285 4567 quo
302 4498 363 4567 1555
380 4497 460 4552 illurn
480 4495 603 4550 libellum
622 4496 806 4566 compositum
825 4512 885 4550 5555
902 4501 1023 4560 5555151,
1046 4493 1081 4548 (15
1098 4493 1141 4547 1515
1160 4493 1241 4548 rebus
1259 4493 1451 4548 5551551555-

228 4582 300 4636 enda
322 4582 430 4637 videtur
451 4582 797 4650 5551551155,Α55551555,
819 4597 875 4636 non
893 4581 1005 4634 fratrem
1023 4579 1161 4636 Ciceronis
1190 4595 1294 4634 errasse
1310 4578 1451 4644 existimo;

229 4670 263 4722 cl'.
282 4667 377 4740 Lange
396 4668 428 4721 R.
448 4671 481 4722 A.
499 4667 560 4721 1112
578 4685 603 4738 p.
622 4670 672 4722 221
691 4685 718 4722 n.
738 4669 782 4734 123
803 4668 949 4722 Drumann
970 4667 997 4720 V
1015 4683 1041 4736 p.
1059 4666 1123 4730 314;
1143 4663 1216 4720 Beck
1233 4665 1252 4720 l.
1271 4682 1294 4720 c.
1313 4681 1339 4734 p.
1359 4665 1391 4719 14
1409 4681 1450 4736 sq.
