3546 5236
939 437 1001 499 142

354 648 449 692 nemo
482 629 538 712 qui
569 629 602 694 in
636 629 706 695 cius
738 629 830 696 libris
864 629 996 696 criticen
1029 629 1158 695 factitat
1191 631 1328 715 ignorat.
1380 630 1492 714 itaquo
1523 631 1590 696 boc

355 755 485 819 quoque
518 736 598 818 loco,
635 737 690 820 qui
723 743 800 802 anto
832 736 1033 821 Madvigium
1072 736 1117 822 (11
1145 739 1222 816 392)
1261 757 1300 803 ox
1338 737 1505 804 codicibus
1539 737 1591 802 sic

355 841 529 908 cdcbatur:
558 865 672 930 papau
701 855 802 911 tecam
830 849 910 932 ipse,
937 851 969 912 ci
995 851 1119 912 vincere
1146 851 1234 912 tram
1260 853 1450 934 conpotes,
1477 856 1505 912 tc
1529 847 1591 911 tua

357 954 474 1036 incipit
498 955 631 1016 vincere.
679 956 709 1018 si
733 955 954 1038 apaoautmr,
974 989 1162 1000 -----
1174 1005 1184 1036 ,
1207 958 1304 1040 siqua
1331 973 1360 1019 c.
1379 973 1409 1036 q.
1432 971 1456 1018 s.
1500 951 1590 1016 malo

356 1063 434 1141 post
456 1081 520 1124 aon
542 1067 633 1144 potas
657 1057 757 1124 verba
780 1082 854 1126 aaa
877 1069 1001 1146 potest
1027 1059 1171 1126 inscrcrc
1198 1078 1295 1143 quam
1318 1083 1358 1126 ac
1380 1069 1409 1127 ta
1432 1062 1492 1126 aa
1515 1077 1591 1123 cum

358 1161 415 1228 illo
449 1163 598 1247 scribcrc,
630 1163 718 1247 quod
749 1163 908 1230 similibus
942 1165 1099 1250 exemplis
1131 1166 1334 1232 Annacanis‘
1356 1165 1411 1230 vix
1447 1184 1592 1248 unquam

357 1267 606 1337 confirmabitur.
645 1271 871 1355 comprobatur
894 1272 1080 1338 coniectura
1102 1293 1176 1339 maa
1198 1293 1240 1339 ca
1261 1291 1298 1339 rs
1321 1271 1408 1356 quod
1422 1272 1455 1337 in
1470 1273 1499 1337 A
1512 1278 1592 1357 post

355 1383 446 1464 pates
474 1375 616 1442 litteram
644 1385 657 1441 t
688 1397 815 1444 cuasam
848 1397 922 1444 csso
956 1378 1105 1445 Gertcius
1136 1379 1227 1446 vidit
1278 1379 1326 1446 sic
1358 1381 1458 1463 igitur
1482 1379 1591 1444 locum

357 1483 619 1550 constituendum
633 1505 707 1552 csso
721 1493 813 1570 puto:
837 1493 868 1554 si
891 1485 1043 1563 (fortasse
1067 1493 1214 1571 praestat
1237 1498 1266 1554 ct
1289 1492 1331 1566 ab
1355 1493 1479 1553 vincera
1502 1492 1589 1554 iram

360 1615 425 1657 aaa
446 1602 546 1678 potes,
571 1598 696 1670 <aaa
717 1599 894 1680 potest>
919 1601 947 1660 te
970 1597 1041 1660 itta.
1082 1599 1201 1681 incipis
1229 1613 1256 1660 o.
1280 1615 1310 1678 q.
1334 1614 1358 1660 s.
1406 1592 1463 1674 (ad
1489 1593 1591 1658 verbs

357 1703 469 1763 autom
495 1704 527 1765 ai
549 1735 575 1746 -
589 1735 615 1746 -
629 1735 654 1746 -
673 1707 765 1787 potes
794 1699 1009 1785 supplendum
1034 1719 1108 1766 csso
1129 1703 1307 1787 papaaado
1335 1698 1388 1765 vol
1416 1699 1521 1766 similo
1549 1719 1592 1766 cx

360 1804 401 1870 iis
425 1825 509 1888 quac
530 1805 731 1891 praecedunt
753 1807 807 1872 vix
831 1815 882 1873 cst
905 1806 991 1891 quod
1014 1805 1184 1893 moneam.)

451 1930 501 1995 ad
523 1931 638 1998 Marc.
659 1929 705 1996 dc
725 1931 869 1997 consol.
896 1935 981 2016 12,3
1005 1931 1047 1998 dc
1069 1932 1213 1998 Marciac
1236 1931 1303 1997 filio
1328 1931 1455 1998 Scncca
1478 1931 1592 1997 scribit

360 2034 458 2103 hacc:

469 2148 595 2213 iuvenis
619 2150 681 2213 cito
701 2149 859 2233 prudens,
882 2151 943 2213 cito
959 2152 1051 2233 pias,
1075 2152 1137 2213 cito
1153 2151 1303 2231 maritas,
1321 2151 1382 2214 cito
1399 2156 1505 2233 pater,
1527 2151 1589 2212 cito

470 2257 574 2320 omnis
612 2253 716 2337 officii
752 2257 915 2336 cariosam,
952 2258 1013 2320 cito
1051 2257 1216 2338 sacerdos,
1253 2258 1362 2322 omnia
1399 2260 1590 2341 tamquam

464 2383 644 2447 propera.

361 2503 559 2567 quamquam
587 2484 652 2549 iam
680 2483 872 2551 chandus
903 2485 1029 2553 Nouius
1060 2485 1236 2552 Pincianus
1267 2483 1396 2550 viderat
1427 2495 1591 2572 tamquam

288 2635 289 2638 κ
361 2616 505 2679 propera
529 2590 582 2657 vcl
605 2603 670 2658 tum
694 2615 790 2681 qaam
808 2617 1046 2680 praepropera,
1069 2590 1156 2676 quod
1179 2599 1230 2658 cst
1251 2592 1285 2657 in
1300 2592 1392 2658 libris
1405 2590 1590 2658 recentiori·

363 2699 434 2776 bus,
464 2697 529 2763 dici
550 2718 614 2763 non
639 2719 746 2784 posse,
774 2704 883 2765 mmsn
905 2699 1050 2766 Kocbius
1073 2698 1209 2783 domum,
1238 2699 1293 2783 qui
1314 2699 1412 2765 nimis
1435 2698 1591 2765 violenter

358 2811 566 2890 praestantia
593 2806 677 2870 intcr
704 2816 770 2872 tam
803 2814 835 2871 ct
867 2828 961 2894 qaam
989 2805 1173 2889 inculcavit,
1205 2805 1310 2872 locum
1337 2811 1463 2870 mutare
1492 2823 1589 2870 ausus

364 2919 424 2979 est.
471 2920 506 2978 at
529 2920 605 2978 anto
628 2912 725 3002 unqua
748 2913 902 2997 numquid
926 2912 1056 2980 facilius
1076 2913 1178 2978 omitti
1193 2919 1323 2998 poterat
1338 2931 1435 2995 quam
1454 2911 1590 2978 vocabu-

363 3018 431 3084 lum
453 3042 584 3108 mapna,
612 3019 699 3104 quod
721 3021 755 3085 in
778 3020 924 3107 proximo
949 3021 1115 3086 enuntiato
1139 3021 1317 3106 ropetitur?
1365 3020 1472 3084 scribo
1496 3019 1591 3102 igitur

363 3137 441 3193 tam
459 3150 593 3214 mapaa
609 3151 718 3216 qaam
733 3151 916 3216 propera.
945 3127 1032 3194 idem
1048 3127 1244 3194 adiectivum
1257 3124 1443 3210 Madvigius
1458 3125 1589 3212 (11473)

365 3255 416 3320 cp.
439 3254 517 3302 mor.
547 3234 592 3300 IV
616 3237 711 3312 31‚u
746 3243 837 3302 certa
869 3233 1096 3301 cmcndationo
1127 3234 1211 3300 intcr
1243 3239 1398 3322 quoniam
1426 3241 1458 3298 et
1491 3235 1591 3300 animi

365 3327 510 3408 inscruit

472 3448 521 3514 ad
544 3449 655 3517 Maro.
681 3448 726 3514 do
754 3449 895 3516 consol.
922 3452 972 3533 18,
996 3451 1033 3515 2:
1061 3451 1175 3514 satiabis
1200 3456 1381 3513 nocturnam
1409 3449 1500 3513 iaaac
1526 3467 1591 3512 cuo

406 3579 408 3583 ·
472 3560 650 3638 ceasioacca,
690 3579 709 3622 a
738 3559 894 3641 fraternis
930 3557 1104 3621 occursibus
1141 3557 1206 3620 lanc
1241 3557 1463 3638 revocataque
1494 3555 1593 3618 tamea

472 3671 637 3730 mutuatam
660 3672 689 3729 et
710 3665 798 3730 modo
822 3665 977 3745 occultam,
1008 3665 1098 3728 modo
1121 3670 1181 3728 toto
1207 3662 1326 3750 (told)
1350 3684 1412 3727 ora
1435 3663 1527 3726 tamis
1548 3663 1593 3725 ia-

472 3774 644 3836 accusatam.

364 4004 544 4074 imperatoria
566 4002 686 4058 maxims
708 4003 799 4072 posita
818 4007 890 4068 arat,
914 4020 967 4057 non
988 4018 1046 4057 suro
1066 4001 1209 4071 accapcrit,
1229 4001 1276 4056 ssd
1294 4017 1367 4056 anno
1386 4001 1421 4055 70
1439 4019 1465 4070 p.
1484 3999 1547 4054 Chr.
1566 4018 1594 4053 n.

364 4095 410 4157 (cf.
425 4111 448 4149 c.
463 4111 490 4164 g.
505 4093 662 4147 Wilmanna
681 4092 920 4162 occupatam).
941 4119 973 4130 -
993 4091 1023 4146 in
1042 4089 1138 4145 cadem
1155 4090 1217 4145 vita
1235 4091 1270 4144 15
1287 4091 1356 4145 haec
1374 4090 1408 4144 dc
1425 4089 1595 4158 Vespasiano

363 4183 508 4238 dicuntur:
531 4191 645 4237 ceteram
662 4199 744 4252 nequa
763 4185 841 4237 caede
854 4184 1013 4251 cuiusquam
1032 4197 1183 4249 amquam
1201 4182 1305 4234 tactis
1323 4181 1469 4249 suppliciis
1481 4181 1595 4232 inlacri-

364 4275 450 4327 mactt
463 4275 545 4327 ctiam
559 4281 583 4327 at
596 4274 733 4341 tapemait,
748 4271 777 4324 in
787 4271 895 4339 quibus,
910 4270 933 4324 si
943 4269 1110 4325 sententiam
1120 4273 1235 4338 spectas,
1250 4272 1323 4324 rectc
1334 4269 1392 4323 iam
1401 4269 1431 4323 in
1440 4266 1595 4323 mccntiori·

365 4361 416 4416 bus
432 4361 510 4416 libris
524 4363 640 4416 lactatus
653 4363 851 4430 postamqaam
861 4358 1013 4429 suppletur.
1033 4361 1064 4412 at
1076 4357 1198 4413 nondum
1213 4357 1387 4414 intellectum
1399 4360 1442 4412 cst
1454 4357 1528 4412 inter
1542 4358 1595 4426 quui

364 4454 396 4505 st
405 4454 485 4505 tactis
494 4449 566 4504 nihil
576 4450 685 4505 facilius
695 4449 819 4504 excidere
830 4449 952 4518 potuisse
966 4463 1050 4516 quam
1064 4451 1209 4517 panisus.
1233 4447 1306 4516 quod
1319 4463 1384 4502 vcro
1397 4446 1427 4501 C.
1438 4447 1469 4500 la
1479 4445 1597 4501 Ruthius

363 4541 483 4595 iactatas
502 4548 541 4594 cst
559 4550 583 4593 et
602 4539 683 4594 scribi
702 4539 772 4606 vult,
791 4537 876 4593 miror
894 4555 957 4592 oum
975 4537 1022 4592 hic
1040 4553 1105 4592 usus
1122 4535 1293 4603 cummiani,
1312 4553 1367 4605 quo
1380 4536 1479 4605 copula
1497 4535 1597 4591 tertiae

367 4645 499 4700 personas
517 4629 667 4700 singularis
685 4627 801 4699 perlecti
819 4627 981 4698 deponentis
1000 4627 1118 4683 alicuius
1136 4627 1285 4692 omittitur,
1303 4627 1491 4681 immemoncm
1505 4625 1596 4680 fnioec

363 4717 466 4773 deindo
483 4727 508 4772 ct
525 4718 615 4773 multo
633 4719 732 4773 melius
750 4719 801 4772 hoc
819 4718 878 4772 loco
897 4717 990 4773 absssc
1009 4733 1093 4786 quam
1113 4715 1178 4770 addi
1198 4715 1288 4785 quivis
1306 4715 1390 4770 videt.
