3548 5256
343 611 541 699 lithographi
574 621 644 680 arte
679 614 872 700 confectum,
905 615 993 699 quod
1024 617 1057 682 in
1089 616 1211 701 tabula,
1249 637 1345 701 quam
1378 618 1582 686 Niebuhrius

344 719 489 787 Senecae
526 719 778 805 fragmentorum
815 721 952 788 editioni
985 743 1084 808 supra
1116 744 1193 808 pag.
1221 723 1269 789 III
1306 735 1580 792 commemoratae

344 825 501 912 adiunxit,
529 835 677 911 quartum
701 838 840 914 occupat
862 828 977 914 locum,
1000 849 1114 915 parum
1137 829 1279 896 fideliter
1302 853 1490 917 expressum
1513 841 1577 900 est.

344 932 482 999 Omnino
506 941 614 1000 autem
638 934 817 1001 cavendum
842 943 900 1021 est,
924 957 965 1003 ne
980 937 1029 1002 cis
1043 936 1219 1022 codicibus,
1244 939 1298 1021 qui
1312 958 1412 1024 prosa
1425 939 1575 1005 oratione

343 1049 518 1126 conceptos
556 1041 656 1109 libros
693 1043 858 1109 continent
900 1044 1061 1130 scriptura
1096 1041 1235 1109 ‘unciali’
1275 1055 1439 1130 exaratos,
1476 1047 1576 1111 nimis

431 1219 506 1288 XIV)
525 1220 702 1290 Digestorum
721 1222 881 1291 fragmenta
900 1221 1174 1276 Pommersfeldensia
1194 1221 1277 1290 [conf.
1292 1223 1428 1292 imagines
1442 1224 1470 1277 in
1486 1224 1575 1278 rIlieo-

340 1307 400 1362 dori
419 1310 571 1368 Mommsen
590 1311 711 1366 editione
730 1312 906 1386 Digestorum
925 1311 1030 1366 maiore
1048 1311 1101 1365 vol.
1120 1311 1161 1366 llI
1179 1313 1237 1366 tab.
1257 1312 1371 1380 5-1o];

431 1399 492 1466 XV)
516 1399 693 1469 Digestorum
716 1401 875 1470 fragmenta
897 1401 1086 1470 Neapolitana
1110 1399 1191 1467 [conf.
1216 1401 1368 1470 scripturae
1387 1402 1524 1470 specimen
1543 1403 1576 1456 in

335 1485 477 1542 v'llbeodori
495 1490 647 1544 Mommsen
666 1490 787 1545 editione
805 1491 982 1560 Digestorum
1001 1491 1105 1544 maiore
1123 1491 1177 1544 vol.
1192 1490 1206 1545 I
1224 1491 1310 1560 praef.
1329 1509 1355 1560 p.
1376 1490 1536 1560 LXXXXI];

430 1577 505 1646 XVI)
533 1579 683 1633 Iustiniani
705 1579 918 1633 Institutionum
942 1578 1100 1649 fragmenta
1125 1580 1301 1643 Veronensis,
1328 1597 1399 1648 quae
1422 1580 1518 1634 insunt
1542 1581 1576 1634 in

340 1665 433 1720 codice
451 1667 602 1722 Veronensi
620 1667 765 1721 XXXVIII
783 1667 848 1736 (36).

430 1756 513 1811 Mitto
533 1757 601 1811 alios
620 1757 733 1822 codices,
752 1757 841 1812 veluti
855 1756 1043 1812 Coloniensem
1059 1758 1131 1827 App.
1141 1757 1181 1811 IV
1196 1758 1238 1823 (=
1251 1758 1478 1812 Darmstadinum
1491 1757 1574 1820 2326,

341 1841 375 1896 de
394 1860 448 1911 quo
467 1845 589 1900 conferas
608 1845 732 1916 Philippi
751 1846 818 1901 Iaffe
836 1849 865 1902 et
880 1846 1012 1901 Guilelmi
1025 1846 1214 1901 Wattenbach
1233 1847 1334 1902 librum
1349 1847 1398 1915 qni
1412 1846 1576 1901 inscribitur

340 1928 488 1988 ‘EcclesIee
519 1935 749 2005 metropolitanae
780 1934 949 1990 Coloniensis
982 1935 1086 1990 codices
1118 1933 1310 2005 manuscripti’
1348 1936 1469 1990 Berolini
1502 1936 1576 1990 18⁷4

341 2037 405 2091 pag.
425 2024 459 2078 93
469 2022 531 2092 sq),
560 2024 590 2077 in
617 2042 672 2093 quo
699 2024 791 2080 codice
813 2025 910 2079 insunt
934 2024 1099 2092 antiquioris
1122 2023 1266 2079 cuiusdam
1290 2025 1390 2080 codicis
1414 2025 1576 2095 fragmenta

339 2111 420 2176 (conf.
441 2113 526 2168 etiam
546 2113 697 2183 Georgium
716 2115 865 2168 Ilenricum
884 2114 964 2168 Perta
986 2115 1017 2168 in
1040 2115 1113 2169 Mon.
1133 2114 1225 2169 Germ.
1243 2114 1298 2184 leg.
1318 2115 1343 2168 V
1361 2132 1425 2184 pag.
1446 2115 1496 2168 169
1506 2113 1574 2182 sq.);

340 2200 409 2254 item
432 2203 515 2258 mitto
538 2204 608 2257 tales
632 2203 744 2267 codices,
773 2203 869 2272 quales
892 2207 957 2258 sunt
981 2203 1062 2274 Legis
1086 2205 1228 2258 Romanae
1252 2203 1461 2274 visigothorum
1489 2203 1575 2258 codex

340 2289 511 2346 Monacensis
537 2291 617 2359 [coni
638 2292 790 2363 imaginem
813 2293 843 2347 in
862 2293 946 2348 Z.·W.
970 2295 1027 2348 tab.
1047 2293 1089 2348 at.
1113 2293 1159 2361 28]
1184 2297 1214 2348 et
1236 2292 1454 2362 Phillippsianus
1483 2292 1575 2360 [cuins

339 2378 493 2448 scripturae
511 2381 648 2450 specim0n
668 2381 796 2437 adiunxit
815 2383 956 2437 Gustavns
975 2383 1079 2438 Haenel
1102 2383 1185 2436 huius
1208 2382 1279 2452 legis
1301 2382 1418 2437 editioni
1436 2382 1574 2452 lipsiensi

341 2483 366 2520 a.
388 2468 468 2537 1849]
488 2473 517 2524 et
535 2470 779 2540 Sangermanensis
799 2472 869 2527 1278
894 2470 938 2540 [de
962 2489 1017 2540 quo
1040 2471 1131 2526 codice
1149 2471 1273 2526 conferas
1292 2472 1448 2526 (iustarum
1465 2471 1572 2526 Haenel

340 2556 358 2608 l.
378 2573 400 2610 c.
426 2575 489 2626 pag.
513 2557 602 2613 XLIII
627 2559 679 2628 sq]
709 2565 794 2628 atque
822 2561 902 2630 Legis
930 2561 1072 2616 Romanae
1100 2560 1328 2630 Burgundionum
1355 2561 1514 2630 fragmenta
1540 2561 1571 2614 in

337 2645 430 2700 codice
453 2647 590 2702 Vaticano
609 2649 679 2704 5166
707 2653 817 2704 seruata
846 2649 974 2719 [quorum
1002 2650 1155 2719 scripturae
1182 2650 1321 2718 specimen
1348 2649 1424 2704 dedit
1447 2649 1571 2719 Angelus

339 2733 396 2788 Mai
415 2734 445 2788 in
464 2740 543 2805 parte
561 2736 657 2792 infima
675 2739 789 2793 tabulae
808 2739 967 2807 Symmachi
986 2740 1144 2794 orationum
1163 2739 1281 2793 editioni
1299 2739 1441 2793 Romanae
1460 2757 1484 2793 a.
1500 2739 1571 2793 1823

338 2825 516 2894 praemissae]
546 2829 575 2880 et
602 2827 750 2882 Reccaredi
778 2827 989 2897 Visigothorum
1016 2829 1089 2898 regis
1118 2829 1252 2897 antiquae
1280 2829 1374 2898 legum
1401 2827 1571 2883 collectionis

338 2911 499 2982 fragmenta
525 2915 555 2968 in
579 2916 671 2971 codice
690 2917 814 2971 Parisino
834 2918 903 2972 rate
931 2921 1042 2972 servata
1070 2917 1115 2986 [de
1138 2918 1238 2986 quibus
1261 2918 1384 2972 oculares
1412 2915 1473 2972 ‘Die
1496 2927 1573 2971 west-

337 3005 474 3068 postrata
493 3008 614 3074 Antiqua
632 3003 688 3060 etc?
707 3006 749 3060 ed.
768 3006 922 3062 Fridericus
941 3007 1039 3062 Blume
1058 3007 1137 3061 Halis
1157 3006 1238 3074 1847]
1259 3009 1309 3061 etc.

428 3093 546 3148 Gravius
564 3095 615 3149 hoc
633 3099 683 3158 est,
708 3097 781 3164 quod
804 3113 838 3151 ex
856 3096 964 3152 ratione
987 3096 1038 3150 illa
1060 3096 1198 3156 discimus,
1223 3113 1281 3164 qna
1294 3092 1396 3173 n‘notao
1417 3092 1494 3148 iuris‘
1513 3094 1573 3148 sire

336 3181 490 3250 scriptmae
512 3183 674 3252 compendia
699 3203 716 3239 a
738 3185 859 3239 librariis
884 3189 1053 3255 usurpantur
1075 3185 1103 3239 in
1123 3185 1262 3240 codicibus
1281 3183 1392 3238 iuridici
1411 3183 1572 3253 argumenti

339 3269 496 3326 Iustiniano
511 3273 723 3340 antiquioribus,
744 3291 826 3342 quem
841 3277 950 3329 mactat
964 3274 1074 3330 iussisse
1087 3273 1168 3342 (conf.
1182 3273 1333 3328 Iustiniani
1346 3273 1380 3327 de
1394 3272 1573 3342 conceptione

336 3359 508 3429 digestorum
527 3361 648 3416 edictum
668 3363 698 3417 in
712 3363 846 3418 Theodori
861 3363 1025 3418 Mommseni
1040 3364 1215 3433 Digestorum
1236 3362 1357 3418 editione
1375 3361 1479 3416 maiore
1493 3361 1572 3415 roll

336 3465 400 3518 pag.
420 3449 536 3518 XXVD)
560 3447 624 3504 ‘non
647 3469 696 3521 per
718 3453 851 3522 siglorum
876 3452 1017 3521 captiones
1041 3456 1069 3507 et
1092 3450 1285 3521 compendiosa
1303 3451 1473 3520 aenigmata,
1498 3467 1573 3518 quae

337 3538 441 3592 mutas
460 3557 508 3608 per
526 3556 555 3593 se
573 3544 602 3594 et
620 3558 669 3609 per
687 3559 766 3595 suum
781 3542 883 3596 vitium
898 3540 1066 3596 antinomias
1080 3541 1256 3605 induxerunt,
1277 3539 1443 3594 ...codicis
1462 3541 1572 3592 textum

338 3625 489 3683 conscribi’.
528 3627 613 3698 Origo
632 3629 705 3684 enirn
726 3648 780 3684 non
800 3647 950 3700 paucarum
970 3648 1003 3685 ex
1022 3631 1095 3685 notis
1114 3629 1170 3684 illis
1189 3627 1318 3697 (quarum
1338 3628 1407 3682 alise
1426 3627 1525 3697 collegi
1539 3627 1572 3681 in

335 3715 438 3770 codicis
457 3717 559 3772 Gaiani
578 3719 743 3774 Veronensis
762 3720 921 3790 apographo
941 3737 1004 3790 pag.
1019 3719 1170 3782 ata-312,
1191 3718 1261 3773 alias
1280 3721 1426 3786 usurpatas
1445 3717 1521 3771 rides
1539 3717 1571 3770 in

336 3805 452 3874 reliquis
470 3807 608 3863 codicibus
622 3808 778 3864 Iustiniana
798 3810 1010 3878 antiquioribus,
1030 3827 1098 3879 quos
1117 3826 1200 3878 supra
1218 3808 1385 3873 enumeravi,
1406 3807 1476 3861 alias
1494 3807 1571 3860 deni·

338 3911 391 3962 que
410 3899 556 3951 servarunt
573 3897 702 3952 laterculi
720 3899 772 3964 illi,
792 3917 860 3967 quos
880 3899 1037 3954 Theodorus
1055 3899 1207 3976 Mommsen
1227 3897 1315 3952 edidit
1333 3897 1363 3950 in
1382 3897 1493 3951 Haurici
1507 3895 1570 3950 Keil

336 3981 544 4039 ‘Grammaticis
559 3984 675 4041 Latinis'
689 3988 743 4042 vol.
755 3987 793 4040 IV
804 4005 869 4058 pag.
880 3988 932 4042 211
943 3987 1022 4056 sqq),
1041 3987 1141 4057 quibus
1156 3987 1224 4042 setis
1243 3989 1354 4041 uetusto
1372 3989 1495 4056 tempore
1513 3984 1571 4040 iam

335 4089 399 4127 usos
419 4091 476 4129 esse
495 4075 621 4130 librarios
640 4077 792 4130 multorum
811 4077 935 4131 codicum
954 4095 1086 4132 consensu
1101 4077 1237 4140 docemur,
1256 4075 1298 4130 ita
1313 4079 1424 4130 tantum
1438 4074 1571 4144 eprIcari

335 4166 435 4232 potest,
447 4165 479 4216 ut
489 4161 659 4218 ‘uncialium'
668 4165 836 4232 litterarum,
850 4183 905 4220 non
917 4162 1100 4234 ‘capitalium’
1110 4182 1189 4218 usum
1205 4163 1304 4218 animis
1321 4180 1414 4218 eorum
1426 4163 1571 4218 hominum

333 4251 510 4307 obversatum
534 4269 591 4307 esse
615 4256 780 4319 statuamus,
808 4255 857 4323 qui
881 4255 1043 4324 compendia
1070 4254 1121 4308 illa
1148 4253 1301 4323 scripturae
1329 4253 1570 4322 excogitaremnt;

334 4341 406 4395 conf.
424 4359 447 4397 e.
466 4360 493 4411 g.
522 4342 553 4396 in
580 4343 740 4413 apographo
769 4344 877 4399 Gaiano
905 4361 969 4413 pag.
993 4344 1047 4398 284
1056 4361 1116 4412 sqq.
1143 4343 1235 4398 varias
1264 4343 1327 4396 illas
1355 4341 1571 4411 significationes

336 4429 448 4485 litterae
465 4432 485 4484 P
500 4435 528 4486 et
542 4431 654 4486 litterae
669 4433 699 4498 Q,
719 4433 819 4500 quibus
838 4433 861 4486 si
880 4433 1012 4488 lineolam
1030 4433 1060 4486 in
1080 4432 1142 4486 aliis
1156 4431 1268 4486 litterae
1283 4431 1409 4501 partibus
1424 4430 1570 4494 addideris,

335 4519 394 4573 alia
418 4520 622 4590 significantur:
654 4522 762 4590 aliquot
786 4523 953 4591 compendiis
977 4522 1130 4592 flagitatur,
1154 4525 1186 4574 ut
1209 4520 1361 4575 litteraeP
1385 4519 1455 4586 etQ
1477 4520 1573 4573 subter

336 4607 439 4663 lineam
463 4610 662 4678 producantur,
690 4611 720 4664 id
748 4611 821 4679 quod
846 4611 877 4665 fit
905 4611 936 4664 in
964 4611 1100 4680 scriptura
1125 4607 1257 4674 ‘unciali’,
1284 4627 1339 4663 non
1368 4625 1455 4677 aeque
1482 4609 1514 4663 fit
1540 4608 1573 4662 in

334 4693 480 4766 ‘capitalit
