3634 5240
771 419 812 482 oo

684 506 890 518 ζ..-

176 660 258 725 quae
273 642 367 708 modo
383 643 540 728 exscripsi,
556 642 658 709 verbis
674 641 838 726 adiungit),
862 661 957 724 quarn
973 641 1012 706 ad
1035 664 1054 700 a
1077 640 1206 720 Quintil.
1221 640 1309 720 X14,
1322 642 1399 706 134:

176 745 334 824 „namatio
357 746 421 812 lere
437 746 588 813 tardiores
612 747 715 829 atque,
737 747 773 810 ut
795 745 840 810 sio
859 744 997 824 dixerim,
1018 745 1221 810 modestiores
1244 744 1400 811 desiderat

173 848 282 932 pedes,
314 868 351 914 ex
382 851 528 916 omnibus
557 849 693 916 maxime
723 849 847 914 mixtos.
886 847 971 914 Nam
1003 849 1035 914 et
1063 848 1174 926 verbis,
1206 849 1243 913 ut
1275 849 1398 932 saepius

174 971 293 1036 presse,
315 952 360 1018 ita
374 953 501 1018 interim
516 953 658 1036 insurgit,
682 953 738 1018 sed
754 952 862 1018 docere
886 953 917 1016 et
932 951 1061 1035 infigere
1079 951 1191 1017 animis
1211 971 1261 1018 res
1277 971 1400 1036 semper

175 1057 271 1140 cupit,
294 1057 377 1140 quod
399 1056 528 1123 minime
551 1057 767 1122 festinantium
790 1074 868 1140 opus
892 1057 967 1120 est“.

214 1297 232 1377 ὅ
257 1296 306 1359 12.
350 1296 450 1381 Ipsis
476 1297 613 1381 pedum
636 1263 848 1362 schematis
871 1315 929 1360 rcs
952 1295 1131 1379 rhythmo
1153 1295 1363 1362 imitandas

532 1398 801 1485 quodammodo
825 1399 1053 1484 significari

264 1536 335 1602 Non
357 1537 390 1602 in
413 1556 449 1602 eo
472 1537 696 1621 acquieveromt
716 1540 847 1617 veteres,
869 1537 958 1602 utin
979 1533 1082 1620 longis
1097 1538 1130 1600 ct
1143 1536 1290 1602 breuibus
1305 1537 1401 1619 sylla·

177 1640 228 1705 his
262 1641 500 1722 tranquillitatis
536 1644 568 1706 et
600 1643 706 1706 motus
738 1639 908 1706 similitudo
942 1640 1044 1705 inesse
1067 1638 1255 1704 eraderetur.
1298 1639 1400 1706 Immo

179 1743 447 1825 quemadmodum
473 1745 542 1828 ipsa
567 1743 663 1809 verba
689 1745 779 1808 erant
808 1733 851 1807 τὰ
881 1739 942 1825 μὲν
974 1743 1087 1828 φωνῆς
1107 1738 1276 1828 μιμητικά,
1298 1733 1341 1808 τὰ
1363 1741 1401 1809 δὲ

177 1849 317 1933 μορφῆς,
339 1837 382 1911 τὰ
404 1844 441 1912 δὲ
457 1841 556 1934 ἔρχου,
579 1839 621 1911 τὰ
636 1843 673 1911 δὲ
689 1841 834 1926 πάθους,
857 1835 899 1910 τὰ
915 1842 953 1910 δὲ
967 1840 1131 1930 κινήσεως,
1147 1841 1188 1908 τὰ
1204 1841 1242 1910 δὲ
1257 1836 1400 1930 ἠρεμίας,

178 1938 222 2012 τὰ
254 1946 291 2014 δὲ
324 1939 422 2014 doleo
446 1946 612 2037 χρήματος
640 1943 841 2034 ὁτουδήποτε
863 1949 1004 2033 (Dionys.
1027 1968 1126 2032 comp.
1149 1950 1234 2014 verb.
1258 1968 1284 2013 c.
1308 1950 1347 2012 16
1369 1970 1400 2033 p.

182 2051 243 2115 196
271 2051 372 2134 Sch.),
400 2055 446 2118 ila
475 2054 677 2118 metricorum
710 2053 827 2136 pedum
860 2052 977 2117 formas
1011 2052 1171 2117 intuentes
1205 2053 1401 2134 grammatici

179 2155 338 2220 variarum
360 2175 466 2222 rerum
489 2157 641 2239 imagines
663 2157 697 2220 in
720 2157 763 2221 eis
787 2174 956 2237 agnoscere
979 2155 1037 2220 sibi
1058 2154 1255 2219 videbantur.

265 2258 292 2322 Ι.
323 2259 419 2325 Velut
444 2262 526 2324 teste
549 2259 700 2325 Diomede
722 2259 765 2342 (p.
788 2258 861 2336 475,
886 2258 925 2321 15
941 2258 984 2342 Κ)
1014 2257 1263 2342 „(pyrrichius
1286 2258 1402 2341 dictus)

181 2361 320 2445 aPyrro
339 2363 470 2428 Achillis
491 2363 571 2440 filio,
606 2363 660 2445 qui
682 2361 799 2427 crebris
828 2363 860 2426 et
881 2361 952 2425 citis
975 2361 1218 2426 exultationibus
1240 2361 1300 2425 bis
1323 2362 1404 2427 bre·

180 2464 283 2529 viter
297 2466 528 2549 prominentem
550 2466 686 2549 elipeum
708 2465 840 2548 genibus
861 2464 1049 2530 incumbens
1072 2465 1104 2530 et
1125 2482 1181 2548 per
1203 2464 1287 2530 hunc
1308 2464 1404 2530 hosti-

180 2568 240 2632 bus
262 2571 413 2633 terrorem
435 2569 600 2633 inmittens
623 2568 846 2634 inferebatur“.
1249 2589 1250 2592 ¹

266 2669 308 2736 II.
330 2671 398 2736 Nec
419 2671 522 2754 magis
544 2671 576 2735 in
598 2672 760 2756 spondei
782 2673 896 2735 natura
911 2669 1097 2753 explicanda
1112 2688 1148 2735 eo
1164 2671 1404 2736 contenderant

182 2773 316 2852 metrici,
344 2775 427 2856 quod
456 2775 588 2858 quilibet
616 2777 722 2840 motus
750 2773 859 2838 tardus
889 2776 921 2838 et
948 2773 1137 2856 tranquillus
1161 2773 1295 2838 deorum'
1311 2792 1405 2839 vene·

182 2877 295 2940 rationi
312 2878 536 2960 convenirem),
560 2879 615 2943 sed
628 2879 706 2962 ipsis
721 2877 824 2960 longis
848 2877 978 2959 syllabis
994 2877 1050 2942 aut
1071 2877 1198 2959 longam
1212 2877 1310 2942 vitam
1334 2896 1403 2943 esse

182 2979 403 3045 adumbratam
421 2982 584 3065 putabant,
605 2999 701 3064 quem
723 2999 742 3045 a
766 2980 813 3044 dis
837 2982 1018 3063 expeterent
1032 2981 1082 3044 his
1104 2980 1214 3044 metris
1229 2982 1262 3044 in
1276 2980 1403 3064 hymnis

183 3083 242 3159 usi,
266 3085 322 3147 aut
343 3084 505 3149 foederum
520 3083 699 3168 (σπονδῶν)
722 3083 978 3148 dintumitatem:
1002 3082 1140 3148 ‘Scholia
1153 3082 1405 3167 Hephaestionea

183 3183 219 3248 B'
242 3205 271 3268 p.
295 3187 367 3263 132,
390 3189 432 3250 24
454 3187 494 3250 W
515 3215 559 3242 =
581 3189 632 3264 28,
657 3187 763 3250 1311:
798 3182 922 3274 ἐκλήθη
951 3184 988 3252 δὲ
1011 3179 1111 3264 οὕτως
1132 3189 1187 3269 (sc.
1210 3184 1404 3269 σπονδεῖος),

183 3283 234 3353 ὅτι
257 3285 291 3353 ἐν
311 3292 385 3368 ταῖς
401 3288 563 3368 σπονδαῖς
585 3279 624 3368 ἃς
646 3286 818 3355 ἐποιοῦντο
832 3281 917 3376 πρὸς
937 3281 1012 3368 τοὺς
1032 3281 1133 3368 θεοὺς
1146 3284 1281 3375 τοιούτῳ
1295 3285 1403 3374 μέτρῳ

186 3387 333 3476 ἐχρῶντο,
350 3391 725 3480 πολυχρονιωτέραν
747 3387 886 3459 ἔσεσθαι
900 3385 958 3480 τὴν
974 3388 1059 3478 ζωὴν
1073 3386 1181 3470 αὐτοῖς
1195 3389 1250 3457 καὶ
1265 3382 1307 3456 τὰ
1322 3381 1405 3456 litte

184 3497 248 3558 τοῖν
270 3486 408 3580 ἀγαθῶν
430 3489 603 3579 εὐχόμενοι.
648 3496 957 3580 Pseudo-Dionysius
978 3517 1008 3580 p.
1027 3497 1086 3559 161
1106 3496 1190 3561 med.
1212 3495 1315 3561 Stud:
1348 3485 1405 3559 διὰ

184 3592 218 3660 τί
237 3590 360 3686 ἐκλήθη
377 3598 565 3680 reconderes,-
588 3593 634 3678 οῖς
659 3594 815 3678 πλείονας
839 3593 918 3680 ἔχων
938 3594 1076 3686 χρόνους,
1097 3589 1215 3684 ἐπειδὴ
1236 3595 1291 3662 καὶ
1310 3591 1404 3683 ἡμεῖς

186 3697 380 3782 σπένδοντες
388 3704 435 3788 τῷ
445 3705 515 3790 θεῷ
531 3695 1101 3788 πολυχρονιότητος’)εὖχόμοθα·
1114 3693 1405 3786 ἕνχὰρταῖςσπον-

185 3803 257 3882 δαῖς
278 3808 344 3870 τῶν
358 3807 446 3870 θεῶν
459 3801 619 3871 εἰώθασιν
631 3800 662 3870 οῖ
681 3804 819 3870 παλαιοὶ
831 3801 933 3891 τούτῳ
944 3807 990 3892 τῷ
1002 3802 1111 3892 μέτρῳ
1122 3802 1227 3891 λέγειν
1236 3796 1296 3882 τὰς
1307 3797 1404 3891 ᾠδοῖς.

185 3908 346 3974 Anecdota
358 3909 533 3992 Chisianc§
548 3910 581 3972 1⁸
595 3909 655 3993 5p.
669 3909 687 3970 6
700 3908 916 3992 Mangelsdori
922 3936 965 3964 =
977 3930 1005 3993 p.
1018 3909 1080 3972 206
1092 3909 1174 3974 med.
1186 3908 1291 3973 stud:
1302 3911 1405 3971 Σπον-

187 4008 272 4090 deice
286 4063 293 4078 .
309 4063 316 4077 .
332 4063 339 4077 .
354 4001 425 4077 ἀπὸ
446 4014 502 4078 τοῖν
525 4007 765 4093 ἐπαυλουμένσυ
782 4014 856 4090 ταῖς
877 4010 1038 4089 σπονδαῖς
1053 4013 1181 4099 ῥυθμοῦ
1203 4060 1210 4076 .
1232 4059 1240 4074 .
1262 4058 1287 4089 .,
1308 4001 1330 4095 ἢ
1351 4003 1404 4074 ὅτι

171 4362 175 4368 ’
255 4338 276 4404 ¹)
295 4339 386 4392 loann.
407 4338 457 4391 Sic.
477 4338 502 4390 in
521 4337 647 4404 Hermog.
667 4337 785 4402 V1237,
806 4338 838 4390 16
857 4338 906 4391 W:
928 4334 1044 4404 τούτῳ.
1063 4376 1069 4389 .
1088 4376 1094 4389 .
1113 4335 1239 4407 ἐχρῶντο
1255 4335 1296 4400 τῷ
1313 4338 1404 4405 μέτρῳ

187 4419 346 4492 (οπονδείῳ)
365 4427 395 4474 ἐν
410 4427 469 4479 ταῖς
487 4425 546 4475 ’ταῖν
562 4421 703 4493 δαιμόνων
722 4423 840 4492 θυσίαις,
857 4419 908 4476 ἅτε
918 4423 1111 4496 χρονιωτέραν
1121 4422 1221 4476 ποιοῦν
1232 4420 1284 4488 τὴν
1297 4426 1405 4486 κίνησιν

186 4513 231 4562 καῖ
249 4506 367 4578 σσμνὴν.Ι

255 4593 549 4668 ’)πολυχρονιότατσι
568 4594 706 4664 1101111110,
732 4593 768 4649 ad
786 4610 864 4662 quem
890 4595 978 4651 locum
997 4593 1164 4651 Studemlmd
1182 4594 1249 4650 haec
1276 4592 1402 4650 adnotat:

188 4680 323 4753 „diuersas
341 4686 437 4752 patere
456 4679 616 4738 emendandi
634 4679 690 4736 vias
709 4682 850 4751 apparet“.
