3560 5242
435 540 555 606 Deinde
579 541 780 606 Schuenkius
802 542 868 626 ipse
890 561 947 608 nos
969 543 1127 608 revocavit
1149 543 1188 607 ad
1210 543 1295 608 hunc
1309 544 1413 609 locum
1429 543 1581 607 Varroni·

350 664 447 710 annm
462 647 553 729 (Aug.
570 645 603 710 G.
618 645 656 712 D.
671 645 733 708 VH
749 646 817 727 19):
834 645 964 710 ‘Deinde
978 647 1048 711 ideo
1064 645 1140 710 dicit
1154 645 1210 730 (sc.
1221 646 1334 730 Varro)
1351 666 1370 711 a
1385 646 1581 730 quibusdam

349 768 462 832 pueros
485 749 513 813 ei
530 752 586 827 (sc.
600 747 749 831 Saturno)
766 748 873 812 solitos
889 748 1096 826 immolari,
1115 749 1197 813 sicut
1212 767 1231 813 a
1250 747 1406 828 Poenis,
1426 751 1459 814 et
1474 767 1493 813 a
1508 749 1582 830 qui-

350 851 485 916 busdam
508 852 603 916 etiam
626 851 840 932 maiores,¹)
864 852 946 916 sicut
968 870 987 916 a
1009 851 1147 929 Gallis,
1171 850 1245 934 qaria
1259 852 1401 916 omnium
1417 851 1580 916 seminum

352 955 506 1038 optimum
529 957 579 1019 est
601 973 701 1037 genus
723 953 920 1018 humanum'.
965 954 1012 1018 Re
1033 973 1107 1019 vera
1133 955 1236 1037 prima
1258 954 1386 1036 quidem
1410 955 1512 1038 specie
1537 953 1580 1016 ad

351 1059 437 1122 hunc
467 1058 573 1122 locum
604 1057 721 1122 similia
748 1057 932 1122 Tertulliani
959 1058 1056 1122 verba
1085 1056 1231 1123 videntur
1259 1057 1368 1123 reterri
1389 1077 1452 1121 nou
1474 1075 1581 1140 posse,

356 1161 510 1243 siquidem
532 1160 630 1224 Varro
654 1162 734 1225 testo
756 1159 933 1242 Augustino
955 1178 1019 1225 non
1041 1161 1207 1237 Mercurio,
1231 1160 1285 1225 sed
1309 1161 1445 1226 Saturno
1468 1159 1582 1225 Gallos

356 1263 515 1328 ‘maiorem
531 1266 676 1330 aetatem*
699 1263 910 1329 immolavisse
932 1263 1068 1327 tradidit
1105 1262 1166 1328 Sed
1190 1283 1261 1328 vere
1276 1283 1327 1329 me
1343 1265 1465 1328 monuit
1481 1262 1585 1328 Geor-

357 1367 427 1447 gius
461 1365 612 1431 Wissowa
643 1367 858 1449 Augustinum
894 1366 993 1432 videri
1030 1385 1048 1430 a
1081 1364 1221 1432 Varrone
1254 1368 1354 1433 relata
1390 1365 1583 1432 confudisse.

361 1469 535 1533 Saturnum
558 1470 642 1534 enim
664 1470 746 1534 inter
762 1469 925 1534 Gallorum
949 1468 1024 1533 deos
1047 1467 1143 1534 fuisse
1165 1489 1324 1553 nusquam
1339 1471 1491 1554 scriptum
1508 1487 1583 1532 esse

360 1573 421 1637 nisi
443 1572 497 1637 illo
518 1573 586 1637 loco
603 1573 783 1654 Augustini,
807 1591 826 1636 a
849 1591 910 1655 quo
933 1591 988 1656 pro
1003 1572 1157 1637 Mercurio
1174 1571 1347 1638 Saturnum
1370 1573 1583 1638 substitutum

359 1693 436 1740 esse.
489 1674 597 1739 Potuit
625 1675 722 1757 igitur
752 1675 964 1740 Tertullianus
995 1693 1014 1738 a
1043 1674 1183 1740 Varrone
1213 1695 1271 1741 sua
1295 1695 1433 1754 sumere,
1466 1694 1530 1740 non
1564 1693 1585 1738 a

358 1777 507 1855 Minucio,
530 1777 584 1860 qui
606 1779 784 1843 maiorem
807 1781 976 1844 aetatem
990 1777 1073 1861 apud
1089 1776 1196 1844 Gallos
1213 1778 1366 1845 Mercurio
1381 1778 1584 1844 immolatam

360 1899 427 1946 esse
457 1880 583 1945 omnino
613 1899 676 1944 uon
704 1881 1001 1964 commemoravit.)

360 2060 570 2068 μ--σ-ν-

359 2171 477 2242 Κρόνῳ
494 2169 613 2234 ἔθνους
636 2169 688 2238 οὐχ
710 2168 804 2238 ὥσπερ
822 2167 1006 2236 Ἐμπεδοκλῆς
1025 2189 1092 2241 φησι
1116 2173 1174 2224 τῶν
1197 2173 1232 2224 τό
1256 2173 1314 2239 ζῷα
1333 2172 1465 2225 θυόντων
1487 2171 1583 2222 καθα·

359 2257 505 2326 πτόμινοε,

596 2341 714 2412 Μορφὴν
731 2339 753 2394 δ’
757 2339 914 2404 ἀλλάξαντα
932 2341 1024 2416 πατὴρ
1042 2341 1123 2414 φίλον
1140 2342 1202 2398 υἱόν
1219 2343 1318 2414 ἀείραο,

596 2427 717 2498 Σφάξει,
736 2427 920 2496 ἐπευχόμενος
936 2427 1008 2500 μέγα
1027 2429 1134 2496 νήπιος·

361 2513 418 2568 ἀλλ’
439 2512 541 2570 εἰδότος
558 2518 605 2566 καὶ
622 2514 803 2585 γινώσκοντες
821 2512 903 2565 αὐτοὶ
921 2513 962 2566 τό
981 2515 1091 2566 αὑτῶν
1111 2520 1214 2568 τέκνα
1232 2516 1403 2588 καθιέρευον
1422 2513 1451 2567 οἱ
1467 2511 1497 2565 δὲ
1518 2513 1584 2565 ἄτε-

362 2599 509 2674 κνοιπαρό
524 2601 583 2652 τῶν
598 2598 726 2666 πενήτων
740 2595 892 2665 deceptum
910 2595 1008 2652 παιδία
1026 2601 1212 2672 κατέσφαζον,
1230 2601 1364 2668 καθάπερ
1377 2595 1489 2673 ιῖρναιῆ
1502 2615 1583 2651 νεοσ-

326 2745 329 2754 ,
362 2687 440 2742 uode·
464 2683 642 2755 παρειστήκει
667 2681 844 2755 deterritae
868 2685 1001 2755 ἄτεγκτον
1024 2692 1070 2739 καὶ
1093 2687 1276 2743 ἀστένακτος·
1300 2688 1325 2738 εἰ
1342 2683 1371 2738 dl
1390 2682 1585 2750 στενάξειενῆ

365 2770 538 2844 δακρύσειεν,
565 2765 619 2822 ldae
644 2771 691 2837 τῆς
708 2771 785 2838 τιμῆς
811 2770 979 2843 στέρεσθαι,
1008 2771 1041 2826 τό
1070 2770 1099 2824 δὲ
1123 2770 1238 2826 παιδίον
1261 2768 1342 2824 οὐδὲν
1362 2761 1447 2838 ἦττον
1468 2768 1584 2823 ἐθύετο·

363 2858 464 2932 κρότου
488 2853 518 2908 δὲ
540 2853 749 2910 κατεπίμπλατο
774 2855 869 2908 πάντα
894 2859 949 2928 πρό
970 2859 1021 2910 τοῦ
1044 2855 1203 2930 ἀγάλματος
1225 2855 1422 2938 ἐπαυλούντων
1443 2860 1491 2908 καὶ
1515 2875 1585 2925 τομ·

363 2941 554 3009 πανιζόνῐσον,
572 2945 651 2994 ἕνεκα
669 2943 719 2995 τοῦ
736 2941 773 3008 μὴ
789 2941 927 3015 γενέσθαι
943 2943 996 3010 τὴν
1012 2942 1114 3009 βόησον
1130 2946 1189 2996 τῶν
1207 2943 1324 3014 θρήνων
1342 2942 1519 3005 ἐξάκουστον.
1547 2942 1585 2996 At

364 3028 503 3085 Plutarchi
532 3027 633 3096 scripta
661 3043 678 3082 a
706 3028 878 3083 Tertulliano
905 3033 1038 3097 usurpata
1060 3045 1120 3084 esse
1144 3029 1210 3084 nihil
1233 3028 1394 3085 documento
1413 3033 1469 3083 cst.
1505 3027 1585 3082 Adeo

365 3119 457 3170 antem
476 3119 630 3182 congruunt
650 3113 724 3168 inter
742 3127 772 3167 sc
786 3115 922 3169 nonnuliis
935 3114 1001 3169 loeis
1014 3115 1123 3170 libellus
1135 3115 1180 3170 ille
1193 3115 1372 3170 Plutarcheus
1385 3120 1414 3169 et
1432 3115 1586 3169 Senecae

364 3201 404 3256 de
428 3199 683 3268 superstitione
706 3199 769 3253 lihri
791 3199 921 3267 reliquiae
939 3201 974 3255 ah
993 3201 1146 3268 Augustino
1169 3205 1307 3265 seruatae,
1333 3205 1364 3254 nl
1386 3215 1420 3254 ex
1438 3215 1491 3254 uno
1508 3199 1586 3254 fonte

365 3285 542 3340 Plutarchum
567 3289 596 3339 et
615 3285 746 3339 Senecam
771 3299 821 3339 sua
844 3285 966 3341 hausisse
992 3285 1050 3340 veri
1067 3285 1233 3341 simillimum
1250 3286 1296 3341 sit.
1332 3285 1433 3354 Quodsi
1452 3287 1586 3342 Seneca

364 3372 394 3425 in
422 3370 515 3427 libello
538 3369 572 3426 de
590 3369 786 3438 superstitione
803 3371 862 3425 loco
882 3370 921 3424 illi
938 3370 1102 3426 Pintareheo
1121 3371 1222 3426 similia
1239 3371 1362 3441 scripsit,
1386 3371 1471 3427 hahes
1489 3376 1585 3426 aneto·

366 3472 432 3526 rem,
453 3473 470 3512 a
488 3471 540 3524 quo
554 3455 740 3510 Tertullianus
759 3457 884 3526 exemplu
903 3457 950 3511 illa
968 3472 1075 3511 sumere
1092 3459 1222 3526 potuerit.
1258 3456 1370 3525 Legisse
1388 3458 1459 3512 enim
1477 3456 1586 3512 Tertul-

366 3543 469 3598 lianum
489 3543 610 3598 Senecae
632 3541 737 3612 scripta
755 3541 910 3597 testimonio
928 3548 992 3596 sunt
1009 3543 1037 3597 hi
1054 3542 1120 3598 loci:
1143 3542 1177 3598 de
1194 3541 1277 3598 anlm.
1294 3544 1337 3597 20.
1354 3543 1401 3609 42;
1423 3543 1458 3597 de
1485 3557 1586 3599 resurn

366 3644 441 3685 carn.
461 3631 491 3696 13
514 3627 593 3697 Apol.
611 3628 654 3681 50.
675 3628 722 3692 12,
747 3642 799 3694 quo
825 3629 883 3684 icoo
901 3628 1040 3697 dialogum
1058 3629 1098 3684 de
1116 3629 1370 3698 superstitione
1388 3634 1484 3697 aperte
1502 3629 1587 3698 signi-

367 3715 468 3771 ficavit.
503 3713 686 3776 Nihilominus
709 3728 756 3766 cor
779 3713 909 3775 Senecam
936 3713 1098 3770 Tertulliani
1120 3718 1262 3770 auctorem
1285 3729 1338 3772 non
1362 3713 1445 3770 inlesa
1467 3714 1586 3783 credam,

366 3799 439 3854 inira
457 3798 609 3869 apparebit.

440 3888 461 3953 ¹)
480 3884 598 3939 ‘Maior
616 3889 714 3938 aetas
727 3883 799 3952 opud
812 3883 930 3940 Gallos
941 3883 1076 3940 Mercurio
1089 3887 1258 3953 prosecatur'
1271 3885 1381 3954 scripsit
1393 3885 1585 3941 Tertullianus.

437 3971 460 4036 ἱ)
478 3969 521 4024 De
538 3969 601 4025 lose
619 3969 726 4025 Latiari
750 3969 892 4024 dilucidius
903 4011 905 4016 .
917 3970 957 4025 ita
980 3971 1107 4039 exposuit
1124 3969 1323 4040 Tertullianus,
1345 3976 1377 4026 ut
1394 3971 1498 4027 diceret
1515 3971 1586 4026 Iovis

368 4060 491 4112 masuam
520 4053 592 4110 ludis
620 4055 690 4111 Iosis
720 4055 850 4124 sanguiue
876 4056 1017 4122 bestiarii,
1046 4057 1173 4111 scelerati
1200 4057 1307 4112 scilicet
1334 4057 1449 4112 hominis
1475 4062 1588 4127 propter

372 4143 462 4197 scelus
480 4139 516 4196 ad
534 4141 639 4195 bestias
657 4142 747 4208 missi,
766 4157 939 4211 conspersam
958 4155 1025 4196 esse.
1062 4143 1165 4197 Contra
1184 4143 1320 4198 Minucius
1338 4143 1452 4198 eandem
1470 4157 1528 4198 rem
1546 4144 1588 4197 ita

368 4227 541 4298 explanavit,
560 4227 637 4295 qnasi
655 4228 690 4281 oh
707 4227 734 4282 id
752 4227 856 4298 ipsum,
875 4234 906 4283 ut
924 4229 981 4282 lovi
999 4227 1207 4298 sacrificaretur,
1225 4229 1305 4285 homo
1322 4231 1419 4285 ‘malus
1436 4233 1466 4284 et
1483 4229 1586 4286 noxius*

368 4317 506 4370 mactatus
524 4317 611 4381 esset,
634 4327 685 4367 nec
702 4313 861 4369 bestiarium
881 4315 1014 4369 hominem
1034 4313 1109 4368 iilum
1127 4313 1211 4370 tuisse
1228 4319 1278 4370 aut
1294 4315 1399 4372 Romae
1416 4329 1495 4370 sacra
1512 4314 1588 4368 lacta

369 4415 429 4455 esse
456 4405 506 4455 aut
534 4399 614 4454 ‘ludis
640 4400 719 4454 loris'
752 4399 864 4455 eddidit.
912 4401 1008 4468 ltaque
1034 4401 1137 4455 iactum
1164 4404 1219 4468 est,
1251 4405 1283 4456 ut
1312 4399 1473 4469 quibusdam
1500 4397 1588 4453 hliun-

369 4485 411 4541 eio
434 4483 619 4542 Tertullianus
640 4489 736 4541 auctor
757 4485 841 4542 tuisse
866 4485 1014 4542 rideretur:
1038 4485 1071 4540 et.
1096 4486 1264 4543 Bouwetsch.
1282 4486 1299 4541 l.
1318 4503 1339 4541 c.
1358 4502 1384 4555 p.
1403 4487 1438 4539 22
1460 4483 1520 4542 adn.
1539 4485 1588 4540 36:

266 4593 271 4605 ·
370 4571 460 4627 ‘Fehlt
485 4587 514 4626 es
537 4571 606 4626 doch
631 4573 699 4627 auch
722 4572 799 4627 nicht
820 4587 855 4627 aa
875 4572 989 4636 Stellas,
1011 4574 1040 4626 in
1063 4573 1182 4628 welches
1206 4573 1255 4629 der
1272 4571 1411 4629 Eindruek
1434 4571 1481 4628 der
1500 4571 1587 4640 Origi-
