3522 5248
837 379 1050 476 24.-

422 574 559 662 ἀτειρής
587 572 603 640 6
627 577 741 660 στερεὸς
768 578 821 639 καὶ
843 573 971 660 ἄτρυτος
994 577 1047 639 καὶ
1070 571 1223 648 ἀνέκδοτος
1244 579 1298 639 καὶ
1321 573 1558 662 ἀκαταπόννρος.

332 681 475 748 εσίιοί.Ι)
500 702 539 758 zu
562 681 586 746 Ξ
610 682 667 748 25:
691 680 831 767 ἄτρυτος,
855 679 890 747 οἰ)
912 687 1074 768 τειρόμενος
1096 677 1152 746 ἀπὸ
1168 680 1291 767 νΑρεος.
1330 680 1406 746 EM:
1429 686 1512 766 παρὰ
1525 687 1559 747 τὸ

331 793 469 873 τείροντο
492 800 660 864 καταπονῶ,
683 800 766 873 τεριῦ,
791 787 895 876 ἀτερής
918 793 971 854 καὶ
994 787 1108 873 ἀτειρής
1132 786 1148 853 6
1173 787 1406 876 ἀκαταπόνητος.
1436 787 1456 875 ἢ
1479 793 1560 875 παρὰ

330 903 365 964 τὸ
391 905 470 983 τέρεν
496 903 600 981 γίνεται
626 897 732 985 ἀτερής
759 902 813 963 καὶ
842 897 957 986 ἀτειρής
984 897 1000 964 6
1029 903 1071 985 μὴ
1100 897 1140 963 ὢν
1167 896 1284 972 ἁπαλὸς
1312 897 1391 963 ἀλλὰ
1418 899 1557 982 σκληρός.

423 1007 623 1092 μεσοπαλές
646 1003 702 1071 δτι
724 1005 760 1070 έκ
781 1016 833 1072 τοῦ
857 1011 947 1092 μέσου
969 1008 1122 1081 πάλλεται,
1146 1004 1236 1070 ὅέστι
1258 1006 1448 1091 κραδαίνετοιι.
1488 1003 1560 1069 Sch.

333 1113 362 1177 Α
376 1133 416 1177 zu
432 1109 464 1176 Φ
482 1115 559 1178 172:
583 1111 650 1178 ἔνιοι
664 1119 848 1199 μεσσοπαγὲς
863 1114 910 1177 διὰ
923 1123 973 1179 τοῦ
988 1136 1016 1192 γ,
1040 1110 1095 1179 οἰκ
1109 1109 1149 1178 εἰ.
1173 1115 1306 1196 βοῦλεται
1328 1116 1385 1196 γὰρ
1399 1114 1491 1192 λέγειν
1503 1110 1561 1184 ἕως

334 1225 424 1306 μέσου
434 1221 626 1306 παλλόμενον,
635 1219 668 1283 δι’
676 1215 710 1284 οά
718 1223 752 1284 τὸ
762 1221 951 1307 σφοδρδντῆς
962 1223 1055 1306 βολῆς
1064 1225 1241 1307 παρίστησιν.
1249 1217 1555 1305 οἵντωςἈρίσταρχος.

423 1325 635 1413 ἀμφιθαλής
670 1323 687 1390 6
719 1324 765 1390 ἐπ’
798 1325 974 1414 ἀμφοτέροις
1009 1337 1069 1400 τοῖς
1106 1337 1219 1408 γονεῦσι
1247 1329 1384 1401 θάλλων,
1417 1323 1437 1413 ἢ
1464 1324 1560 1413 έφίἷν

335 1432 493 1522 ἀμφότεροι
523 1431 551 1499 οἱ
582 1445 674 1514 γονεῖς
706 1435 874 1499 θάλλουσιν.
925 1433 1032 1500 Sohol.
1058 1435 1085 1498 B
1113 1455 1153 1500 zu
1180 1433 1209 1498 X
1232 1437 1313 1502 496:
1343 1431 1359 1499 6
1383 1432 1427 1498 ἐπ’
1453 1433 1563 1518 ἀμφοῖν

294 1547 301 1560 “
335 1544 424 1627 μητρὶ
449 1545 502 1606 καὶ
524 1545 612 1626 πατρὶ
638 1545 691 1606 καὶ
714 1543 829 1625 πλοῦτῳ
852 1538 1009 1629 εἰδαίμιμν,
1037 1545 1118 1627 παρὰ
1140 1547 1172 1606 τὸ
1197 1540 1408 1628 ἀμφοτέρωθεν
1430 1543 1560 1606 θάλλειν.

335 1647 410 1714 EM:
434 1649 501 1713 κατ’
525 1646 617 1736 ἄμφω
638 1649 707 1722 τοὺς
730 1659 823 1729 γονεῖς
841 1650 973 1714 θάλλων.

387 1839 389 1844 ,
425 1753 534 1841 ἀδεής
557 1751 592 1820 οἰ)
615 1755 724 1828 δεδιώς.
758 1754 834 1820 EM:
859 1754 943 1829 ἀδεές
966 1754 1089 1839 ἄφοβον,
1114 1753 1248 1821 ἀπὸτοῦ
1271 1757 1347 1828 δέος.

295 1861 298 1868 ’
426 1868 651 1948 μογοστόκος
679 1859 699 1948 ἡ
727 1871 862 1948 μογοῦσα
892 1866 946 1927 καί
975 1872 1107 1929 πονοῦσα
1138 1866 1202 1947 περὶ
1232 1863 1299 1935 τοὺς
1330 1867 1444 1935 τόκους.
1490 1860 1562 1944 vg:

336 1967 391 2034 die
422 1968 533 2034 scholl.
560 1989 600 2034 zu
623 1969 654 2033 A
677 1972 756 2036 210:
791 1968 991 2056 Ἀρίσταρχος
1022 1969 1185 2055 παροξῦνει·
1218 1969 1357 2055 δραστικὴ
1389 1972 1446 2052 γάρ
1478 1990 1564 2054 φησιν

336 2075 431 2142 ἔννοιά
453 2074 540 2141 ἐστιν·
564 2073 599 2142 οἰ)
621 2080 679 2160 γὰρ
702 2075 732 2140 αἱ
750 2074 913 2142 Εἰλείθυιαι
935 2081 1105 2163 πάσχουσιν,
1126 2075 1177 2140 ἵνα
1198 2075 1469 2160 προπαροξόνοιμεν,
1495 2074 1562 2139 ἀλλ’

336 2181 480 2267 ἐνεργοῦσι
502 2187 827 2251 κατόιτῦντικτουσιῦν.
843 2183 883 2248 Α.
930 2189 1120 2268 ρογοστόκοιι
1144 2183 1175 2246 αἱ
1198 2181 1325 2247 ἐπὶτῶν
1347 2189 1432 2269 μόγις
1454 2203 1563 2247 τικτω·

338 2301 397 2354 σῦν
419 2296 602 2378 τεταγμέναι,
630 2289 671 2364 ὡς
698 2290 789 2365 ξένιος
811 2291 883 2365 Ζεὺς
914 2289 930 2356 6
955 2289 1082 2356 ἐπὶτῶν
1105 2289 1199 2362 ξένιον.
1232 2287 1253 2376 ἢ
1280 2287 1312 2353 αἱ
1334 2297 1479 2375 μογοῦσαι
1500 2288 1567 2376 ἰροι

337 2401 570 2464 κακοπαθοῦσαι
593 2396 641 2462 έπί
661 2409 723 2472 τοῖς
745 2411 801 2464 τῶν
824 2411 965 2480 γυναικῶν
987 2404 1094 2470 τόκοις.
1116 2397 1154 2465 Β.

428 2503 677 2592 ἀθηρηλοιγόν
702 2510 736 2570 τὸ
762 2517 819 2570 τῶν
846 2503 963 2590 ἀθέραν
990 2502 1205 2589 ὀλοθρευτικόν.
1252 2506 1350 2585 λοιγὸς
1377 2506 1435 2588 γὰρ
1461 2487 1478 2568 6
1501 2503 1564 2568 ὄλε-

338 2613 423 2696 θρος.
471 2611 536 2678 ιοίι
560 2611 621 2677 HV
644 2633 684 2677 zu
706 2613 726 2676 λ
751 2614 828 2678 128:
865 2624 921 2678 τῶν
944 2611 1061 2698 ἀθέρων
1084 2611 1291 2697 ὁλοθρεοτικῦν
1314 2609 1468 2695 ὄργανον.
1493 2661 1500 2677 .
1524 2660 1564 2679 ..

338 2720 415 2799 λέγει
441 2719 533 2785 δὲτὸ
560 2723 649 2786 πιόον
672 2769 679 2784 .
705 2767 712 2784 .
737 2768 745 2784 .
771 2768 778 2783 .
803 2717 820 2784 6
843 2725 938 2806 μέντοι
965 2719 1125 2809 Σοφοκλῆς
1153 2717 1208 2805 (fr.
1234 2721 1300 2785 404
1323 2717 1372 2805 D)
1405 2717 1566 2791 ἀπεδέξατο

338 2837 391 2912 τῆς
415 2824 535 2912 ἀθήρρς
557 2832 690 2914 κίνητρον
712 2830 804 2909 λέγων
826 2826 919 2901 οάτιυς
935 2827 1047 2914 ,ὤμοις
1062 2826 1272 2913 ἀθηρόβριυτον
1295 2825 1416 2911 ὄργανον
1440 2831 1563 2913 φέρανίί.

340 2929 382 3014 (V
384 2932 426 3014 gl.
440 2931 595 3017 Hesych:
621 2932 832 3020 ἀθηρόβρωτον
847 2933 984 3019 ὄργανον·
1007 2939 1060 3021 τὴν
1076 2937 1210 3021 τορῦνρν,
1234 2931 1255 3018 ᾗ
1278 2937 1332 3020 τὴν
1355 2931 1473 3019 ἀθόραν
1496 2931 1565 2996 ἀνα-

339 3047 456 3103 κινοῦσι.
485 3037 558 3126 Σοφ.
584 3039 647 3105 Ὀδ.
679 3039 802 3127 ἀκανθ.)
839 3041 905 3108 (ιυίι.
924 3038 967 3117 Q:
991 3043 1078 3127 δηλοῖ
1101 3042 1133 3105 δὲ
1154 3045 1186 3105 τὸ
1210 3044 1306 3107 πτῦον.
1332 3038 1360 3106 οἱ
1383 3041 1415 3104 δέ
1436 3044 1566 3124 νεώτεροι

338 3149 371 3210 τὸ
395 3152 528 3231 κίνριρον
550 3159 603 3233 τῆς
627 3147 740 3233 ἀθέρας
770 3147 886 3214 οἴονται.
933 3147 1034 3214 ὓίθεο
1066 3147 1195 3215 ansieht
1227 3147 1285 3214 der
1312 3153 1441 3234 νεώτεροι
1468 3145 1512 3232 (d.
1534 3145 1565 3211 h.

340 3251 423 3318 doch
447 3253 511 3318 wol
534 3252 593 3320 des
615 3253 792 3340 Didymos)
823 3255 903 3339 ging
925 3275 986 3322 aus
1008 3275 1072 3320 von
1095 3254 1153 3320 der
1176 3255 1270 3329 stelle
1293 3255 1352 3321 des
1376 3254 1565 3340 Sophokles,

340 3359 450 3424 indem
477 3359 525 3426 sie
553 3360 764 3447 ἀθηρόβρωτον
795 3362 846 3427 als
874 3382 937 3427 von
970 3362 1029 3428 der
1054 3361 1218 3429 fflhrkelle
1247 3369 1365 3446 gesagt
1387 3361 1565 3428 auffassten

341 3466 416 3546 (wie
439 3467 676 3533 wunderlioher
697 3468 798 3534 weise
821 3468 905 3535 auch
927 3470 1046 3535 Buttm.
1069 3491 1096 3535 z.
1110 3469 1141 3535 d.
1157 3476 1195 3536 st.
1216 3469 1274 3534 der
1298 3469 1410 3536 schol:
1435 3469 1565 3555 ,ἀθορύ-

342 3577 452 3658 βριυτον
466 3573 589 3660 ὄργανον
611 3574 767 3642 audiebat
782 3575 934 3662 Sophocli
957 3576 992 3642 id
1015 3577 1101 3661 quod
1115 3577 1216 3662 pultis
1230 3577 1377 3643 osoribus
1392 3574 1567 3663 inservit“),

342 3679 497 3746 w6hrend
519 3701 556 3749 es
579 3681 663 3749 doeh
686 3704 747 3748 nur
770 3683 842 3750 eine
866 3683 1086 3768 ubemagung
1109 3683 1168 3750 des
1192 3683 1346 3769 epischen
1365 3683 1567 3770 ἀθηρηλοιγός

347 3817 382 3842 --
409 3801 466 3854 τῶν
494 3787 610 3874 ἀθέρυν
641 3789 843 3866 δλεθιευιικόν
875 3790 908 3856 in
940 3790 994 3856 die
1026 3791 1190 3876 tragisohe
1226 3790 1455 3876 phraseologie
1490 3810 1571 3856 war.-

342 3895 403 3960 EM
428 3895 470 3976 (d.
494 3895 524 3962 h.
548 3895 656 3982 Orion,
680 3896 741 3962 auf
759 3897 823 3964 den
847 3919 882 3964 es
913 3897 983 3964 sich
1010 3897 1129 3982 beruft)
1161 3897 1284 3964 erklfirt
1316 3897 1378 3964 das
1409 3905 1490 3963 wort
1517 3897 1568 3964 als

341 4008 375 4069 τὸ
398 4006 487 4070 πτῦσν
508 4009 540 4070 τὸ
563 4007 630 4080 τοὺς
655 4005 769 4090 ἀθέρας
793 4008 926 4088 διαλέγον
954 4010 1007 4070 καὶ
1030 4007 1216 4093 διαχωρίίον,
1244 4005 1311 4070 und
1335 4005 1427 4072 leitet
1449 4025 1485 4071 es
1509 4024 1569 4070 aus

344 4110 526 4197 ἀθερσλόγον
548 4114 590 4178 ab
613 4117 693 4178 κατὰ
715 4116 900 4200 πλεονασμὸν
921 4123 972 4179 τοῦ
996 4136 1014 4177 ι.

432 4217 597 4306 αἰγίοχος
621 4218 787 4306 αἰγιοῦχος·
816 4217 893 4301 αἰγὶς
916 4223 972 4305 γὰρ
996 4219 1087 4286 ὅπλον
1109 4220 1189 4296 Διὸς,
1218 4217 1306 4305 οὗπερ
1329 4219 1405 4284 ἐστὶν
1426 4217 1569 4284 ἐπίθετον.

344 4325 371 4392 οἱ
394 4327 425 4390 δέ
447 4333 578 4412 νεώτεροι
599 4339 712 4403 κακῶς,
736 4326 778 4401 ἀς
802 4325 885 4408 αἰγὸς
899 4326 987 4414 ὀχὴν,
1010 4333 1134 4393 τουτέστι
1156 4333 1266 4416 τροφὴν
1279 4325 1442 4415 εἰληφότος.
1476 4327 1570 4391 Dazu

344 4454 383 4499 zu
397 4433 603 4519 vergleiehen
619 4433 771 4518 folgende
787 4433 944 4501 scholion:
970 4455 1009 4500 zu
1024 4433 1053 4499 Α
1070 4437 1149 4500 202:
1165 4433 1309 4521 αἰγιόχοιο
1323 4432 1423 4515 αἰγίδα
1437 4433 1569 4520 ἔχοντος.

343 4539 420 4624 αἰγίς
444 4544 475 4606 δέ
497 4541 570 4606 ἐστιν
584 4541 676 4607 ὅπλον
689 4541 759 4615 Διός
773 4541 813 4606 Ι).
853 4552 905 4607 τοῦ
929 4540 988 4606 ἀπὸ
1011 4545 1064 4628 τὴς
1088 4539 1172 4622 αἰγὸς
1196 4539 1273 4628 ἀχὴν
1288 4543 1429 4625 λαβόντος
1447 4539 1570 4606 ABLV.

344 4647 517 4715 2113157:
543 4648 613 4724 Ζεὺς
637 4697 644 4713 .
670 4702 678 4717 .
704 4697 711 4713 .
737 4648 894 4736 ἐπεκλήθη
918 4646 1054 4736 αἰγίοχος
1079 4650 1173 4714 διὰτὸ
1189 4645 1295 4714 αὐτόθι
1316 4645 1372 4713 ἀπὸ
1396 4647 1480 4729 αἰγὸς
1502 4669 1570 4733 τρα-
