3598 5226
824 409 883 473 101

747 497 955 510 ———u——

580 701 599 782 5
621 702 671 763 23.
716 700 768 765 De
796 700 972 785 rhythmo
998 700 1130 767 ionico.

331 852 429 918 Ionici
457 854 560 938 pedes,
588 856 620 918 et
642 854 700 937 ipsi
723 855 830 936 generi
851 855 966 939 duplici
990 855 1197 933 adscribendi,
1230 857 1388 922 communi
1410 877 1462 922 vc-

245 955 347 1019 terum
369 955 482 1022 iudicio
505 957 633 1022 mollem
656 956 813 1039 quondam
837 957 978 1023 efficiunt
1000 961 1032 1024 et
1054 961 1238 1024 enervatum
1260 959 1460 1042 rhythmum:

243 1057 394 1124 Chocrob.
418 1059 526 1180 llueg³
556 1060 589 1123 in
615 1060 786 1143 Hephaest.
809 1081 839 1144 p.
868 1063 918 1138 79,
936 1063 977 1124 22
1002 1061 1034 1126 Η
1072 1061 1113 1147 (μ.
1144 1062 1215 1138 190,
1239 1063 1280 1124 25
1304 1081 1373 1145 sqq.
1388 1063 1459 1147 W):

240 1151 317 1226 τὰ.
380 1155 530 1226 ,ἰωνικὰ
557 1159 718 1249 μέτρα..
741 1158 958 1249 ,ἐδεήθησαν
979 1169 1046 1229 τῶν
1068 1158 1263 1286 διτμοχμίμν
1291 1155 1396 1286 νομὸς
1403 1161 1460 1230 σύ-

241 1283 372 1328 στασιν·
400 1257 620 1330 aodrwnd’i
605 1261 839 1352 idemipsum
841 1265 898 1331 πεὶ
920 1290 1039 1348 χαονα
1060 1262 1127 1332 εἰσὶ
1148 1258 1190 1331 τὰ
1212 1262 1337 1345 ῖωνικά,
1359 1258 1401 1332 τὰ
1423 1266 1461 1333 δὲ

243 1359 401 1454 τροχαϊκὰ
433 1363 580 1484 σύντονα.
618 1361 713 1447 ὅπως
746 1355 799 1433 οὖν
831 1365 945 1455 κρᾶσίς
970 1394 1022 1449 τις
1044 1367 1183 1457 γένηται,
1207 1369 1370 1456 συνῆλθον
1392 1374 1460 1450 τοῖς

243 1462 386 1549 ἷιονικοῖς
407 1461 449 1534 τὰ
470 1466 641 1558 τροχαὶᾈεᾶς
664 1472 793 1536 Maximi
815 1473 902 1538 Plan.
929 1473 1023 1538 schol.
1046 1472 1193 1554 Hermog.
1217 1471 1332 1549 Visa,
1348 1473 1389 1536 29
1405 1474 1458 1536 W:

244 1565 293 1638 5.
315 1564 509 1651 ..ἷωνικὸς
532 1567 680 1660 ἑκάτερος
702 1565 976 1660 ἀγεννέστεροι
1004 1573 1060 1640 καὶ
1089 1566 1182 1640 αὐτοί
1202 1570 1301 1655 (sa‘
1279 1599 1324 1653 ως
1346 1569 1363 1639 5
1385 1599 1459 1663 τρο-

243 1673 394 1762 yaaogyb

325 1795 474 1860 Praestat
500 1799 607 1861 tamen
634 1799 672 1862 ut
698 1796 823 1862 iambus
849 1797 995 1862 trochaeo
1023 1797 1190 1880 dignitate,
1220 1797 1265 1861 ita
1292 1797 1412 1862 ionicus
1441 1815 1460 1861 a

242 1899 362 1964 minore
395 1898 495 1964 ionico
519 1918 537 1964 a
559 1901 686 1964 maiore.
731 1899 814 1964 Nam
837 1918 911 1964 cum
943 1900 994 1964 hic
1027 1919 1151 1984 semper
1183 1902 1310 1966 vocetur
1343 1900 1457 1978 mollis,

240 2003 329 2068 velut
356 2004 395 2067 ab
417 2007 583 2085 anonymo
605 2005 677 2086 post
701 2001 847 2068 Caesium
870 2003 1006 2067 Bassum
1028 2023 1058 2087 p.
1081 2005 1154 2080 274,
1178 2004 1216 2067 17
1240 2003 1286 2067 K:
1317 2002 1458 2080 „ionioon

241 2095 311 2170 ἀπὸ
332 2100 484 2188 μείζονος
505 2107 614 2188 aptum
631 2105 776 2170 sotadiois
800 2105 1078 2171 versificationibus
1101 2109 1133 2172 et
1154 2107 1337 2172 mollibus
1363 2107 1458 2171 versi-

241 2210 367 2288 bus‚“²)
401 2209 538 2273 ionicum
572 2227 591 2272 a
625 2208 745 2273 minore
778 2211 977 2274 venustatem
1015 2208 1174 2292 quandam
1210 2210 1326 2275 hahere
1366 2210 1457 2274 docet

242 2311 369 2376 Mallius
390 2310 505 2376 Theod.
527 2331 556 2395 p.
572 2312 645 2388 600,
662 2313 681 2375 3
696 2311 743 2374 K:
766 2312 970 2395 ‚menultimi
986 2361 992 2376 .
1010 2360 1017 2375 .
1035 2361 1042 2375 .
1058 2311 1145 2396 pedis
1161 2316 1320 2395 postrema
1335 2313 1458 2395 syllaba

242 2418 275 2480 et
307 2414 411 2479 ultirm
444 2414 561 2498 priores
593 2415 673 2479 duae
695 2414 857 2497 dactylum
880 2418 1039 2492 resonant,
1072 2415 1259 2500 posteriores
1282 2434 1354 2480 vero
1378 2415 1457 2480 duae

242 2517 410 2602 spondium
422 2518 472 2583 vel
482 2519 679 2592 trochaeum:
695 2536 793 2600 eaque
809 2519 847 2583 de
864 2535 960 2582 causa
974 2519 1034 2583 hoc
1048 2521 1186 2583 metrum
1209 2518 1457 2596 suavitatem,

242 2639 337 2704 quam
361 2621 457 2686 habet
478 2621 583 2704 ipsum
605 2621 638 2684 in
661 2639 738 2697 sese,
760 2640 822 2685 uon
846 2620 986 2704 deposcit
1008 2621 1164 2686 aliunde.“

326 2743 372 2805 Ac
397 2741 537 2824 vigorem
560 2740 717 2822 quendam
740 2740 772 2804 in
802 2740 911 2806 ionicis
934 2761 952 2806 a
974 2742 1094 2806 minore
1116 2741 1219 2805 inesse
1241 2741 1314 2806 inde
1346 2759 1460 2823 coguo-

241 2843 347 2922 soitur‚
363 2843 446 2926 quod
469 2844 548 2921 „hoo
570 2851 624 2920 (sn.
640 2863 739 2925 genus
761 2845 921 2924 versuum)
944 2844 984 2909 ad
1006 2843 1191 2927 rhythmum
1206 2843 1370 2909 tibicinum
1386 2862 1459 2907 con-

240 2947 344 3012 venit‘
376 2949 457 3012 teste
480 2950 644 3029 Anonymo
679 2967 708 3030 p.
732 2945 820 3012 Gaas.
853 2967 884 3030 p.
908 2947 980 3025 274,
1015 2948 1055 3010 19
1075 2947 1145 3013 οο11.
1176 2968 1205 3031 p.
1229 2947 1299 3024 312,
1323 2947 1341 3008 6
1364 2946 1396 3011 Κ
1418 2947 1458 3028 (v.

241 3069 336 3134 supra
356 3070 387 3134 p.
411 3051 474 3131 22).

325 3171 434 3254 Ipsum
467 3170 640 3236 ionicorum
677 3170 793 3253 pedum
819 3190 934 3236 nomeu
964 3170 1001 3236 de
1024 3170 1155 3236 mollitie
1179 3191 1287 3236 corum
1309 3170 1456 3252 loquendi

244 3276 452 3357 opportunam
474 3274 646 3356 praebebat
667 3274 872 3339 occasionem.
916 3274 1000 3339 Nam
1021 3275 1136 3340 Ionum
1158 3292 1261 3340 mores
1283 3273 1457 3337 luxuriosos

241 3379 273 3442 et
296 3375 491 3442 effeminatos
507 3376 574 3461 ipso
589 3376 738 3459 rhythmo
753 3377 846 3442 ionici
860 3378 955 3461 pedes
972 3377 1088 3442 imitari
1105 3376 1303 3442 dicebantur:
1329 3374 1455 3438 hristid.

240 3479 349 3559 Quint.
372 3499 401 3562 p.
425 3479 464 3543 37
488 3480 522 3544 Μ
544 3507 586 3534 :-·
609 3481 660 3558 24,
684 3480 724 3543 20
747 3480 783 3546 J:
815 3472 946 3560 ἶωνικὸς
980 3529 1017 3545 ..
1042 3529 1049 3544 .
1072 3482 1130 3563 (sc.
1159 3474 1295 3566 ἐκλήθη)
1329 3467 1385 3542 διὰ
1417 3467 1456 3542 τὸ

239 3585 296 3648 τοῦ
318 3585 447 3672 ῥυθμοῦ
469 3577 633 3670 φορτικόν,
657 3574 709 3670 ἐφ’
730 3567 758 3670 ᾦ
780 3579 836 3648 καὶ
855 3577 885 3648 οἱ
903 3573 1011 3662 Ἴωνες
1027 3579 1353 3670 ἐκωμῳδήθησαν.θ);
1375 3581 1457 3646 Lon·

309 3861 333 3924 ¹)
353 3859 427 3914 Nihil
445 3858 481 3912 ad
499 3847 570 3926 ἦθος
588 3856 802 3926 cognoscendum
820 3857 920 3924 valent,
939 3872 1007 3925 quae
1028 3854 1198 3926 Augustinus
1216 3854 1250 3911 de
1268 3870 1336 3908 mus.
1356 3853 1382 3907 ll
1396 3869 1455 3920 cap.

241 3947 273 4000 11
294 3945 327 4000 de
346 3943 444 4000 ionicis
462 3959 479 3998 a
497 3943 601 4000 maiore
619 3943 696 4002 dicit:
714 3943 798 4012 „nihil
816 3942 881 3997 mihi
900 3942 1007 3999 ridetur
1024 3957 1133 3997 currere
1148 3958 1181 3996 ac
1198 3956 1295 3997 souare
1308 3939 1455 4005 festivius“,

241 4036 270 4087 ot
288 4031 323 4086 de
341 4029 474 4085 ionicis-a
491 4029 595 4085 minore
613 4045 671 4099 cap.
692 4031 737 4085 12:
762 4029 841 4098 „quid
860 4028 934 4084 aliud
953 4033 983 4085 et
1000 4028 1044 4084 hic
1061 4043 1172 4098 possum
1190 4027 1281 4082 dicere
1299 4042 1377 4096 quam
1396 4027 1455 4095 pal·

241 4117 304 4172 chre
322 4117 384 4173 illos
403 4120 635 4185 coagmentarque
654 4115 812 4170 sonuisse?“

309 4221 331 4284 ¹)
349 4218 443 4273 Etiam
464 4233 567 4286 eorum,
586 4232 652 4287 quos
664 4233 727 4275 mox
740 4218 884 4286 proteram,
902 4219 1030 4286 locorum,
1049 4217 1077 4272 in
1089 4217 1186 4288 quihus
1198 4217 1345 4272 ionicorum
1359 4231 1455 4270 nomen

240 4305 401 4374 explicator,
424 4305 545 4374 plerique
568 4307 694 4372 spectare
718 4303 895 4358 videaturad
919 4302 1022 4359 ionicus
1041 4303 1187 4370 amulone,
1214 4300 1377 4370 praesertim
1396 4316 1455 4355 oum

241 4391 287 4446 vix
304 4391 389 4445 chum
407 4389 498 4459 possis
516 4403 601 4458 genus
619 4388 697 4445 silius
715 4393 744 4445 et
762 4389 896 4445 abiectius
913 4390 951 4444 sit
969 4404 1049 4458 qnam
1063 4388 1183 4445 Sotades
1193 4393 1323 4457 poemata
1335 4385 1455 4442 versibus

241 4476 336 4532 ionicis
354 4493 372 4533 a
389 4476 491 4532 maiora
508 4474 688 4531 decurrentia.

310 4565 334 4630 ⁸)
352 4561 429 4630 Quod
452 4576 512 4616 com
534 4577 631 4632 param
655 4560 843 4629 intellexisset,
862 4561 1015 4617 Martianus
1038 4560 1150 4629 Capella
1167 4558 1209 4613 Ill
1233 4574 1259 4627 p.
1277 4559 1337 4624 369,
1354 4559 1386 4612 21
1413 4556 1455 4612 ed.

241 4647 374 4723 Eyssenh.
391 4647 459 4704 haec
478 4647 599 4719 scripsit:
618 4647 738 4716 ,ionicus
756 4662 822 4702 sane
840 4652 952 4720 propter
970 4662 1140 4703 numerorum
1158 4645 1327 4716 inaequalem
1346 4659 1455 4702 sonam:
