3546 5236
886 415 1098 513 ,138-
1153 493 1156 500 ,

536 610 646 678 Hero.
670 608 750 676 Oet.
778 611 877 677 1831:
905 609 993 675 Hm.
1039 613 1162 678 deditos
1185 621 1262 678 uoto
1286 615 1415 699 quidem

535 739 692 804 compesce
712 719 817 801 fletus,
841 729 943 784 mater
965 720 1102 785 Alcidae
1125 720 1250 785 incluti.

535 847 602 890 uon
626 833 672 890 eet
691 827 867 909 pemoudue
891 847 947 890 uec
967 828 1064 909 proci
1087 827 1253 910 urqeudue
1274 846 1377 911 prece,

536 935 654 997 uirtute
676 934 826 1018 quisquis
849 932 982 998 adstulit
1003 933 1088 1015 fotis
1111 934 1194 1018 iter:-

412 1039 499 1104 1835
535 1047 665 1105 aeterua
688 1041 793 1104 virtue
816 1037 989 1104 Herculem
1010 1039 1087 1123 fleri
1109 1043 1204 1104 velot.

537 1139 652 1230 [fortes
675 1154 782 1212 detaut
805 1165 957 1226 moerere,
981 1148 1151 1230 deponeres
1175 1139 1305 1231 iubent]

536 1251 647 1315 ALOM.
685 1252 802 1319 sedabo
826 1262 956 1339 questus
978 1253 1106 1318 uindice
1128 1256 1248 1318 omisso
1268 1254 1439 1338 parens?

535 1358 623 1423 Hsn.
660 1368 769 1425 torro
791 1363 885 1446 atque
904 1361 1041 1446 poloque
1064 1381 1190 1447 quoque
1209 1381 1400 1445 purpureus
1424 1361 1492 1426 dies

536 1472 708 1554 utrumque
730 1468 821 1532 claro
844 1471 966 1552 spectat
992 1465 1152 1532 Oceanum
1174 1475 1256 1531 roto.

413 1574 500 1638 1840
535 1575 646 1636 Auen.
689 1583 765 1661 quot
788 1578 910 1640 misero
932 1574 968 1638 iu
991 1596 1055 1640 uuo
1079 1575 1214 1638 condidi
1236 1581 1314 1638 uoto
1333 1575 1479 1658 porcus?

536 1703 634 1766 repuo
657 1681 814 1764 carebam,
838 1700 938 1765 repuo
960 1683 1017 1746 sed
1034 1686 1185 1766 poteram
1209 1683 1299 1745 dore.
1347 1697 1374 1744 e.
1397 1698 1428 1761 q.
1452 1698 1477 1744 s.

377 1785 425 1850 sie
447 1785 548 1851 verba
570 1793 689 1871 poetae
712 1793 865 1870 corrupta
889 1783 1056 1852 coustituit
1078 1784 1159 1870 Leo,
1187 1782 1243 1869 qui
1269 1791 1346 1869 poet
1368 1804 1496 1852 versum
1522 1787 1604 1852 1837

375 1891 531 1957 nonnulla
563 1891 726 1958 excidisse
754 1899 848 1977 putat
877 1901 909 1958 et
940 1890 1023 1958 haee
1055 1890 1122 1958 fere
1151 1891 1255 1958 scribi.
1276 1892 1359 1957 vult:
1392 1895 1509 1969 <nou
1537 1895 1605 1959 solo

375 2005 565 2077 cerneres>
601 2003 727 2067 vindice
759 2005 879 2068 omisso
913 2003 1035 2084 dolent,
1068 1998 1155 2083 quod
1187 1999 1231 2064 ad
1260 1998 1454 2065 sententiam
1482 1998 1606 2082 attinet,

375 2105 565 2189 rectissime,
589 2105 648 2172 sed
671 2105 827 2188 faciliore,
850 2106 883 2170 ni
907 2106 1012 2191 fallor,
1036 2106 1099 2173 hae
1122 2105 1348 2174 emendatione
1371 2105 1419 2172 uti
1442 2105 1534 2171 lieet:

536 2213 647 2276 ALCM.
676 2215 791 2280 sedabo
806 2217 957 2302 questus?
987 2217 1113 2282 vindice
1127 2219 1247 2282 omisso
1263 2217 1370 2281 dolent
1386 2213 1451 2294 (vel
1466 2213 1607 2280 fortasse

698 2319 782 2386 adeo
805 2333 927 2400 curcul)

537 2437 625 2494 terro
649 2437 744 2516 otqrco
762 2429 899 2514 poloque
923 2450 1046 2516 quoque
1064 2451 1255 2516 purpureus
1279 2433 1349 2494 dies

537 2545 703 2623 utrumque
726 2536 817 2601 eluro
840 2540 960 2622 spectat
986 2537 1144 2601 Oceanum
1169 2545 1251 2602 rote.

537 2651 611 2728 quot
635 2646 755 2708 misero
778 2645 815 2708 iu
838 2665 902 2708 uuo
926 2644 1059 2708 condidi
1081 2653 1156 2708 uoto
1178 2645 1321 2730 porcus?
1344 2660 1370 2706 e.
1395 2661 1424 2724 q.
1449 2659 1473 2706 s.

376 2749 493 2815 sedabo
531 2758 660 2835 questus
698 2747 984 2831 interrogationem
1023 2768 1096 2815 esse
1131 2749 1195 2814 iam
1229 2747 1285 2813 diu
1318 2747 1517 2814 intellectum
1551 2755 1608 2814 est

377 2866 487 2922 coreut
510 2853 543 2919 in
567 2853 672 2920 simile
695 2854 887 2920 vocabulum
906 2880 1031 2942 pareus
1059 2855 1158 2941 paulo
1186 2855 1316 2921 lucilius
1339 2856 1457 2921 mutari
1480 2861 1608 2941 poterat

377 2979 475 3042 qnam
498 2965 617 3046 domm,
641 2981 835 3046 quamquem
857 2983 971 3028 versus
989 2967 1075 3028 1840
1098 2961 1154 3028 illo
1177 2962 1251 3048 ipso
1275 2961 1472 3028 terminatur.
1508 2961 1609 3028 verba

376 3073 486 3134 autem
509 3067 566 3132 illa
589 3080 678 3135 terro
696 3105 880 3116 -----
903 3079 977 3137 roto
1000 3069 1079 3134 qu
1102 3107 1146 3116 -—
1169 3089 1244 3135 nam
1272 3070 1376 3135 ultera
1399 3069 1545 3136 recensio
1569 3089 1609 3134 ea

376 3173 552 3241 Alcmenae
567 3175 734 3242 continuat
747 3213 791 3222 -—
805 3175 904 3261 Hylle
925 3185 992 3242 tum
1012 3175 1139 3242 demum
1163 3177 1284 3242 tributa
1308 3184 1390 3262 sunt,
1414 3196 1485 3242 cnm
1500 3180 1608 3244 dolent

377 3287 434 3346 aut
460 3294 571 3350 carent
598 3283 664 3348 inm
692 3284 726 3349 in
747 3309 873 3374 porcus
903 3293 1086 3371 corruptum
1115 3286 1222 3352 esset(
1262 3286 1381 3353 deinde
1408 3287 1437 3354 ie
1465 3287 1518 3370 qui
1548 3287 1610 3352 hoc

376 3388 455 3455 lecit
484 3389 602 3458 oblitus
631 3399 681 3458 est
709 3391 894 3475 siguificare
926 3413 947 3457 a
979 3413 1075 3459 versu
1106 3397 1192 3460 1840
1223 3394 1399 3460 Alcmenae
1430 3395 1610 3460 orationem

376 3495 482 3562 denuo
511 3497 664 3582 incipere.
714 3499 879 3582 regionem
907 3519 993 3583 vero,
1025 3523 1089 3589 quo
1116 3525 1308 3588 purpureus
1336 3505 1407 3569 dies
1440 3513 1609 3590 utrumque

379 3607 539 3672 Oceanum
565 3609 655 3673 claro
686 3617 759 3674 roto
785 3617 929 3694 spectare
961 3604 1088 3692 dicitur,
1120 3605 1336 3692 Hesperidum
1365 3608 1504 3674 insulam
1534 3627 1610 3676 esse

376 3711 535 3778 existimo.

465 3943 637 4008 transitum
659 3963 681 4009 a
703 3943 884 4028 tragoediis
907 3942 950 4009 ad
973 3963 1092 4030 prosae
1117 3945 1274 4011 orationis
1293 3945 1415 4032 scripta
1429 3949 1610 4012 Annaeana
1716 4025 1717 4028 Ἴ

374 4049 477 4114 munit
513 4048 595 4115 divi
633 4049 788 4116 Claudii
825 4051 1183 4128 ἀποκολοκὺντωσις,
1225 4053 1317 4120 cuius
1359 4053 1487 4119 unicum
1524 4052 1609 4119 huno

374 4155 481 4221 locum
511 4155 617 4222 habeo
645 4176 740 4240 quem
762 4156 816 4223 hie
838 4159 1007 4242 corrigam.
1031 4194 1075 4206 -
1099 4159 1218 4224 aeriter
1240 4159 1402 4225 invehitur
1428 4160 1462 4224 iu
1492 4168 1610 4226 senatu

374 4263 511 4330 caelesti
540 4263 635 4330 divus
661 4264 828 4348 Augustus
859 4263 892 4329 iu
921 4263 1106 4351 Claudium,
1138 4285 1180 4332 ne
1211 4266 1295 4332 inter
1322 4265 1402 4332 deos
1431 4265 1611 4352 recipiatur
1716 4339 1717 4346 ἵ

395 4375 428 4438 11
469 4373 517 4437 2:

377 4373 388 4450 (
436 4421 444 4456 ’
491 4371 502 4452 )
537 4441 756 4537 0.Ὀαεεανεηι
779 4495 845 4562 uou
868 4473 967 4538 desiit
990 4482 1153 4539 mortuum
1174 4477 1334 4562 persequi.
1372 4475 1530 4540 occiderat
1555 4475 1611 4540 illc

535 4599 694 4645 socerum:
729 4579 780 4644 hio
808 4588 836 4646 et
866 4601 1029 4665 cenerum.
1083 4579 1189 4647 Gaius
1224 4582 1337 4648 Croesi
1365 4581 1474 4664 filium
1509 4585 1612 4648 vetuit

536 4685 692 4768 Mcpnum
722 4689 845 4752 uocari:
877 4687 1068 4752 dieucum
1095 4689 1147 4753 illi
1174 4690 1334 4770 reddidit,
1362 4697 1478 4774 cuput
1505 4689 1610 4754 tulit
