<?xml version="1.0" encoding="UTF-8"?>
<!DOCTYPE html PUBLIC "-//W3C//DTD XHTML 1.0 Transitional//EN"
    "http://www.w3.org/TR/xhtml1/DTD/xhtml1-transitional.dtd">
<html xmlns="http://www.w3.org/1999/xhtml" xml:lang="en" lang="en">
 <head>
  <title>
</title>
<meta http-equiv="Content-Type" content="text/html;charset=utf-8" />
  <meta name='ocr-system' content='tesseract 3.04.00' />
  <meta name='ocr-capabilities' content='ocr_page ocr_carea ocr_par ocr_line ocrx_word'/>
</head>
<body>
  <div class='ocr_page' id='page_1' title='image "./destoicorumstud00strigoog_0822.png"; bbox 0 0 3546 5236; ppageno 0'>
   <div class='ocr_carea' id='block_1_1' title="bbox 184 624 1424 1240">
    <p class='ocr_par' dir='ltr' id='par_1_1' title="bbox 184 624 1424 1028">
     <span class='ocr_line' id='line_1_1' title="bbox 192 624 1423 706; baseline -0.004 -18"><span class='ocrx_word' id='word_1_1' title='bbox 192 647 248 688; x_wconf 86' lang='lat' dir='ltr'><strong>nec</strong></span> <span class='ocrx_word' id='word_1_2' title='bbox 279 632 399 688; x_wconf 78' lang='lat' dir='ltr'><strong>cessum</strong></span> <span class='ocrx_word' id='word_1_3' title='bbox 428 645 484 688; x_wconf 90' lang='lat' dir='ltr'><strong>nec</strong></span> <span class='ocrx_word' id='word_1_4' title='bbox 508 626 614 704; x_wconf 81' lang='lat' dir='ltr'><strong>fluunt</strong></span> <span class='ocrx_word' id='word_1_5' title='bbox 645 643 788 706; x_wconf 81' lang='lat' dir='ltr'><strong>nmanem</strong></span> <span class='ocrx_word' id='word_1_6' title='bbox 820 629 880 685; x_wconf 85' lang='lat' dir='ltr'><strong>tum</strong></span> <span class='ocrx_word' id='word_1_7' title='bbox 915 624 1044 706; x_wconf 72' lang='lat' dir='ltr'><strong>turpiter</strong></span> <span class='ocrx_word' id='word_1_8' title='bbox 1078 641 1183 704; x_wconf 77' lang='lat' dir='ltr'><strong>pmnr,</strong></span> <span class='ocrx_word' id='word_1_9' title='bbox 1218 625 1423 703; x_wconf 86' lang='lat' dir='ltr'><strong>&lt;qnom&gt;</strong></span> 
     </span>
     <span class='ocr_line' id='line_1_2' title="bbox 184 726 1424 817; baseline -0.004 -23"><span class='ocrx_word' id='word_1_10' title='bbox 184 735 360 813; x_wconf 80' lang='lat' dir='ltr'><strong>fiapnnnrr.</strong></span> <span class='ocrx_word' id='word_1_11' title='bbox 407 751 475 794; x_wconf 76' lang='lat' dir='ltr'><strong>nrm</strong></span> <span class='ocrx_word' id='word_1_12' title='bbox 503 737 578 815; x_wconf 89' lang='lat' dir='ltr'><strong>post</strong></span> <span class='ocrx_word' id='word_1_13' title='bbox 604 751 697 817; x_wconf 83' lang='lat' dir='ltr'><strong>quum</strong></span> <span class='ocrx_word' id='word_1_14' title='bbox 725 726 931 794; x_wconf 86' lang='lat' dir='ltr'><strong>inserendum</strong></span> <span class='ocrx_word' id='word_1_15' title='bbox 960 746 1042 809; x_wconf 86' lang='lat' dir='ltr'><strong>esse,</strong></span> <span class='ocrx_word' id='word_1_16' title='bbox 1071 747 1142 791; x_wconf 91' lang='lat' dir='ltr'><strong>cum</strong></span> <span class='ocrx_word' id='word_1_17' title='bbox 1165 748 1309 810; x_wconf 66' lang='lat' dir='ltr'><strong>mmmmm</strong></span> <span class='ocrx_word' id='word_1_18' title='bbox 1331 745 1424 810; x_wconf 85' lang='lat' dir='ltr'><strong>prue-</strong></span> 
     </span>
     <span class='ocr_line' id='line_1_3' title="bbox 194 831 1424 918; baseline -0.005 -16"><span class='ocrx_word' id='word_1_19' title='bbox 194 835 299 918; x_wconf 87' lang='lat' dir='ltr'><strong>cedst,</strong></span> <span class='ocrx_word' id='word_1_20' title='bbox 326 843 414 903; x_wconf 90' lang='lat' dir='ltr'><strong>recte</strong></span> <span class='ocrx_word' id='word_1_21' title='bbox 442 835 523 900; x_wconf 82' lang='lat' dir='ltr'><strong>uidit</strong></span> <span class='ocrx_word' id='word_1_22' title='bbox 552 837 616 900; x_wconf 87' lang='lat' dir='ltr'><strong>ism</strong></span> <span class='ocrx_word' id='word_1_23' title='bbox 644 836 829 900; x_wconf 79' lang='lat' dir='ltr'>Pincianus,</span> <span class='ocrx_word' id='word_1_24' title='bbox 875 855 985 900; x_wconf 89' lang='lat' dir='ltr'><strong>verum</strong></span> <span class='ocrx_word' id='word_1_25' title='bbox 1010 833 1139 900; x_wconf 82' lang='lat' dir='ltr'><strong>facilius</strong></span> <span class='ocrx_word' id='word_1_26' title='bbox 1161 855 1251 918; x_wconf 76' lang='lat' dir='ltr'><strong>prom</strong></span> <span class='ocrx_word' id='word_1_27' title='bbox 1275 831 1424 898; x_wconf 87' lang='lat' dir='ltr'><strong>excidere</strong></span> 
     </span>
     <span class='ocr_line' id='line_1_4' title="bbox 194 949 332 1028; baseline 0.007 -21"><span class='ocrx_word' id='word_1_28' title='bbox 194 949 332 1028; x_wconf 83' lang='lat' dir='ltr'><strong>poterut.</strong></span> 
     </span>
    </p>

    <p class='ocr_par' dir='ltr' id='par_1_2' title="bbox 197 1047 1424 1240">
     <span class='ocr_line' id='line_1_5' title="bbox 286 1047 1424 1134; baseline -0.004 -20"><span class='ocrx_word' id='word_1_29' title='bbox 286 1053 313 1130; x_wconf 80' lang='lat' dir='ltr'><strong>t,</strong></span> <span class='ocrx_word' id='word_1_30' title='bbox 338 1054 395 1116; x_wconf 83' lang='lat'><strong>21:</strong></span> <span class='ocrx_word' id='word_1_31' title='bbox 415 1051 542 1134; x_wconf 64' lang='lat' dir='ltr'><strong>modest</strong></span> <span class='ocrx_word' id='word_1_32' title='bbox 565 1058 667 1114; x_wconf 86' lang='lat' dir='ltr'><strong>autem</strong></span> <span class='ocrx_word' id='word_1_33' title='bbox 692 1049 770 1128; x_wconf 81' lang='lat' dir='ltr'><strong>(ista</strong></span> <span class='ocrx_word' id='word_1_34' title='bbox 790 1047 983 1134; x_wconf 82' lang='lat' dir='ltr'><strong>disputatio)</strong></span> <span class='ocrx_word' id='word_1_35' title='bbox 1008 1052 1109 1130; x_wconf 85' lang='lat' dir='ltr'><strong>etium,</strong></span> <span class='ocrx_word' id='word_1_36' title='bbox 1134 1069 1238 1132; x_wconf 85' lang='lat' dir='ltr'><strong>quom</strong></span> <span class='ocrx_word' id='word_1_37' title='bbox 1264 1053 1336 1131; x_wconf 86' lang='lat' dir='ltr'><strong>(qno</strong></span> <span class='ocrx_word' id='word_1_38' title='bbox 1360 1047 1424 1129; x_wconf 86' lang='lat' dir='ltr'><strong>AB,</strong></span> 
     </span>
     <span class='ocr_line' id='line_1_6' title="bbox 197 1153 1294 1240; baseline -0.001 -20"><span class='ocrx_word' id='word_1_39' title='bbox 197 1159 279 1240; x_wconf 81' lang='lat' dir='ltr'><strong>qnod</strong></span> <span class='ocrx_word' id='word_1_40' title='bbox 300 1157 506 1240; x_wconf 78' lang='lat' dir='ltr'><strong>recentiores,</strong></span> <span class='ocrx_word' id='word_1_41' title='bbox 530 1154 669 1240; x_wconf 85' lang='lat' dir='ltr'><strong>correxi)</strong></span> <span class='ocrx_word' id='word_1_42' title='bbox 693 1165 834 1220; x_wconf 78' lang='lat' dir='ltr'><strong>murmur</strong></span> <span class='ocrx_word' id='word_1_43' title='bbox 856 1157 898 1220; x_wconf 82' lang='lat' dir='ltr'><strong>od</strong></span> <span class='ocrx_word' id='word_1_44' title='bbox 916 1177 1017 1240; x_wconf 82' lang='lat' dir='ltr'><strong>preco</strong></span> <span class='ocrx_word' id='word_1_45' title='bbox 1036 1153 1294 1240; x_wconf 77' lang='lat' dir='ltr'><strong>poperontem¹⁵u</strong></span> 
     </span>
    </p>
   </div>
   <div class='ocr_carea' id='block_1_2' title="bbox 189 1275 1426 2966">
    <p class='ocr_par' dir='ltr' id='par_1_3' title="bbox 195 1275 1426 1880">
     <span class='ocr_line' id='line_1_7' title="bbox 285 1275 1424 1364; baseline -0.005 -18"><span class='ocrx_word' id='word_1_46' title='bbox 285 1300 349 1346; x_wconf 92' lang='lat' dir='ltr'><strong>non</strong></span> <span class='ocrx_word' id='word_1_47' title='bbox 373 1281 477 1346; x_wconf 84' lang='lat' dir='ltr'><strong>rarius</strong></span> <span class='ocrx_word' id='word_1_48' title='bbox 501 1279 604 1344; x_wconf 85' lang='lat' dir='ltr'><strong>forma</strong></span> <span class='ocrx_word' id='word_1_49' title='bbox 632 1283 703 1364; x_wconf 70' lang='lat' dir='ltr'><strong>proi</strong></span> <span class='ocrx_word' id='word_1_50' title='bbox 725 1279 892 1364; x_wconf 85' lang='lat' dir='ltr'><strong>reperitur.</strong></span> <span class='ocrx_word' id='word_1_51' title='bbox 939 1298 1035 1362; x_wconf 88' lang='lat' dir='ltr'><strong>quum</strong></span> <span class='ocrx_word' id='word_1_52' title='bbox 1064 1279 1151 1362; x_wconf 90' lang='lat' dir='ltr'><strong>quod</strong></span> <span class='ocrx_word' id='word_1_53' title='bbox 1180 1278 1352 1344; x_wconf 87' lang='lat' dir='ltr'><strong>Fickertus</strong></span> <span class='ocrx_word' id='word_1_54' title='bbox 1380 1275 1424 1341; x_wconf 81' lang='lat' dir='ltr'><strong>nd</strong></span> 
     </span>
     <span class='ocr_line' id='line_1_8' title="bbox 197 1385 1424 1470; baseline -0.003 -18"><span class='ocrx_word' id='word_1_55' title='bbox 197 1387 313 1452; x_wconf 90' lang='lat' dir='ltr'><strong>librum</strong></span> <span class='ocrx_word' id='word_1_56' title='bbox 337 1387 377 1452; x_wconf 91' lang='lat' dir='ltr'><strong>de</strong></span> <span class='ocrx_word' id='word_1_57' title='bbox 402 1386 506 1454; x_wconf 86' lang='lat' dir='ltr'><strong>henes.</strong></span> <span class='ocrx_word' id='word_1_58' title='bbox 528 1387 641 1469; x_wconf 76' lang='lat'><strong>11126,</strong></span> <span class='ocrx_word' id='word_1_59' title='bbox 666 1389 686 1452; x_wconf 98' lang='grc'>2</span> <span class='ocrx_word' id='word_1_60' title='bbox 710 1407 730 1450; x_wconf 87' lang='lat' dir='ltr'><strong>s</strong></span> <span class='ocrx_word' id='word_1_61' title='bbox 755 1407 791 1452; x_wconf 88' lang='lat' dir='ltr'><strong>se</strong></span> <span class='ocrx_word' id='word_1_62' title='bbox 813 1409 852 1452; x_wconf 85' lang='lat' dir='ltr'><strong>ne</strong></span> <span class='ocrx_word' id='word_1_63' title='bbox 874 1389 907 1451; x_wconf 85' lang='lat' dir='ltr'><strong>iu</strong></span> <span class='ocrx_word' id='word_1_64' title='bbox 930 1389 1152 1470; x_wconf 69' lang='lat' dir='ltr'><strong><em>antiquissimis</em></strong></span> <span class='ocrx_word' id='word_1_65' title='bbox 1174 1388 1292 1470; x_wconf 71' lang='lat' dir='ltr'><strong>quictem</strong></span> <span class='ocrx_word' id='word_1_66' title='bbox 1317 1385 1424 1449; x_wconf 77' lang='lat' dir='ltr'><strong>codici</strong></span> 
     </span>
     <span class='ocr_line' id='line_1_9' title="bbox 195 1491 1425 1576; baseline -0.002 -18"><span class='ocrx_word' id='word_1_67' title='bbox 195 1496 250 1558; x_wconf 79' lang='lat' dir='ltr'><strong>bns</strong></span> <span class='ocrx_word' id='word_1_68' title='bbox 273 1498 425 1558; x_wconf 81' lang='lat' dir='ltr'><strong>incentum</strong></span> <span class='ocrx_word' id='word_1_69' title='bbox 455 1517 519 1558; x_wconf 83' lang='lat' dir='ltr'><strong>esse</strong></span> <span class='ocrx_word' id='word_1_70' title='bbox 546 1492 634 1576; x_wconf 83' lang='lat' dir='ltr'><strong>uicit,</strong></span> <span class='ocrx_word' id='word_1_71' title='bbox 662 1493 727 1556; x_wconf 84' lang='lat' dir='ltr'><strong>ium</strong></span> <span class='ocrx_word' id='word_1_72' title='bbox 751 1501 881 1558; x_wconf 83' lang='lat' dir='ltr'><strong>constet</strong></span> <span class='ocrx_word' id='word_1_73' title='bbox 908 1492 1052 1558; x_wconf 79' lang='lat' dir='ltr'><strong>codicem</strong></span> <span class='ocrx_word' id='word_1_74' title='bbox 1079 1491 1297 1558; x_wconf 79' lang='lat' dir='ltr'><strong>Nazerianum</strong></span> <span class='ocrx_word' id='word_1_75' title='bbox 1324 1491 1425 1556; x_wconf 87' lang='lat' dir='ltr'><strong>libros</strong></span> 
     </span>
     <span class='ocr_line' id='line_1_10' title="bbox 196 1597 1426 1684; baseline -0.003 -18"><span class='ocrx_word' id='word_1_76' title='bbox 196 1601 300 1666; x_wconf 87' lang='lat' dir='ltr'><strong>abeo</strong></span> <span class='ocrx_word' id='word_1_77' title='bbox 326 1600 489 1666; x_wconf 82' lang='lat' dir='ltr'><strong>adhibitos</strong></span> <span class='ocrx_word' id='word_1_78' title='bbox 504 1607 666 1666; x_wconf 86' lang='lat' dir='ltr'><strong>vetustate</strong></span> <span class='ocrx_word' id='word_1_79' title='bbox 687 1619 850 1684; x_wconf 88' lang='lat' dir='ltr'><strong>superare.</strong></span> <span class='ocrx_word' id='word_1_80' title='bbox 883 1619 1075 1684; x_wconf 80' lang='lat' dir='ltr'><strong>quamquam</strong></span> <span class='ocrx_word' id='word_1_81' title='bbox 1101 1599 1185 1663; x_wconf 89' lang='lat' dir='ltr'><strong>enirn</strong></span> <span class='ocrx_word' id='word_1_82' title='bbox 1208 1598 1329 1664; x_wconf 87' lang='lat' dir='ltr'><strong>nullum</strong></span> <span class='ocrx_word' id='word_1_83' title='bbox 1354 1597 1426 1663; x_wconf 90' lang='lat' dir='ltr'><strong>eins</strong></span> 
     </span>
     <span class='ocr_line' id='line_1_11' title="bbox 195 1704 1424 1791; baseline -0.002 -19"><span class='ocrx_word' id='word_1_84' title='bbox 195 1709 318 1772; x_wconf 82' lang='lat' dir='ltr'><strong>t&#39;ormse</strong></span> <span class='ocrx_word' id='word_1_85' title='bbox 335 1708 516 1791; x_wconf 82' lang='lat' dir='ltr'><strong>exemplum</strong></span> <span class='ocrx_word' id='word_1_86' title='bbox 534 1707 568 1770; x_wconf 92' lang='lat' dir='ltr'><strong>iu</strong></span> <span class='ocrx_word' id='word_1_87' title='bbox 588 1705 766 1790; x_wconf 83' lang='lat' dir='ltr'><strong>tragoediis</strong></span> <span class='ocrx_word' id='word_1_88' title='bbox 783 1715 899 1789; x_wconf 83' lang='lat' dir='ltr'><strong>exstet,</strong></span> <span class='ocrx_word' id='word_1_89' title='bbox 924 1707 956 1771; x_wconf 93' lang='lat' dir='ltr'><strong>in</strong></span> <span class='ocrx_word' id='word_1_90' title='bbox 971 1715 1063 1774; x_wconf 84' lang='lat' dir='ltr'><strong>sento</strong></span> <span class='ocrx_word' id='word_1_91' title='bbox 1088 1705 1128 1771; x_wconf 94' lang='lat' dir='ltr'><strong>de</strong></span> <span class='ocrx_word' id='word_1_92' title='bbox 1152 1705 1318 1772; x_wconf 86' lang='lat' dir='ltr'><strong>beneficiis</strong></span> <span class='ocrx_word' id='word_1_93' title='bbox 1341 1704 1424 1769; x_wconf 92' lang='lat' dir='ltr'><strong>libro</strong></span> 
     </span>
     <span class='ocr_line' id='line_1_12' title="bbox 195 1812 1082 1880; baseline -0.001 -2"><span class='ocrx_word' id='word_1_94' title='bbox 195 1822 243 1880; x_wconf 90' lang='lat' dir='ltr'><strong>ter</strong></span> <span class='ocrx_word' id='word_1_95' title='bbox 267 1813 389 1880; x_wconf 89' lang='lat' dir='ltr'><strong>codicis</strong></span> <span class='ocrx_word' id='word_1_96' title='bbox 413 1813 443 1878; x_wconf 88' lang='lat' dir='ltr'>N</span> <span class='ocrx_word' id='word_1_97' title='bbox 466 1813 660 1878; x_wconf 83' lang='lat' dir='ltr'><strong>auctoritate</strong></span> <span class='ocrx_word' id='word_1_98' title='bbox 685 1812 890 1878; x_wconf 87' lang='lat' dir='ltr'><strong>confirmatur</strong></span> <span class='ocrx_word' id='word_1_99' title='bbox 913 1813 964 1878; x_wconf 87' lang='lat' dir='ltr'><strong>his</strong></span> <span class='ocrx_word' id='word_1_100' title='bbox 988 1813 1082 1878; x_wconf 90' lang='lat' dir='ltr'><strong>locis:</strong></span> 
     </span>
    </p>

    <p class='ocr_par' dir='ltr' id='par_1_4' title="bbox 194 1919 1425 2330">
     <span class='ocr_line' id='line_1_13' title="bbox 282 1919 1423 2006; baseline -0.001 -23"><span class='ocrx_word' id='word_1_101' title='bbox 282 1921 327 1984; x_wconf 90' lang='lat' dir='ltr'><strong>Vl</strong></span> <span class='ocrx_word' id='word_1_102' title='bbox 353 1923 380 2004; x_wconf 82' lang='grc'><strong>7,</strong></span> <span class='ocrx_word' id='word_1_103' title='bbox 407 1925 439 1986; x_wconf 82' lang='grc'><strong>1;</strong></span> <span class='ocrx_word' id='word_1_104' title='bbox 468 1923 565 1986; x_wconf 74' lang='lat' dir='ltr'><strong>cottis</strong></span> <span class='ocrx_word' id='word_1_105' title='bbox 594 1919 655 2006; x_wconf 91' lang='lat' dir='ltr'><strong>(sic</strong></span> <span class='ocrx_word' id='word_1_106' title='bbox 678 1921 716 2003; x_wconf 89' lang='lat' dir='ltr'><strong>N,</strong></span> <span class='ocrx_word' id='word_1_107' title='bbox 745 1919 832 2003; x_wconf 89' lang='lat' dir='ltr'><strong>quod</strong></span> <span class='ocrx_word' id='word_1_108' title='bbox 855 1941 896 1984; x_wconf 89' lang='lat' dir='ltr'><strong>m.</strong></span> <span class='ocrx_word' id='word_1_109' title='bbox 923 1923 953 1986; x_wconf 83' lang='lat'><strong>2.</strong></span> <span class='ocrx_word' id='word_1_110' title='bbox 982 1921 1016 1985; x_wconf 93' lang='lat' dir='ltr'><strong>in</strong></span> <span class='ocrx_word' id='word_1_111' title='bbox 1038 1922 1143 1984; x_wconf 80' lang='lat' dir='ltr'><strong>notius</strong></span> <span class='ocrx_word' id='word_1_112' title='bbox 1165 1919 1314 1996; x_wconf 78' lang='lat' dir='ltr'><strong>mutavit)</strong></span> <span class='ocrx_word' id='word_1_113' title='bbox 1344 1927 1423 1998; x_wconf 71' lang='lat' dir='ltr'><strong>taras,</strong></span> 
     </span>
     <span class='ocr_line' id='line_1_14' title="bbox 194 2025 1424 2112; baseline 0 -22"><span class='ocrx_word' id='word_1_114' title='bbox 194 2032 279 2112; x_wconf 83' lang='lat' dir='ltr'><strong>quoi</strong></span> <span class='ocrx_word' id='word_1_115' title='bbox 302 2030 467 2110; x_wconf 75' lang='lat' dir='ltr'><strong>rependunt·</strong></span> <span class='ocrx_word' id='word_1_116' title='bbox 495 2030 617 2111; x_wconf 73' lang='lat' dir='ltr'><strong>qproire</strong></span> <span class='ocrx_word' id='word_1_117' title='bbox 642 2030 773 2110; x_wconf 75' lang='lat' dir='ltr'><strong>pendium</strong></span> <span class='ocrx_word' id='word_1_118' title='bbox 799 2027 836 2110; x_wconf 89' lang='lat' dir='ltr'><strong>N,</strong></span> <span class='ocrx_word' id='word_1_119' title='bbox 865 2026 953 2110; x_wconf 91' lang='lat' dir='ltr'><strong>quod</strong></span> <span class='ocrx_word' id='word_1_120' title='bbox 976 2028 1096 2112; x_wconf 90' lang='lat' dir='ltr'><strong>primus</strong></span> <span class='ocrx_word' id='word_1_121' title='bbox 1120 2026 1243 2110; x_wconf 88' lang='lat' dir='ltr'><strong>recepit</strong></span> <span class='ocrx_word' id='word_1_122' title='bbox 1266 2025 1424 2109; x_wconf 81' lang='lat' dir='ltr'><strong>Gertzins,</strong></span> 
     </span>
     <span class='ocr_line' id='line_1_15' title="bbox 194 2134 1425 2216; baseline -0.002 -17"><span class='ocrx_word' id='word_1_123' title='bbox 194 2139 244 2199; x_wconf 84' lang='lat' dir='ltr'><strong>cui</strong></span> <span class='ocrx_word' id='word_1_124' title='bbox 267 2134 605 2216; x_wconf 61' lang='lat' dir='ltr'><strong>reassumpsisse</strong></span> <span class='ocrx_word' id='word_1_125' title='bbox 628 2135 901 2216; x_wconf 82' lang='lat' dir='ltr'><strong>recentioresque)</strong></span> <span class='ocrx_word' id='word_1_126' title='bbox 928 2158 976 2199; x_wconf 81' lang='lat' dir='ltr'><strong>mr</strong></span> <span class='ocrx_word' id='word_1_127' title='bbox 999 2136 1122 2215; x_wconf 77' lang='lat' dir='ltr'><strong>tradidi,</strong></span> <span class='ocrx_word' id='word_1_128' title='bbox 1147 2135 1258 2215; x_wconf 82' lang='lat' dir='ltr'><strong>cottipit</strong></span> <span class='ocrx_word' id='word_1_129' title='bbox 1280 2154 1375 2216; x_wconf 76' lang='lat' dir='ltr'><strong>mrqcs</strong></span> <span class='ocrx_word' id='word_1_130' title='bbox 1397 2141 1425 2196; x_wconf 92' lang='lat' dir='ltr'><strong>et</strong></span> 
     </span>
     <span class='ocr_line' id='line_1_16' title="bbox 195 2243 851 2330; baseline 0 -26"><span class='ocrx_word' id='word_1_131' title='bbox 195 2243 287 2305; x_wconf 77' lang='lat' dir='ltr'><strong>trehit</strong></span> <span class='ocrx_word' id='word_1_132' title='bbox 304 2247 453 2324; x_wconf 76' lang='lat' dir='ltr'><strong>frumen,</strong></span> <span class='ocrx_word' id='word_1_133' title='bbox 478 2245 567 2326; x_wconf 76' lang='lat' dir='ltr'><strong>quiesi</strong></span> <span class='ocrx_word' id='word_1_134' title='bbox 591 2243 710 2330; x_wconf 75' lang='lat' dir='ltr'><strong>inopius</strong></span> <span class='ocrx_word' id='word_1_135' title='bbox 734 2265 851 2306; x_wconf 83' lang='lat' dir='ltr'><strong>ercurn.</strong></span> 
     </span>
    </p>

    <p class='ocr_par' dir='ltr' id='par_1_5' title="bbox 189 2348 1426 2735">
     <span class='ocr_line' id='line_1_17' title="bbox 287 2348 1425 2432; baseline -0.003 -18"><span class='ocrx_word' id='word_1_136' title='bbox 287 2353 335 2430; x_wconf 80' lang='lat'><strong>14,</strong></span> <span class='ocrx_word' id='word_1_137' title='bbox 359 2351 394 2414; x_wconf 88' lang='lat'><strong>3:</strong></span> <span class='ocrx_word' id='word_1_138' title='bbox 430 2351 497 2412; x_wconf 85' lang='lat' dir='ltr'><strong>illos</strong></span> <span class='ocrx_word' id='word_1_139' title='bbox 528 2371 567 2412; x_wconf 77' lang='lat' dir='ltr'><strong>en</strong></span> <span class='ocrx_word' id='word_1_140' title='bbox 599 2356 659 2412; x_wconf 94' lang='lat' dir='ltr'><strong>toto</strong></span> <span class='ocrx_word' id='word_1_141' title='bbox 686 2350 875 2432; x_wconf 82' lang='lat' dir='ltr'><strong>praeteribo,</strong></span> <span class='ocrx_word' id='word_1_142' title='bbox 909 2371 1038 2432; x_wconf 81' lang='lat' dir='ltr'><strong>quornm</strong></span> <span class='ocrx_word' id='word_1_143' title='bbox 1066 2351 1312 2414; x_wconf 88' lang='lat' dir='ltr'><strong>mercennarium</strong></span> <span class='ocrx_word' id='word_1_144' title='bbox 1340 2348 1425 2411; x_wconf 76' lang='lat' dir='ltr'><strong>beie-</strong></span> 
     </span>
     <span class='ocr_line' id='line_1_18' title="bbox 189 2453 1426 2539; baseline -0.002 -21"><span class='ocrx_word' id='word_1_145' title='bbox 189 2459 298 2538; x_wconf 81' lang='lat' dir='ltr'><strong>ficium</strong></span> <span class='ocrx_word' id='word_1_146' title='bbox 324 2465 377 2536; x_wconf 88' lang='lat' dir='ltr'><strong>est,</strong></span> <span class='ocrx_word' id='word_1_147' title='bbox 402 2457 483 2538; x_wconf 76' lang='lat' dir='ltr'><strong>qnod</strong></span> <span class='ocrx_word' id='word_1_148' title='bbox 504 2459 557 2538; x_wconf 89' lang='lat' dir='ltr'><strong>qui</strong></span> <span class='ocrx_word' id='word_1_149' title='bbox 579 2457 640 2536; x_wconf 84' lang='lat' dir='ltr'><strong>dot,</strong></span> <span class='ocrx_word' id='word_1_150' title='bbox 664 2477 726 2520; x_wconf 88' lang='lat' dir='ltr'><strong>non</strong></span> <span class='ocrx_word' id='word_1_151' title='bbox 749 2463 893 2539; x_wconf 74' lang='lat' dir='ltr'><strong>commum</strong></span> <span class='ocrx_word' id='word_1_152' title='bbox 915 2459 1000 2539; x_wconf 84' lang='lat' dir='ltr'><strong>quot</strong></span> <span class='ocrx_word' id='word_1_153' title='bbox 1023 2455 1128 2534; x_wconf 88' lang='lat' dir='ltr'><strong>(sicN</strong></span> <span class='ocrx_word' id='word_1_154' title='bbox 1147 2463 1180 2520; x_wconf 91' lang='lat' dir='ltr'><strong>et</strong></span> <span class='ocrx_word' id='word_1_155' title='bbox 1196 2453 1353 2536; x_wconf 82' lang='lat' dir='ltr'><strong>Gertuius,</strong></span> <span class='ocrx_word' id='word_1_156' title='bbox 1376 2455 1426 2517; x_wconf 82' lang='lat' dir='ltr'><strong>cni</strong></span> 
     </span>
     <span class='ocr_line' id='line_1_19' title="bbox 193 2561 1425 2648; baseline -0.003 -21"><span class='ocrx_word' id='word_1_157' title='bbox 193 2561 276 2628; x_wconf 87' lang='lat' dir='ltr'><strong>Nru.</strong></span> <span class='ocrx_word' id='word_1_158' title='bbox 292 2565 321 2627; x_wconf 92' lang='grc'><strong>2.</strong></span> <span class='ocrx_word' id='word_1_159' title='bbox 345 2563 372 2626; x_wconf 86' lang='lat' dir='ltr'><strong>R</strong></span> <span class='ocrx_word' id='word_1_160' title='bbox 400 2561 682 2646; x_wconf 81' lang='lat' dir='ltr'><strong>recentioresque),</strong></span> <span class='ocrx_word' id='word_1_161' title='bbox 710 2565 764 2626; x_wconf 77' lang='lat' dir='ltr'><strong>sect</strong></span> <span class='ocrx_word' id='word_1_162' title='bbox 791 2565 897 2646; x_wconf 65' lang='lat' dir='ltr'><strong>monti</strong></span> <span class='ocrx_word' id='word_1_163' title='bbox 919 2565 1048 2627; x_wconf 71' lang='lat' dir='ltr'><strong>(tutunus</strong></span> <span class='ocrx_word' id='word_1_164' title='bbox 1071 2565 1111 2627; x_wconf 87' lang='lat' dir='ltr'><strong>sit</strong></span> <span class='ocrx_word' id='word_1_165' title='bbox 1133 2563 1213 2645; x_wconf 85' lang='lat' dir='ltr'><strong>qood</strong></span> <span class='ocrx_word' id='word_1_166' title='bbox 1234 2562 1371 2648; x_wconf 84' lang='lat' dir='ltr'><strong>nudique</strong></span> <span class='ocrx_word' id='word_1_167' title='bbox 1392 2563 1425 2624; x_wconf 83' lang='lat' dir='ltr'><strong>in</strong></span> 
     </span>
     <span class='ocr_line' id='line_1_20' title="bbox 193 2678 505 2735; baseline 0.003 -3"><span class='ocrx_word' id='word_1_168' title='bbox 193 2691 226 2733; x_wconf 86' lang='lat' dir='ltr'><strong>se</strong></span> <span class='ocrx_word' id='word_1_169' title='bbox 250 2691 428 2735; x_wconf 31' lang='lat' dir='ltr'><strong>courcersum</strong></span> <span class='ocrx_word' id='word_1_170' title='bbox 452 2678 505 2734; x_wconf 88' lang='lat' dir='ltr'><strong>est.</strong></span> 
     </span>
    </p>

    <p class='ocr_par' dir='ltr' id='par_1_6' title="bbox 193 2774 1425 2966">
     <span class='ocr_line' id='line_1_21' title="bbox 282 2774 1425 2861; baseline -0.001 -21"><span class='ocrx_word' id='word_1_171' title='bbox 282 2778 335 2860; x_wconf 84' lang='lat'><strong>43,</strong></span> <span class='ocrx_word' id='word_1_172' title='bbox 360 2778 395 2842; x_wconf 87' lang='lat'><strong>3:</strong></span> <span class='ocrx_word' id='word_1_173' title='bbox 429 2779 538 2858; x_wconf 76' lang='lat' dir='ltr'><strong>stipans</strong></span> <span class='ocrx_word' id='word_1_174' title='bbox 562 2784 606 2840; x_wconf 88' lang='lat' dir='ltr'><strong>est</strong></span> <span class='ocrx_word' id='word_1_175' title='bbox 634 2780 718 2861; x_wconf 85' lang='lat' dir='ltr'><strong>quoi</strong></span> <span class='ocrx_word' id='word_1_176' title='bbox 746 2775 804 2856; x_wconf 84' lang='lat' dir='ltr'><strong>(ite</strong></span> <span class='ocrx_word' id='word_1_177' title='bbox 827 2777 866 2861; x_wconf 93' lang='lat' dir='ltr'><strong>N,</strong></span> <span class='ocrx_word' id='word_1_178' title='bbox 890 2779 939 2841; x_wconf 82' lang='lat' dir='ltr'><strong>cni</strong></span> <span class='ocrx_word' id='word_1_179' title='bbox 962 2775 988 2842; x_wconf 90' lang='lat' dir='ltr'>N</span> <span class='ocrx_word' id='word_1_180' title='bbox 1010 2776 1133 2841; x_wconf 71' lang='lat' dir='ltr'><strong>neu</strong></span> <span class='ocrx_word' id='word_1_181' title='bbox 1155 2774 1425 2858; x_wconf 81' lang='lat' dir='ltr'><strong>recentioresque,</strong></span> 
     </span>
     <span class='ocr_line' id='line_1_22' title="bbox 193 2881 890 2966; baseline 0 -19"><span class='ocrx_word' id='word_1_182' title='bbox 193 2883 336 2948; x_wconf 89' lang='lat' dir='ltr'><strong>restituit</strong></span> <span class='ocrx_word' id='word_1_183' title='bbox 360 2881 533 2966; x_wconf 83' lang='lat' dir='ltr'><strong>Gertnius),</strong></span> <span class='ocrx_word' id='word_1_184' title='bbox 556 2891 661 2950; x_wconf 82' lang='lat' dir='ltr'><strong>utrum</strong></span> <span class='ocrx_word' id='word_1_185' title='bbox 684 2886 769 2963; x_wconf 86' lang='lat' dir='ltr'><strong>rotet,</strong></span> <span class='ocrx_word' id='word_1_186' title='bbox 795 2885 890 2949; x_wconf 83' lang='lat' dir='ltr'><strong>liceat.</strong></span> 
     </span>
    </p>
   </div>
   <div class='ocr_carea' id='block_1_3' title="bbox 195 3006 1425 3185">
    <p class='ocr_par' dir='ltr' id='par_1_7' title="bbox 195 3006 1425 3185">
     <span class='ocr_line' id='line_1_23' title="bbox 284 3006 1425 3093; baseline 0.001 -23"><span class='ocrx_word' id='word_1_187' title='bbox 284 3007 358 3072; x_wconf 84' lang='lat' dir='ltr'><strong>aliis</strong></span> <span class='ocrx_word' id='word_1_188' title='bbox 382 3007 534 3072; x_wconf 88' lang='lat' dir='ltr'><strong>librorum</strong></span> <span class='ocrx_word' id='word_1_189' title='bbox 559 3007 599 3072; x_wconf 93' lang='lat' dir='ltr'><strong>de</strong></span> <span class='ocrx_word' id='word_1_190' title='bbox 621 3007 787 3074; x_wconf 89' lang='lat' dir='ltr'><strong>beneficiis</strong></span> <span class='ocrx_word' id='word_1_191' title='bbox 802 3009 883 3076; x_wconf 89' lang='lat' dir='ltr'><strong>locis</strong></span> <span class='ocrx_word' id='word_1_192' title='bbox 897 3009 1038 3093; x_wconf 85' lang='lat' dir='ltr'><strong>vestigia</strong></span> <span class='ocrx_word' id='word_1_193' title='bbox 1053 3016 1177 3075; x_wconf 84' lang='lat' dir='ltr'><strong>tuntum</strong></span> <span class='ocrx_word' id='word_1_194' title='bbox 1193 3008 1287 3074; x_wconf 90' lang='lat' dir='ltr'><strong>huius</strong></span> <span class='ocrx_word' id='word_1_195' title='bbox 1301 3006 1425 3072; x_wconf 81' lang='lat' dir='ltr'><strong>formae</strong></span> 
     </span>
     <span class='ocr_line' id='line_1_24' title="bbox 195 3112 470 3185; baseline 0.007 -9"><span class='ocrx_word' id='word_1_196' title='bbox 195 3112 308 3177; x_wconf 88' lang='lat' dir='ltr'><strong>relicto</strong></span> <span class='ocrx_word' id='word_1_197' title='bbox 332 3114 470 3185; x_wconf 73' lang='lat' dir='ltr'><strong>sunt¹⁰tz</strong></span> 
     </span>
    </p>
   </div>
   <div class='ocr_carea' id='block_1_4' title="bbox 193 3327 1425 3754">
    <p class='ocr_par' dir='ltr' id='par_1_8' title="bbox 193 3327 1425 3754">
     <span class='ocr_line' id='line_1_25' title="bbox 194 3327 1425 3397; baseline 0.002 -17"><span class='ocrx_word' id='word_1_198' title='bbox 194 3330 372 3396; x_wconf 79' lang='lat' dir='ltr'><strong>sitientemque</strong></span> <span class='ocrx_word' id='word_1_199' title='bbox 394 3345 417 3382; x_wconf 88' lang='lat' dir='ltr'><strong>e.</strong></span> <span class='ocrx_word' id='word_1_200' title='bbox 437 3347 462 3395; x_wconf 94' lang='lat' dir='ltr'><strong>q.</strong></span> <span class='ocrx_word' id='word_1_201' title='bbox 483 3345 503 3380; x_wconf 90' lang='lat' dir='ltr'><strong>s.</strong></span> <span class='ocrx_word' id='word_1_202' title='bbox 541 3329 573 3380; x_wconf 90' lang='lat' dir='ltr'><strong>ci.</strong></span> <span class='ocrx_word' id='word_1_203' title='bbox 599 3327 631 3382; x_wconf 92' lang='lat' dir='ltr'><strong>de</strong></span> <span class='ocrx_word' id='word_1_204' title='bbox 655 3329 760 3397; x_wconf 84' lang='lat' dir='ltr'><strong>provid.</strong></span> <span class='ocrx_word' id='word_1_205' title='bbox 781 3331 805 3390; x_wconf 83' lang='lat'><strong>5,</strong></span> <span class='ocrx_word' id='word_1_206' title='bbox 825 3331 849 3392; x_wconf 77' lang='lat'><strong>4,</strong></span> <span class='ocrx_word' id='word_1_207' title='bbox 873 3329 1143 3394; x_wconf 66' lang='lat' dir='ltr'><strong>recensetum,</strong></span> <span class='ocrx_word' id='word_1_208' title='bbox 1167 3329 1191 3382; x_wconf 87' lang='grc'><strong>2.</strong></span> <span class='ocrx_word' id='word_1_209' title='bbox 1233 3347 1299 3382; x_wconf 90' lang='lat' dir='ltr'><strong>num</strong></span> <span class='ocrx_word' id='word_1_210' title='bbox 1322 3333 1425 3382; x_wconf 83' lang='lat' dir='ltr'><strong>circum</strong></span> 
     </span>
     <span class='ocr_line' id='line_1_26' title="bbox 195 3416 1423 3486; baseline 0.003 -18"><span class='ocrx_word' id='word_1_211' title='bbox 195 3433 244 3484; x_wconf 89' lang='lat' dir='ltr'><strong>pro</strong></span> <span class='ocrx_word' id='word_1_212' title='bbox 263 3418 391 3470; x_wconf 84' lang='lat' dir='ltr'><strong>etrentnm</strong></span> <span class='ocrx_word' id='word_1_213' title='bbox 412 3433 512 3486; x_wconf 87' lang='lat' dir='ltr'><strong>ponere</strong></span> <span class='ocrx_word' id='word_1_214' title='bbox 531 3416 614 3472; x_wconf 80' lang='lat' dir='ltr'><strong>liceat</strong></span> <span class='ocrx_word' id='word_1_215' title='bbox 633 3418 736 3472; x_wconf 89' lang='lat' dir='ltr'><strong>dubito.</strong></span> <span class='ocrx_word' id='word_1_216' title='bbox 775 3419 889 3472; x_wconf 85' lang='lat' dir='ltr'><strong>fortusse</strong></span> <span class='ocrx_word' id='word_1_217' title='bbox 912 3421 1006 3472; x_wconf 80' lang='lat' dir='ltr'><strong>tamen</strong></span> <span class='ocrx_word' id='word_1_218' title='bbox 1025 3425 1099 3472; x_wconf 84' lang='lat' dir='ltr'><strong>recte</strong></span> <span class='ocrx_word' id='word_1_219' title='bbox 1117 3418 1137 3472; x_wconf 89' lang='lat'><strong>1.</strong></span> <span class='ocrx_word' id='word_1_220' title='bbox 1158 3418 1249 3472; x_wconf 87' lang='lat' dir='ltr'><strong>Douss</strong></span> <span class='ocrx_word' id='word_1_221' title='bbox 1268 3418 1297 3471; x_wconf 92' lang='lat' dir='ltr'><strong>iu</strong></span> <span class='ocrx_word' id='word_1_222' title='bbox 1318 3419 1423 3472; x_wconf 82' lang='lat' dir='ltr'><strong>Praeci-</strong></span> 
     </span>
     <span class='ocr_line' id='line_1_27' title="bbox 193 3505 1423 3576; baseline 0.001 -17"><span class='ocrx_word' id='word_1_223' title='bbox 193 3509 341 3560; x_wconf 83' lang='lat' dir='ltr'><strong>‹ianeurnm</strong></span> <span class='ocrx_word' id='word_1_224' title='bbox 359 3509 420 3574; x_wconf 86' lang='lat' dir='ltr'><strong>post</strong></span> <span class='ocrx_word' id='word_1_225' title='bbox 439 3505 591 3560; x_wconf 77' lang='lat' dir='ltr'><strong>Burmanni</strong></span> <span class='ocrx_word' id='word_1_226' title='bbox 612 3506 771 3561; x_wconf 88' lang='lat' dir='ltr'><strong>Petronium</strong></span> <span class='ocrx_word' id='word_1_227' title='bbox 785 3507 921 3562; x_wconf 87' lang='lat' dir='ltr'><strong>editorum</strong></span> <span class='ocrx_word' id='word_1_228' title='bbox 936 3506 1027 3560; x_wconf 89' lang='lat' dir='ltr'><strong>libriI</strong></span> <span class='ocrx_word' id='word_1_229' title='bbox 1046 3507 1137 3576; x_wconf 79' lang='lat' dir='ltr'><strong>cupite</strong></span> <span class='ocrx_word' id='word_1_230' title='bbox 1157 3508 1186 3559; x_wconf 89' lang='grc'><strong>16</strong></span> <span class='ocrx_word' id='word_1_231' title='bbox 1205 3505 1279 3575; x_wconf 75' lang='lat' dir='ltr'><strong>opud</strong></span> <span class='ocrx_word' id='word_1_232' title='bbox 1293 3506 1423 3560; x_wconf 72' lang='lat' dir='ltr'><strong>Senecam</strong></span> 
     </span>
     <span class='ocr_line' id='line_1_28' title="bbox 194 3595 1425 3665; baseline 0 -17"><span class='ocrx_word' id='word_1_233' title='bbox 194 3611 235 3662; x_wconf 83' lang='lat' dir='ltr'><strong>ep.</strong></span> <span class='ocrx_word' id='word_1_234' title='bbox 252 3613 317 3648; x_wconf 88' lang='lat' dir='ltr'><strong>mor.</strong></span> <span class='ocrx_word' id='word_1_235' title='bbox 329 3595 379 3648; x_wconf 82' lang='lat' dir='ltr'><strong>XV</strong></span> <span class='ocrx_word' id='word_1_236' title='bbox 395 3597 419 3655; x_wconf 87' lang='grc'><strong>3,</strong></span> <span class='ocrx_word' id='word_1_237' title='bbox 435 3597 469 3648; x_wconf 79' lang='grc'><strong>23</strong></span> <span class='ocrx_word' id='word_1_238' title='bbox 484 3595 605 3665; x_wconf 83' lang='lat' dir='ltr'><strong>scripsit:</strong></span> <span class='ocrx_word' id='word_1_239' title='bbox 630 3605 751 3664; x_wconf 84' lang='lat' dir='ltr'><strong>quanto</strong></span> <span class='ocrx_word' id='word_1_240' title='bbox 769 3600 857 3650; x_wconf 85' lang='lat' dir='ltr'><strong>circo</strong></span> <span class='ocrx_word' id='word_1_241' title='bbox 876 3597 987 3665; x_wconf 69' lang='lat' dir='ltr'><strong>(quanto</strong></span> <span class='ocrx_word' id='word_1_242' title='bbox 1007 3599 1079 3650; x_wconf 84' lang='lat' dir='ltr'><strong>circo</strong></span> <span class='ocrx_word' id='word_1_243' title='bbox 1099 3596 1189 3664; x_wconf 74' lang='lat' dir='ltr'><strong>codd.)</strong></span> <span class='ocrx_word' id='word_1_244' title='bbox 1209 3606 1331 3664; x_wconf 75' lang='lat' dir='ltr'><strong>rsepotnm</strong></span> <span class='ocrx_word' id='word_1_245' title='bbox 1350 3597 1425 3661; x_wconf 70' lang='lat' dir='ltr'><strong>fucos</strong></span> 
     </span>
     <span class='ocr_line' id='line_1_29' title="bbox 196 3687 446 3754; baseline 0.004 -19"><span class='ocrx_word' id='word_1_246' title='bbox 196 3687 322 3736; x_wconf 82' lang='lat' dir='ltr'><strong>inuentus</strong></span> <span class='ocrx_word' id='word_1_247' title='bbox 337 3687 446 3754; x_wconf 79' lang='lat' dir='ltr'><strong>premit.</strong></span> 
     </span>
    </p>
   </div>
   <div class='ocr_carea' id='block_1_5' title="bbox 193 3789 1424 4126">
    <p class='ocr_par' dir='ltr' id='par_1_9' title="bbox 193 3789 1424 4126">
     <span class='ocr_line' id='line_1_30' title="bbox 287 3789 1424 3862; baseline 0.003 -19"><span class='ocrx_word' id='word_1_248' title='bbox 287 3789 321 3856; x_wconf 75' lang='lat'><strong>¹⁵)</strong></span> <span class='ocrx_word' id='word_1_249' title='bbox 346 3794 408 3860; x_wconf 83' lang='lat' dir='ltr'><strong>post</strong></span> <span class='ocrx_word' id='word_1_250' title='bbox 425 3799 620 3860; x_wconf 75' lang='lat' dir='ltr'><strong>properantem</strong></span> <span class='ocrx_word' id='word_1_251' title='bbox 643 3795 796 3860; x_wconf 89' lang='lat' dir='ltr'><strong>sequuntur</strong></span> <span class='ocrx_word' id='word_1_252' title='bbox 819 3794 902 3847; x_wconf 76' lang='lat' dir='ltr'><strong>verba.</strong></span> <span class='ocrx_word' id='word_1_253' title='bbox 924 3796 971 3847; x_wconf 82' lang='lat' dir='ltr'><strong>sed</strong></span> <span class='ocrx_word' id='word_1_254' title='bbox 993 3795 1062 3846; x_wconf 75' lang='lat' dir='ltr'><strong>uror</strong></span> <span class='ocrx_word' id='word_1_255' title='bbox 1085 3796 1151 3853; x_wconf 84' lang='lat' dir='ltr'><strong>dieo,</strong></span> <span class='ocrx_word' id='word_1_256' title='bbox 1176 3811 1248 3862; x_wconf 83' lang='lat' dir='ltr'><strong>quse</strong></span> <span class='ocrx_word' id='word_1_257' title='bbox 1267 3791 1424 3862; x_wconf 71' lang='lat' dir='ltr'><strong>Madvigius</strong></span> 
     </span>
     <span class='ocr_line' id='line_1_31' title="bbox 193 3879 1424 3951; baseline 0.002 -19"><span class='ocrx_word' id='word_1_258' title='bbox 193 3879 455 3934; x_wconf 77' lang='lat' dir='ltr'><strong>Aduersar.11517</strong></span> <span class='ocrx_word' id='word_1_259' title='bbox 480 3879 508 3934; x_wconf 89' lang='lat' dir='ltr'><strong>iu</strong></span> <span class='ocrx_word' id='word_1_260' title='bbox 532 3883 593 3934; x_wconf 86' lang='lat' dir='ltr'><strong>eti.</strong></span> <span class='ocrx_word' id='word_1_261' title='bbox 613 3883 638 3936; x_wconf 79' lang='lat' dir='ltr'><strong>rt.</strong></span> <span class='ocrx_word' id='word_1_262' title='bbox 659 3881 701 3936; x_wconf 83' lang='lat' dir='ltr'><strong>ita</strong></span> <span class='ocrx_word' id='word_1_263' title='bbox 725 3883 847 3936; x_wconf 75' lang='lat' dir='ltr'><strong>mutavit</strong></span> <span class='ocrx_word' id='word_1_264' title='bbox 871 3886 903 3936; x_wconf 90' lang='lat' dir='ltr'><strong>ut</strong></span> <span class='ocrx_word' id='word_1_265' title='bbox 926 3882 1007 3936; x_wconf 85' lang='lat' dir='ltr'><strong>simui</strong></span> <span class='ocrx_word' id='word_1_266' title='bbox 1028 3891 1208 3951; x_wconf 78' lang='lat' dir='ltr'><strong>properantes</strong></span> <span class='ocrx_word' id='word_1_267' title='bbox 1227 3882 1363 3936; x_wconf 87' lang='lat' dir='ltr'><strong>scriberet.</strong></span> <span class='ocrx_word' id='word_1_268' title='bbox 1401 3881 1424 3934; x_wconf 90' lang='lat' dir='ltr'><strong>si</strong></span> 
     </span>
     <span class='ocr_line' id='line_1_32' title="bbox 193 3968 1423 4040; baseline 0.002 -19"><span class='ocrx_word' id='word_1_269' title='bbox 193 3968 360 4022; x_wconf 77' lang='lat' dir='ltr'><strong>seutentiam</strong></span> <span class='ocrx_word' id='word_1_270' title='bbox 383 3973 497 4038; x_wconf 83' lang='lat' dir='ltr'><strong>spectes,</strong></span> <span class='ocrx_word' id='word_1_271' title='bbox 522 3974 602 4034; x_wconf 88' lang='lat' dir='ltr'><strong>recte,</strong></span> <span class='ocrx_word' id='word_1_272' title='bbox 627 3971 674 4024; x_wconf 89' lang='lat' dir='ltr'><strong>sed</strong></span> <span class='ocrx_word' id='word_1_273' title='bbox 697 3971 786 4040; x_wconf 83' lang='lat' dir='ltr'><strong>msgis</strong></span> <span class='ocrx_word' id='word_1_274' title='bbox 810 3971 929 4026; x_wconf 78' lang='lat' dir='ltr'><strong>Senecae</strong></span> <span class='ocrx_word' id='word_1_275' title='bbox 953 3971 1015 4026; x_wconf 88' lang='lat' dir='ltr'><strong>usui</strong></span> <span class='ocrx_word' id='word_1_276' title='bbox 1042 3971 1197 4026; x_wconf 85' lang='lat' dir='ltr'><strong>conveniet:</strong></span> <span class='ocrx_word' id='word_1_277' title='bbox 1221 3979 1423 4039; x_wconf 80' lang='lat' dir='ltr'><strong>properantem.</strong></span> 
     </span>
     <span class='ocr_line' id='line_1_33' title="bbox 194 4058 1181 4126; baseline 0.003 -15"><span class='ocrx_word' id='word_1_278' title='bbox 194 4060 249 4112; x_wconf 83' lang='lat' dir='ltr'><strong>sed</strong></span> <span class='ocrx_word' id='word_1_279' title='bbox 263 4061 371 4118; x_wconf 87' lang='lat' dir='ltr'><strong>&lt;et&gt;</strong></span> <span class='ocrx_word' id='word_1_280' title='bbox 391 4061 409 4112; x_wconf 82' lang='lat' dir='ltr'><strong>i.</strong></span> <span class='ocrx_word' id='word_1_281' title='bbox 425 4061 460 4124; x_wconf 80' lang='lat' dir='ltr'><strong>d,</strong></span> <span class='ocrx_word' id='word_1_282' title='bbox 479 4058 552 4126; x_wconf 90' lang='lat' dir='ltr'><strong>qnod</strong></span> <span class='ocrx_word' id='word_1_283' title='bbox 572 4076 625 4112; x_wconf 88' lang='lat' dir='ltr'><strong>nou</strong></span> <span class='ocrx_word' id='word_1_284' title='bbox 645 4058 798 4114; x_wconf 84' lang='lat' dir='ltr'><strong>difficiliore</strong></span> <span class='ocrx_word' id='word_1_285' title='bbox 817 4060 972 4115; x_wconf 86' lang='lat' dir='ltr'><strong>mutatione</strong></span> <span class='ocrx_word' id='word_1_286' title='bbox 991 4061 1181 4114; x_wconf 71' lang='lat' dir='ltr'><strong>nanciscimur.</strong></span> 
     </span>
    </p>
   </div>
   <div class='ocr_carea' id='block_1_6' title="bbox 192 4163 1426 4772">
    <p class='ocr_par' dir='ltr' id='par_1_10' title="bbox 192 4163 1426 4772">
     <span class='ocr_line' id='line_1_34' title="bbox 286 4163 1426 4238; baseline 0.003 -19"><span class='ocrx_word' id='word_1_287' title='bbox 286 4163 320 4219; x_wconf 78' lang='lat' dir='ltr'><strong>¹⁶t</strong></span> <span class='ocrx_word' id='word_1_288' title='bbox 343 4183 398 4220; x_wconf 92' lang='lat' dir='ltr'><strong>nou</strong></span> <span class='ocrx_word' id='word_1_289' title='bbox 418 4169 499 4220; x_wconf 85' lang='lat' dir='ltr'><strong>csute</strong></span> <span class='ocrx_word' id='word_1_290' title='bbox 518 4166 676 4236; x_wconf 69' lang='lat' dir='ltr'><strong>Madvigius</strong></span> <span class='ocrx_word' id='word_1_291' title='bbox 695 4171 724 4222; x_wconf 86' lang='lat' dir='ltr'><strong>et</strong></span> <span class='ocrx_word' id='word_1_292' title='bbox 742 4169 867 4222; x_wconf 80' lang='lat' dir='ltr'><strong>(iertzius</strong></span> <span class='ocrx_word' id='word_1_293' title='bbox 887 4173 1011 4237; x_wconf 81' lang='lat' dir='ltr'><strong>egerunt,</strong></span> <span class='ocrx_word' id='word_1_294' title='bbox 1036 4169 1109 4236; x_wconf 89' lang='lat' dir='ltr'><strong>qnod</strong></span> <span class='ocrx_word' id='word_1_295' title='bbox 1135 4169 1222 4222; x_wconf 86' lang='lat' dir='ltr'><strong>nimio</strong></span> <span class='ocrx_word' id='word_1_296' title='bbox 1241 4169 1344 4222; x_wconf 83' lang='lat' dir='ltr'><strong>iormue</strong></span> <span class='ocrx_word' id='word_1_297' title='bbox 1362 4173 1426 4238; x_wconf 72' lang='lat' dir='ltr'><strong>qusai</strong></span> 
     </span>
     <span class='ocr_line' id='line_1_35' title="bbox 193 4255 1424 4327; baseline 0.004 -19"><span class='ocrx_word' id='word_1_298' title='bbox 193 4255 285 4308; x_wconf 90' lang='lat' dir='ltr'><strong>studio</strong></span> <span class='ocrx_word' id='word_1_299' title='bbox 312 4255 389 4310; x_wconf 89' lang='lat' dir='ltr'><strong>ducti</strong></span> <span class='ocrx_word' id='word_1_300' title='bbox 416 4255 454 4309; x_wconf 92' lang='lat' dir='ltr'><strong>ibi</strong></span> <span class='ocrx_word' id='word_1_301' title='bbox 483 4273 604 4323; x_wconf 88' lang='lat' dir='ltr'><strong>quoque,</strong></span> <span class='ocrx_word' id='word_1_302' title='bbox 635 4256 681 4311; x_wconf 91' lang='lat' dir='ltr'><strong>ubi</strong></span> <span class='ocrx_word' id='word_1_303' title='bbox 709 4262 784 4312; x_wconf 85' lang='lat' dir='ltr'><strong>certe</strong></span> <span class='ocrx_word' id='word_1_304' title='bbox 811 4256 870 4312; x_wconf 83' lang='lat' dir='ltr'><strong>eins</strong></span> <span class='ocrx_word' id='word_1_305' title='bbox 897 4257 1017 4327; x_wconf 79' lang='lat' dir='ltr'><strong>vestigia</strong></span> <span class='ocrx_word' id='word_1_306' title='bbox 1044 4257 1143 4312; x_wconf 77' lang='lat' dir='ltr'><strong>relicte</strong></span> <span class='ocrx_word' id='word_1_307' title='bbox 1169 4273 1224 4312; x_wconf 89' lang='lat' dir='ltr'><strong>uon</strong></span> <span class='ocrx_word' id='word_1_308' title='bbox 1256 4262 1328 4322; x_wconf 90' lang='lat' dir='ltr'><strong>sunt,</strong></span> <span class='ocrx_word' id='word_1_309' title='bbox 1362 4275 1424 4313; x_wconf 81' lang='lat' dir='ltr'><strong>eam</strong></span> 
     </span>
     <span class='ocr_line' id='line_1_36' title="bbox 193 4343 1422 4415; baseline 0.005 -19"><span class='ocrx_word' id='word_1_310' title='bbox 193 4343 338 4398; x_wconf 83' lang='lat' dir='ltr'><strong>restituere</strong></span> <span class='ocrx_word' id='word_1_311' title='bbox 362 4345 453 4398; x_wconf 79' lang='lat' dir='ltr'><strong>conati</strong></span> <span class='ocrx_word' id='word_1_312' title='bbox 477 4348 549 4398; x_wconf 88' lang='lat' dir='ltr'><strong>sunt.</strong></span> <span class='ocrx_word' id='word_1_313' title='bbox 587 4345 625 4400; x_wconf 86' lang='lat' dir='ltr'><strong>sic</strong></span> <span class='ocrx_word' id='word_1_314' title='bbox 650 4363 703 4399; x_wconf 88' lang='lat' dir='ltr'><strong>nou</strong></span> <span class='ocrx_word' id='word_1_315' title='bbox 727 4345 869 4415; x_wconf 83' lang='lat' dir='ltr'><strong>intellego,</strong></span> <span class='ocrx_word' id='word_1_316' title='bbox 894 4365 942 4400; x_wconf 90' lang='lat' dir='ltr'><strong>cur</strong></span> <span class='ocrx_word' id='word_1_317' title='bbox 960 4347 1085 4402; x_wconf 81' lang='lat' dir='ltr'><strong>Gertuius</strong></span> <span class='ocrx_word' id='word_1_318' title='bbox 1109 4347 1149 4400; x_wconf 92' lang='lat' dir='ltr'><strong>III</strong></span> <span class='ocrx_word' id='word_1_319' title='bbox 1169 4347 1247 4410; x_wconf 77' lang='grc'><strong>123</strong></span> <span class='ocrx_word' id='word_1_320' title='bbox 1272 4349 1299 4400; x_wconf 89' lang='lat' dir='ltr'><strong>in</strong></span> <span class='ocrx_word' id='word_1_321' title='bbox 1319 4347 1422 4402; x_wconf 84' lang='lat' dir='ltr'><strong>verbis:</strong></span> 
     </span>
     <span class='ocr_line' id='line_1_37' title="bbox 192 4435 1424 4505; baseline 0.005 -19"><span class='ocrx_word' id='word_1_322' title='bbox 192 4436 333 4501; x_wconf 78' lang='lat' dir='ltr'><strong>inprutnm</strong></span> <span class='ocrx_word' id='word_1_323' title='bbox 353 4437 458 4488; x_wconf 82' lang='lat' dir='ltr'><strong>vocabis</strong></span> <span class='ocrx_word' id='word_1_324' title='bbox 475 4453 535 4488; x_wconf 83' lang='lat' dir='ltr'><strong>enm</strong></span> <span class='ocrx_word' id='word_1_325' title='bbox 553 4436 705 4502; x_wconf 76' lang='lat' dir='ltr'><strong>beneficium</strong></span> <span class='ocrx_word' id='word_1_326' title='bbox 730 4435 779 4502; x_wconf 85' lang='lat' dir='ltr'><strong>(sic</strong></span> <span class='ocrx_word' id='word_1_327' title='bbox 798 4436 835 4494; x_wconf 77' lang='grc' dir='ltr'><strong>Ν)</strong></span> <span class='ocrx_word' id='word_1_328' title='bbox 859 4438 946 4492; x_wconf 79' lang='lat' dir='ltr'><strong>inscio</strong></span> <span class='ocrx_word' id='word_1_329' title='bbox 961 4463 1106 4474; x_wconf 94' lang='lat'>-----</span> <span class='ocrx_word' id='word_1_330' title='bbox 1124 4439 1272 4505; x_wconf 81' lang='lat' dir='ltr'><strong>inpositum</strong></span> <span class='ocrx_word' id='word_1_331' title='bbox 1296 4446 1334 4491; x_wconf 84' lang='lat' dir='ltr'><strong>est</strong></span> <span class='ocrx_word' id='word_1_332' title='bbox 1357 4442 1424 4492; x_wconf 82' lang='lat' dir='ltr'><strong>ante</strong></span> 
     </span>
     <span class='ocr_line' id='line_1_38' title="bbox 193 4523 1425 4596; baseline 0.004 -20"><span class='ocrx_word' id='word_1_333' title='bbox 193 4525 345 4588; x_wconf 56' lang='lat' dir='ltr'><strong>bneficium</strong></span> <span class='ocrx_word' id='word_1_334' title='bbox 356 4523 481 4577; x_wconf 77' lang='lat' dir='ltr'><strong>voculam</strong></span> <span class='ocrx_word' id='word_1_335' title='bbox 495 4527 558 4592; x_wconf 81' lang='lat' dir='ltr'><strong>qnoi</strong></span> <span class='ocrx_word' id='word_1_336' title='bbox 572 4523 689 4578; x_wconf 84' lang='lat' dir='ltr'><strong>inserere</strong></span> <span class='ocrx_word' id='word_1_337' title='bbox 704 4525 835 4578; x_wconf 79' lang='lat' dir='ltr'><strong>maluerit</strong></span> <span class='ocrx_word' id='word_1_338' title='bbox 848 4542 933 4593; x_wconf 84' lang='lat' dir='ltr'><strong>quam</strong></span> <span class='ocrx_word' id='word_1_339' title='bbox 948 4542 980 4579; x_wconf 84' lang='lat' dir='ltr'><strong>ex</strong></span> <span class='ocrx_word' id='word_1_340' title='bbox 996 4524 1073 4580; x_wconf 88' lang='lat' dir='ltr'><strong>libris</strong></span> <span class='ocrx_word' id='word_1_341' title='bbox 1087 4526 1283 4580; x_wconf 87' lang='lat' dir='ltr'><strong>recentioribus</strong></span> <span class='ocrx_word' id='word_1_342' title='bbox 1297 4530 1350 4594; x_wconf 80' lang='lat' dir='ltr'><strong>ent,</strong></span> <span class='ocrx_word' id='word_1_343' title='bbox 1368 4545 1425 4596; x_wconf 90' lang='lat' dir='ltr'><strong>quo</strong></span> 
     </span>
     <span class='ocr_line' id='line_1_39' title="bbox 193 4611 1423 4682; baseline 0.004 -17"><span class='ocrx_word' id='word_1_344' title='bbox 193 4611 264 4666; x_wconf 91' lang='lat' dir='ltr'><strong>nihil</strong></span> <span class='ocrx_word' id='word_1_345' title='bbox 283 4611 392 4666; x_wconf 70' lang='lat' dir='ltr'><strong>fertilius</strong></span> <span class='ocrx_word' id='word_1_346' title='bbox 411 4618 473 4680; x_wconf 89' lang='lat' dir='ltr'><strong>post</strong></span> <span class='ocrx_word' id='word_1_347' title='bbox 491 4613 615 4666; x_wconf 79' lang='lat' dir='ltr'><strong>voculsns</strong></span> <span class='ocrx_word' id='word_1_348' title='bbox 631 4631 689 4666; x_wconf 80' lang='lat' dir='ltr'><strong>eam</strong></span> <span class='ocrx_word' id='word_1_349' title='bbox 705 4613 828 4668; x_wconf 83' lang='lat' dir='ltr'><strong>excidere</strong></span> <span class='ocrx_word' id='word_1_350' title='bbox 842 4617 959 4682; x_wconf 79' lang='lat' dir='ltr'><strong>poterut,</strong></span> <span class='ocrx_word' id='word_1_351' title='bbox 979 4614 1135 4670; x_wconf 75' lang='lat' dir='ltr'><strong>adsciscere.</strong></span> <span class='ocrx_word' id='word_1_352' title='bbox 1163 4615 1261 4670; x_wconf 88' lang='lat' dir='ltr'><strong>deinde</strong></span> <span class='ocrx_word' id='word_1_353' title='bbox 1272 4615 1310 4669; x_wconf 94' lang='lat' dir='ltr'><strong>1v</strong></span> <span class='ocrx_word' id='word_1_354' title='bbox 1320 4616 1345 4680; x_wconf 89' lang='grc'><strong>8,</strong></span> <span class='ocrx_word' id='word_1_355' title='bbox 1365 4618 1375 4669; x_wconf 98' lang='lat' dir='ltr'>l</span> <span class='ocrx_word' id='word_1_356' title='bbox 1392 4617 1423 4670; x_wconf 93' lang='lat' dir='ltr'><strong>in</strong></span> 
     </span>
     <span class='ocr_line' id='line_1_40' title="bbox 193 4701 1424 4772; baseline 0.007 -19"><span class='ocrx_word' id='word_1_357' title='bbox 193 4701 248 4754; x_wconf 90' lang='lat' dir='ltr'><strong>his:</strong></span> <span class='ocrx_word' id='word_1_358' title='bbox 266 4703 393 4756; x_wconf 72' lang='lat' dir='ltr'><strong>Liternum</strong></span> <span class='ocrx_word' id='word_1_359' title='bbox 399 4711 517 4770; x_wconf 84' lang='lat' dir='ltr'><strong>putrem,</strong></span> <span class='ocrx_word' id='word_1_360' title='bbox 528 4705 592 4770; x_wconf 83' lang='lat' dir='ltr'><strong>quia</strong></span> <span class='ocrx_word' id='word_1_361' title='bbox 603 4706 721 4756; x_wconf 81' lang='lat' dir='ltr'><strong>omnium</strong></span> <span class='ocrx_word' id='word_1_362' title='bbox 732 4721 836 4770; x_wconf 82' lang='lat' dir='ltr'><strong>parens</strong></span> <span class='ocrx_word' id='word_1_363' title='bbox 846 4707 890 4770; x_wconf 85' lang='lat' dir='ltr'><strong>sit,</strong></span> <span class='ocrx_word' id='word_1_364' title='bbox 904 4709 973 4772; x_wconf 84' lang='lat' dir='ltr'><strong>qnod</strong></span> <span class='ocrx_word' id='word_1_365' title='bbox 984 4707 1104 4772; x_wconf 85' lang='lat' dir='ltr'><strong>primum</strong></span> <span class='ocrx_word' id='word_1_366' title='bbox 1120 4708 1228 4760; x_wconf 80' lang='lat' dir='ltr'><strong>inuenta</strong></span> <span class='ocrx_word' id='word_1_367' title='bbox 1242 4709 1373 4760; x_wconf 84' lang='lat' dir='ltr'><strong>seminum</strong></span> <span class='ocrx_word' id='word_1_368' title='bbox 1381 4709 1424 4762; x_wconf 85' lang='lat' dir='ltr'><strong>uie</strong></span> 
     </span>
    </p>
   </div>
   <div class='ocr_carea' id='block_1_7' title="bbox 0 0 1779 5236">
    <p class='ocr_par' dir='ltr' id='par_1_11' title="bbox 0 0 1779 5236">
     <span class='ocr_line' id='line_1_41' title="bbox 0 0 1779 5236; baseline 0 0"><span class='ocrx_word' id='word_1_369' title='bbox 0 0 1779 5236; x_wconf 95' lang='lat' dir='ltr'><strong> </strong></span> 
     </span>
    </p>
   </div>
  </div>
 </body>
</html>
