3560 5238
936 405 978 470 26

851 495 1064 506 ——u-

339 596 480 679 uestigia
511 598 662 683 inprimit,
695 599 794 682 quod
827 608 892 665 aut
922 600 997 666 urit
1030 609 1094 667 aut
1126 601 1268 666 fuscat.
1329 601 1431 667 tribus
1463 599 1573 666 modis

339 703 414 769 urit:
439 712 495 770 aut
518 705 621 771 adflat
644 715 677 772 et
696 708 760 774 leui
775 709 892 773 iniuria
909 707 1010 774 laedit
1025 717 1081 774 ant
1096 709 1242 775 comburit
1265 717 1332 774 aut
1355 708 1568 775 accendit·

426 811 513 878 Fest.
538 815 720 902 S.129,16
749 819 975 882 »Manubiae
1000 817 1107 882 louis
1130 823 1210 882 tres
1234 816 1443 882 creduntur
1467 835 1571 898 esse,

339 938 472 1001 quarum
497 941 580 987 unae
604 923 669 988 sint
691 923 851 1006 minimae,
880 943 964 1006 quae
992 932 1171 989 moneant
1192 923 1459 1009 placataeque
1483 923 1570 989 sint

338 1026 471 1110 alterae,
500 1049 584 1110 quae
607 1029 748 1096 maiores
772 1032 899 1096 sintae
923 1031 1056 1098 ueniant
1079 1051 1151 1096 eum
1174 1030 1304 1114 fragore
1329 1030 1569 1112 discutiantque

338 1141 394 1199 aut
409 1133 582 1218 diuellant3
607 1157 703 1220 quae
724 1139 854 1204 alone
879 1139 957 1204 sint
980 1145 1017 1204 et
1040 1138 1212 1204 consilio
1229 1138 1397 1216 <Xll>
1412 1136 1568 1203 deornm

338 1241 439 1305 mitti
472 1243 757 1312 existimentur.
818 1246 934 1312 tertiae
967 1246 1018 1312 his
1050 1245 1235 1330 ampliores,
1268 1265 1352 1328 quae
1389 1264 1461 1310 cum
1494 1244 1569 1327 igne

338 1348 470 1413 ueniant
493 1387 535 1397 —
560 1360 592 1416 et
619 1367 813 1437 quamquam
846 1353 992 1418 nullum
1020 1354 1105 1418 sine
1134 1354 1225 1435 igne
1253 1351 1383 1435 fulgur
1410 1349 1485 1435 sit,¹
1505 1350 1569 1416 hae

337 1456 533 1541 propriam
574 1458 788 1525 differentiam
832 1460 987 1544 habeant,
1033 1459 1133 1544 qnod
1179 1467 1245 1524 aut
1290 1458 1457 1524 adurant
1501 1463 1569 1522 aut

338 1563 506 1647 fuligine
530 1564 744 1632 deforment
767 1574 832 1632 aut
855 1566 1129 1633 accendant-
1145 1587 1228 1650 qnae
1253 1573 1395 1632 statum
1409 1571 1568 1648 mutent,

338 1668 493 1737 deorum
517 1673 686 1740 consilio
710 1674 1015 1761 superiorum.«¹)

427 1778 500 1844 Seu.
524 1800 553 1845 n.
573 1801 602 1863 q.
623 1780 658 1851 Π,
674 1766 700 1847 c.
718 1784 762 1847 49
792 1782 901 1848 »Nunc
924 1783 1054 1847 nomina
1078 1781 1248 1865 fulgurum,
1272 1801 1357 1864 quae
1380 1801 1401 1845 a
1425 1778 1567 1845 Caecina

336 1892 505 1970 ponuntur,
529 1895 641 1973 aperte
664 1887 862 1973 distinguam
892 1896 933 1973 et,
966 1889 1044 1973 quid
1073 1888 1113 1954 de
1142 1890 1190 1956 eis
1224 1888 1369 1973 santiam,
1399 1907 1567 1972 exponam.

337 1992 384 2057 ait
415 2013 489 2059 esse
520 1994 799 2080 postulatoria,
829 1997 945 2080 quibus
976 1995 1180 2063 sacrificia
1207 1995 1392 2061 intermissa
1419 2003 1476 2060 aut
1503 2013 1565 2059 non

337 2099 397 2164 rite
435 2099 523 2166 faeta
560 2110 747 2188 repetuntur
769 2156 955 2172 ........
994 2157 1000 2170 .
1030 2102 1239 2188 pestifera,
1278 2121 1375 2186 quae
1410 2106 1565 2168 mortem

338 2207 544 2275 exiliumue
566 2210 802 2294 portendunt
819 2264 959 2279 .......
985 2209 1258 2297 peremptalia,
1282 2209 1399 2292 quibus
1422 2208 1564 2274 tollun-

336 2320 396 2378 tur
418 2315 560 2399 priomm
583 2317 749 2383 fulminum
776 2319 892 2403 minae,
920 2317 1137 2401 adtestata‚
1166 2337 1250 2400 quae
1273 2316 1469 2402 prioribus
1493 2335 1565 2381 con-

337 2421 507 2488 sentiunt«

425 2528 511 2595 Fest.
540 2529 571 2596 S.
596 2534 670 2616 245,
701 2534 838 2597 19-23
880 2535 1278 2611 »Postuto<to>ria
1304 2533 1450 2616 sulpura,
1482 2547 1566 2610 qnae

265 2621 268 2628 ’
326 2626 482 2700 'uotorum
513 2643 570 2702 aut
597 2637 682 2724 (cod.
706 2639 754 2724 ut)
784 2639 1073 2705 sacrificiorum
1103 2647 1245 2723 spretam
1268 2637 1458 2720 religionem
1481 2633 1565 2701 desi-

337 2740 461 2810 derant.
508 2747 720 2831 Pestiferrn
753 2767 850 2829 quae
877 2754 1033 2812 mortem
1061 2753 1127 2811 aut
1158 2745 1315 2810 exilium
1348 2740 1565 2810 ostendunt.

337 2851 612 2937 Peremptulia,
651 2873 735 2936 qnae
768 2854 936 2937 superiora
968 2853 1097 2936 fulgura
1134 2861 1190 2919 aut
1223 2851 1307 2937 (cod.
1335 2857 1383 2928 ut)
1416 2855 1566 2936 portenta

336 2965 511 3040 peremunt,
535 2957 569 3023 id
593 2967 643 3025 est
666 2960 834 3026 tollunt«
886 2960 976 3026 Paul.
1002 2960 1033 3025 S.
1055 2963 1105 3043 12,
1129 2964 1150 3024 ὃ
1178 2964 1390 3026 »attestato
1414 2956 1564 3022 diceban-

336 3069 387 3127 tur
401 3062 538 3149 fulgura,
563 3087 647 3149 quae
662 3066 778 3132 iterato
793 3067 922 3152 fiebant,
946 3067 1100 3133 uidelicet
1114 3065 1384 3150 significationem
1397 3063 1564 3149 priorum

335 3173 553 3238 attestantia«

424 3279 596 3346 Vielleicht
621 3301 680 3347 aus
704 3281 875 3348 derselben
900 3280 1015 3358 Quelle
1039 3287 1196 3347 stammen
1221 3279 1274 3346 die
1298 3279 1452 3346 Glossen:
1477 3277 1564 3343 Fest.

336 3384 367 3449 S.
392 3387 466 3471 289,
492 3390 532 3454 18
560 3389 817 3456 »Renountiuum
839 3392 956 3476 fulgur
978 3396 1121 3472 uocatur,
1145 3409 1217 3453 cum
1241 3408 1281 3453 ex
1304 3386 1414 3471 aliquo
1437 3385 1564 3468 fulgure

336 3489 457 3558 functio
479 3492 550 3559 fieri
574 3495 689 3580 coepit,
714 3496 741 3562 si
765 3494 886 3561 factum
911 3503 962 3562 est
985 3494 1090 3561 simile
1114 3494 1230 3579 fulgur,
1254 3493 1341 3580 quod
1364 3493 1451 3558 idem
1466 3491 1563 3575 signi·

335 3598 436 3665 ficet‹
491 3604 565 3686 229,
595 3606 611 3668 1
650 3606 869 3672 ›Prouorsurn
898 3607 1015 3689 sulpur
1047 3602 1243 3688 appellatur,
1280 3599 1367 3685 quod
1398 3601 1565 3683 ignoratur

336 3713 431 3773 noctu
459 3729 501 3773 an
528 3709 668 3775 interdiu
696 3710 740 3777 sit
766 3709 894 3776 factum.
945 3710 1056 3794 itaque
1084 3710 1154 3776 Ioui
1182 3709 1301 3792 fulguri
1329 3714 1362 3773 et
1390 3706 1563 3772 Summano

335 3814 372 3879 fit
394 3817 700 3902 <sacnfi0ium>,
724 3817 811 3903 quod
834 3817 949 3884 diuma
970 3817 1058 3884 louis
1081 3823 1236 3882 nocturna
1251 3814 1417 3880 Summani
1436 3813 1564 3896 fulgura

334 3922 521 3990 habentur«
572 3925 604 3991 S.
622 3928 680 4010 ¹75,
708 3930 747 3992 14
775 3929 895 3992 »Diam
917 3928 1031 4012 sulpur
1057 3923 1270 4009 appellabant
1293 3922 1449 4005 diurnum,
1478 3919 1564 4004 quod

335 4031 495 4117 putabant
518 4033 615 4116 Iouis,
638 4039 674 4097 ut
696 4040 886 4098 noctnmum
909 4031 1103 4097 Summani«
1144 4031 1175 4096 S.
1190 4033 1300 4114 352,6
1327 4025 1563 4116 »ll'lrisuteam

334 4141 450 4224 sulpur
473 4136 547 4227 fu[it
574 4140 616 4205 ab
645 4140 789 4223 antiquis
814 4140 942 4223 dictum,
972 4138 1061 4227 quila
1089 4137 1123 4203 id
1152 4146 1208 4203 aut
1235 4137 1379 4203 incendit
1406 4132 1476 4222 alut
1499 4135 1562 4202 dis·

336 4247 416 4312 cutit
438 4254 496 4313 aut
518 4245 701 4335 telrebratc

425 4355 482 4420 Ich
504 4354 587 4421 hebe
610 4354 740 4421 endlich
763 4355 871 4438 einige
886 4353 1134 4437 Bemerknngen
1149 4355 1227 4418 fiber
1242 4351 1296 4418 die
1310 4350 1563 4418 verschiedenen

244 4513 246 4518 .
336 4461 888 4528 Vernandtschasts-Verhalrnisse
915 4462 1044 4547 horror,
1077 4459 1201 4526 welche
1229 4459 1294 4525 alle
1319 4459 1379 4524 auf
1401 4457 1455 4524 die
1478 4463 1563 4524 erstc

429 4675 452 4748 ¹)
471 4675 560 4734 Ueber
577 4676 622 4732 die
640 4675 811 4748 Schreibung
829 4674 917 4732 dieser
935 4675 1029 4732 Glosse
1047 4675 1133 4746 vergl.
1152 4674 1205 4728 den
1224 4674 1330 4732 rietten
1349 4673 1477 4746 Anhang.
