3634 5240
776 369 817 432 27

686 455 898 464 m.—

177 584 394 672 ἀναπαίσεως
420 584 441 682 ἢ
463 583 666 680 εὗηχέστερος
687 585 708 682 ἢ
731 590 971 679 ὁυσηχέσιερος,
1006 584 1169 682 ἢλειιυός
1195 584 1252 660 τὸν
1276 582 1351 682 ἦχον
1382 585 1402 682 ἠ

176 693 287 782 ἁδρός.
333 697 437 778 Quam
463 698 565 764 variae
589 701 694 763 autem
723 717 858 763 resono
885 699 1024 782 rhythmi
1045 698 1171 764 nomine
1199 701 1403 783 eomprehen-

178 802 305 878 dantur,
328 803 462 886 exphoat
484 807 667 885 anonymus
689 803 720 866 in
743 801 893 884 Hermog.
916 802 978 865 VH
991 803 1051 864 902
1075 801 1146 866 adn.
1162 801 1216 866 W:
1241 793 1402 889 ὁρυθμὸς

175 901 428 991 πολυσήμανιός
443 903 529 971 ἐστι·
552 900 701 991 σημαίνει
716 902 753 968 δὲ
775 902 831 968 καί
852 897 890 969 τὸ
905 897 1076 990 ὀρχεῖσθαι
1097 895 1180 986 μετὰ
1199 907 1325 990 ῥυθμοί·
1347 903 1402 970 καί

174 1001 217 1073 τὸ
239 1008 407 1094 κωμῳδεῖν
421 1006 571 1086 τοιῶσὸε,
595 1004 649 1072 καί
672 998 713 1072 τὰ
737 1001 844 1090 ὁμαλὰ
866 999 1018 1093 ἢτραχέα
1033 1011 1098 1072 τῶν
1113 1003 1237 1087 τόπων,
1261 999 1403 1086 καὶτοὺς

175 1103 345 1198 μετρικοὺς
367 1109 483 1192 πόδας,
507 1107 696 1189 σπονδείους
717 1102 736 1196 i}
752 1102 987 1190 ἀναπαίστοις,
1010 1108 1065 1174 καί
1088 1101 1147 1196 τὴν
1162 1101 1326 1197 ἀντήχησιν
1346 1113 1405 1196 τῆς

177 1211 331 1301 φράσεως
353 1219 407 1280 τοῖ1
429 1213 571 1302 ῥήτορος,
590 1210 649 1299 την
672 1211 707 1278 ἐκ
729 1213 860 1279 τοιᾶσδε
875 1212 930 1278 καί
952 1212 1085 1279 τοιᾶσδε
1107 1215 1169 1276 τῶν
1191 1208 1306 1292 λέξεων
1320 1234 1405 1297 γινο-

174 1314 283 1403 μένην,
315 1311 336 1405 ἢ
362 1307 380 1383 ὃ
403 1314 508 1396 καλόν,
540 1309 688 1403 ἢτραχί,
721 1307 740 1400 ἢ
762 1341 794 1380 ιι
817 1319 884 1382 τῶν
905 1313 1067 1382 υοιοίσων.
1111 1316 1246 1382 Ioannes
1281 1336 1404 1398 quoque

178 1419 314 1500 Siculus,
345 1423 399 1486 ubi
422 1422 461 1486 ad
483 1420 632 1502 Hermog.
654 1419 699 1484 Vl
722 1421 831 1495 82,14
854 1421 893 1483 W
920 1420 995 1502 quid
1018 1418 1058 1484 sit
1080 1419 1248 1502 rhythmus
1271 1420 1405 1503 exponit,

176 1524 275 1608 pedes
303 1526 376 1608 post
404 1543 516 1589 sonum
538 1525 706 1588 verborum
736 1526 974 1588 commemorat:
1010 1513 1140 1606 ῥυθμὸς
1173 1517 1210 1586 δὲ
1240 1518 1298 1606 (so.
1321 1517 1405 1603 ἐστὶ)

176 1618 264 1692 ποιὰ
285 1619 451 1714 ἆπήχησις
474 1621 656 1710 τοῦλόγου,
690 1615 709 1710 ἠ
732 1616 846 1707 σεμνὸς
873 1618 894 1712 ἢ
921 1621 1036 1712 τραχὺς
1058 1616 1078 1710 ἠ
1100 1624 1185 1702 λεῖος
1207 1620 1262 1688 καί
1285 1613 1403 1712 stygos,

177 1721 200 1814 η’
221 1727 343 1814 γλυκύς,
371 1727 427 1794 καί
449 1726 494 1807 ὠς
515 1721 554 1794 ib
577 1723 608 1792 ολ
631 1722 734 1806 πόδες
759 1723 1000 1815 σονιεθείησαν.

266 1833 379 1900 Omnia
399 1834 505 1916 igitur,
529 1851 609 1914 quse
633 1833 671 1896 ad
695 1818 772 1916 ἦχον
794 1832 843 1897 rel
867 1823 1034 1918 ἀντήχησιν
1055 1831 1224 1917 pertinent,
1246 1831 1335 1896 uelut
1357 1850 1404 1908 ea,

177 1955 260 2018 quae
287 1938 325 2001 de
347 1937 452 2002 hiatus
487 1937 517 2001 ri
539 1936 589 2000 hio
616 1933 680 1998 illio
703 1935 865 2012 dicuntur,
898 1935 930 1998 in
957 1954 1066 2001 meum
1100 1953 1195 2000 usum
1222 1935 1405 2000 convertere

176 2059 242 2104 non
264 2041 361 2123 potui.

223 2281 241 2361 ς
265 2280 294 2342 5.
323 2278 515 2358 Quomodo
538 2280 575 2342 in
599 2279 836 2343 carminibus
859 2279 1061 2344 harmonia
1083 2297 1164 2344 oum
1185 2279 1362 2363 rhythmo

613 2381 732 2445 fuerit
753 2381 971 2448 eoniuneta

266 2553 422 2632 Quoniam
454 2553 491 2617 de
520 2554 660 2636 rhythmi
693 2555 726 2616 in
755 2554 920 2619 saltatione
952 2555 984 2618 et
1005 2553 1170 2618 harmonia
1201 2557 1234 2618 et
1254 2555 1288 2618 in
1321 2553 1406 2641 ψιλῇ

178 2651 266 2735 λέξει
301 2656 486 2721 auctoritate
509 2656 652 2733 diximus,
677 2675 769 2734 nuno,
796 2656 871 2739 quid
894 2657 926 2719 in
947 2657 1061 2721 horum
1084 2657 1312 2723 elementorum
1334 2676 1406 2722 oon-

179 2760 341 2823 iunetione
363 2759 533 2842 rhythmus
555 2760 680 2843 polleat,
704 2761 753 2822 est
775 2760 1014 2841 anquirendum.

267 2862 399 2927 Constat
414 2863 497 2927 enim
513 2881 671 2926 summam
687 2863 744 2945 ιε’,ς
758 2866 915 2948 μουσικῆς
930 2858 1040 2948 τέχνης
1055 2865 1177 2927 veteres
1192 2864 1261 2927 tum
1277 2862 1404 2928 demum

181 2986 250 3032 osse
275 2967 446 3042 assuentes,
469 2985 542 3030 oum
565 2965 712 3048 rhythmo
736 2967 768 3028 et
791 2966 897 3030 eantui
920 2967 1014 3030 verba
1041 2966 1163 3050 poetioa
1186 2967 1350 3044 sociarent,
1374 2969 1406 3031 et

177 3073 213 3134 in
236 3069 366 3134 ohoriois
390 3069 517 3151 quidem
541 3068 732 3132 carminibus
755 3068 955 3134 saltationem
978 3088 1110 3152 quoque.
1153 3068 1224 3134 Iam
1247 3089 1320 3134 oum
1344 3070 1405 3134 sal-

178 3173 308 3238 tationis
342 3174 374 3236 et
401 3172 540 3236 musione
566 3170 723 3254 rhythmis
751 3171 825 3252 quid
849 3171 994 3238 effoetum
1017 3173 1071 3249 sit,
1103 3171 1255 3238 traditum
1278 3172 1405 3256 quidem

179 3276 354 3341 habeamus
377 3293 478 3356 neque
501 3277 608 3338 tamen
632 3275 741 3355 quales
763 3275 809 3338 illi
832 3273 950 3339 fuerint
971 3276 1030 3358 ipsi
1056 3275 1119 3338 iam
1141 3274 1297 3358 possimus
1319 3274 1405 3357 peni-

179 3382 233 3442 tus
256 3378 441 3462 perspioere,
465 3377 502 3442 de
519 3377 660 3442 ohorioae
675 3377 776 3460 poesis
792 3377 949 3460 rhythmis
966 3378 1196 3459 quadamtenus
1211 3377 1306 3442 etiam
1321 3396 1406 3442 nune

180 3481 365 3563 suffragium
388 3479 467 3543 ferre
489 3480 579 3557 lioet,
608 3481 756 3563 quoniam
778 3480 847 3562 ipsa
870 3480 983 3545 saltem
1006 3482 1102 3544 verba
1123 3481 1209 3545 haud
1231 3499 1404 3563 paucorum

182 3584 337 3650 eiusmodi
360 3582 536 3647 earminum
558 3583 647 3647 nobis
671 3585 795 3648 serrata
818 3585 908 3660 sunt,
937 3584 1080 3666 quamuis
1103 3585 1214 3649 uentus
1243 3583 1404 3666 signorum

180 3690 305 3772 praeter
327 3690 392 3752 tres
414 3687 548 3768 hymnos
570 3685 719 3768 reliquiae
742 3687 848 3751 nullae
872 3688 1003 3752 exstent.

267 3790 418 3854 Effioiunt
437 3789 534 3869 igitur
548 3788 604 3852 illa
619 3789 785 3866 elementa,
797 3784 901 3872 λόγος,
918 3784 1054 3876 ῥυθμός,
1074 3781 1219 3872 ἁρμονία,
1237 3791 1405 3856 ooniunota

180 3885 219 3959 τὸ
241 3888 375 3976 μέλος,
400 3891 480 3974 quod
505 3893 610 3974 aperte
634 3892 724 3956 docet
745 3892 836 3956 Plato
859 3893 945 3976 Reip.
967 3891 1017 3955 lII
1040 3893 1102 3955 398
1125 3892 1169 3956 D:
1191 3883 1231 3957 τὸ
1251 3888 1348 3974 μέλος
1369 3891 1404 3957 ἐκ

179 3999 281 4082 τριῶν
303 3991 373 4059 ἔστι
395 3989 604 4079 συγκείμενον,
626 3988 721 4078 λόγου
742 4017 777 4058 τε
799 3991 854 4059 καί
876 3988 1033 4080 ἁρμονίας
1048 3990 1103 4058 καί
1119 3997 1255 4080 ῥυθμοῦ.
1299 3995 1403 4074 Quare

180 4093 220 4166 τὸ
241 4095 338 4182 μέλος
372 4097 460 4179 quasi
483 4097 630 4180 persentio
653 4098 702 4161 est
729 4100 760 4162 et
782 4099 935 4164 absolutio
963 4098 1060 4163 totius
1083 4097 1158 4162 artis
1180 4097 1319 4163 musieae
1342 4099 1402 4176 vel,

181 4206 219 4269 ut
250 4201 506 4286 philosophorum
532 4220 619 4266 more
647 4201 771 4282 loquar,
807 4191 989 4286 ἡμουσικὴ
1020 4203 1069 4265 est
1090 4219 1140 4266 res
1163 4201 1330 4280 abstraotu,
1363 4193 1402 4267 τὸ

180 4300 277 4388 μέλος
298 4323 349 4369 res
372 4305 526 4368 eonoreta.
570 4303 696 4368 Etenim
720 4303 861 4381 easdem,
886 4323 963 4386 qnae
985 4304 1054 4368 looo
1076 4302 1205 4368 laudato
1231 4325 1277 4390 τῳ
1299 4300 1400 4386 μέλει,

182 4409 242 4473 alio
264 4407 364 4491 (Reip.
387 4406 449 4470 VH
473 4407 534 4469 522
554 4409 593 4480 A)
616 4406 706 4471 Plato
727 4409 768 4493 τῇ
789 4410 927 4493 μουσικῇ
950 4407 1095 4491 designat
1117 4408 1239 4491 partes:
1271 4399 1304 4493 (ἡ
1325 4429 1402 4489 μου-

183 4496 323 4594 σικη)
305 4533 400 4629 ην..
425 4501 551 4573 ,ἔθεσι
575 4504 777 4573 παιδεύουσα
803 4531 876 4586 τους
898 4505 1055 4595 (μίλακος,
1085 4505 1169 4574 κατά
1190 4531 1225 4573 ιε
1247 4500 1402 4595 ἁρμονίαν

247 4611 330 4678 ,καὶ
357 4601 439 4676 κατὰ
466 4606 654 4698 ῥυθμὸν..
679 4605 743 4682 .ί’ν
770 4633 806 4679 νε
832 4612 900 4693 τοῖς
926 4608 1091 4698 λόγοις..
1113 4613 1205 4679 ‚Sed
1237 4632 1299 4690 non
1331 4633 1401 4690 raro
