<?xml version="1.0" encoding="UTF-8"?>
<!DOCTYPE html PUBLIC "-//W3C//DTD XHTML 1.0 Transitional//EN"
    "http://www.w3.org/TR/xhtml1/DTD/xhtml1-transitional.dtd">
<html xmlns="http://www.w3.org/1999/xhtml" xml:lang="en" lang="en">
 <head>
  <title>
</title>
<meta http-equiv="Content-Type" content="text/html;charset=utf-8" />
  <meta name='ocr-system' content='tesseract 3.04.00' />
  <meta name='ocr-capabilities' content='ocr_page ocr_carea ocr_par ocr_line ocrx_word'/>
</head>
<body>
  <div class='ocr_page' id='page_1' title='image "./destoicorumstud00strigoog_0823.png"; bbox 0 0 3546 5236; ppageno 0'>
   <div class='ocr_carea' id='block_1_1' title="bbox 943 412 1007 476">
    <p class='ocr_par' dir='ltr' id='par_1_1' title="bbox 943 412 1007 476">
     <span class='ocr_line' id='line_1_1' title="bbox 943 412 1007 476; baseline 0.031 -2"><span class='ocrx_word' id='word_1_1' title='bbox 943 412 1007 476; x_wconf 80' lang='lat'><strong>120</strong></span> 
     </span>
    </p>
   </div>
   <div class='ocr_carea' id='block_1_2' title="bbox 326 604 1619 2116">
    <p class='ocr_par' dir='ltr' id='par_1_2' title="bbox 383 604 1615 796">
     <span class='ocr_line' id='line_1_2' title="bbox 472 604 1615 692; baseline 0.007 -25"><span class='ocrx_word' id='word_1_2' title='bbox 472 604 520 668; x_wconf 86' lang='lat' dir='ltr'><strong>III</strong></span> <span class='ocrx_word' id='word_1_3' title='bbox 543 608 594 690; x_wconf 82' lang='lat'><strong>26,</strong></span> <span class='ocrx_word' id='word_1_4' title='bbox 619 609 653 670; x_wconf 78' lang='lat'><strong>2:</strong></span> <span class='ocrx_word' id='word_1_5' title='bbox 683 615 712 671; x_wconf 79' lang='lat' dir='ltr'><strong>ct</strong></span> <span class='ocrx_word' id='word_1_6' title='bbox 733 627 839 671; x_wconf 74' lang='lat' dir='ltr'><strong>cenric</strong></span> <span class='ocrx_word' id='word_1_7' title='bbox 863 609 937 688; x_wconf 63' lang='lat' dir='ltr'><strong>duc,</strong></span> <span class='ocrx_word' id='word_1_8' title='bbox 962 610 1049 690; x_wconf 83' lang='lat' dir='ltr'><strong>quoi</strong></span> <span class='ocrx_word' id='word_1_9' title='bbox 1065 605 1145 692; x_wconf 65' lang='lat' dir='ltr'><strong>(quc</strong></span> <span class='ocrx_word' id='word_1_10' title='bbox 1167 607 1234 690; x_wconf 84' lang='lat' dir='ltr'><strong>NR,</strong></span> <span class='ocrx_word' id='word_1_11' title='bbox 1258 605 1345 689; x_wconf 87' lang='lat' dir='ltr'><strong>qnod</strong></span> <span class='ocrx_word' id='word_1_12' title='bbox 1367 609 1434 672; x_wconf 78' lang='lat' dir='ltr'><strong>inm</strong></span> <span class='ocrx_word' id='word_1_13' title='bbox 1456 608 1615 675; x_wconf 81' lang='lat' dir='ltr'><strong>Gruterus</strong></span> 
     </span>
     <span class='ocr_line' id='line_1_3' title="bbox 383 710 1615 796; baseline 0.003 -21"><span class='ocrx_word' id='word_1_14' title='bbox 383 710 576 796; x_wconf 79' lang='lat' dir='ltr'><strong>emendavit,</strong></span> <span class='ocrx_word' id='word_1_15' title='bbox 590 715 641 777; x_wconf 77' lang='lat' dir='ltr'><strong>cui</strong></span> <span class='ocrx_word' id='word_1_16' title='bbox 650 713 818 791; x_wconf 78' lang='lat' dir='ltr'><strong>Erasmus)</strong></span> <span class='ocrx_word' id='word_1_17' title='bbox 827 715 1023 779; x_wconf 70' lang='lat' dir='ltr'><strong>nectebamur</strong></span> <span class='ocrx_word' id='word_1_18' title='bbox 1036 716 1176 796; x_wconf 66' lang='lat' dir='ltr'><strong>mvidiae,</strong></span> <span class='ocrx_word' id='word_1_19' title='bbox 1192 718 1221 778; x_wconf 86' lang='lat' dir='ltr'><strong>ei</strong></span> <span class='ocrx_word' id='word_1_20' title='bbox 1235 715 1318 780; x_wconf 76' lang='lat' dir='ltr'><strong>ebrio</strong></span> <span class='ocrx_word' id='word_1_21' title='bbox 1327 717 1455 780; x_wconf 76' lang='lat' dir='ltr'><strong>crudum</strong></span> <span class='ocrx_word' id='word_1_22' title='bbox 1467 719 1615 782; x_wconf 60' lang='lat' dir='ltr'><strong>cccciii.</strong></span> 
     </span>
    </p>

    <p class='ocr_par' dir='ltr' id='par_1_3' title="bbox 378 823 1619 1460">
     <span class='ocr_line' id='line_1_4' title="bbox 473 823 1617 924; baseline 0.003 -23"><span class='ocrx_word' id='word_1_23' title='bbox 473 840 525 920; x_wconf 81' lang='lat'><strong>33,</strong></span> <span class='ocrx_word' id='word_1_24' title='bbox 549 840 585 902; x_wconf 88' lang='lat'><strong>4:</strong></span> <span class='ocrx_word' id='word_1_25' title='bbox 615 835 682 902; x_wconf 83' lang='lat' dir='ltr'><strong>licet</strong></span> <span class='ocrx_word' id='word_1_26' title='bbox 705 839 758 903; x_wconf 80' lang='lat' dir='ltr'><strong>tibi</strong></span> <span class='ocrx_word' id='word_1_27' title='bbox 780 841 813 903; x_wconf 80' lang='lat' dir='ltr'><strong>ic</strong></span> <span class='ocrx_word' id='word_1_28' title='bbox 835 847 983 922; x_wconf 64' lang='lat' dir='ltr'><strong>mention</strong></span> <span class='ocrx_word' id='word_1_29' title='bbox 1006 841 1080 904; x_wconf 74' lang='lat' dir='ltr'><strong>ccliv</strong></span> <span class='ocrx_word' id='word_1_30' title='bbox 1103 823 1266 904; x_wconf 69' lang='lat' dir='ltr'><strong>obtendere</strong></span> <span class='ocrx_word' id='word_1_31' title='bbox 1289 841 1433 923; x_wconf 77' lang='lat' dir='ltr'><strong>beneficia</strong></span> <span class='ocrx_word' id='word_1_32' title='bbox 1447 843 1519 924; x_wconf 77' lang='lat' dir='ltr'><strong>filii,</strong></span> <span class='ocrx_word' id='word_1_33' title='bbox 1545 863 1617 906; x_wconf 75' lang='lat' dir='ltr'><strong>cem</strong></span> 
     </span>
     <span class='ocr_line' id='line_1_5' title="bbox 378 948 1619 1031; baseline 0.002 -22"><span class='ocrx_word' id='word_1_34' title='bbox 378 953 544 1029; x_wconf 72' lang='lat' dir='ltr'><strong>patenum</strong></span> <span class='ocrx_word' id='word_1_35' title='bbox 567 968 680 1012; x_wconf 76' lang='lat' dir='ltr'><strong>munuc</strong></span> <span class='ocrx_word' id='word_1_36' title='bbox 703 954 732 1010; x_wconf 82' lang='lat' dir='ltr'><strong>ct</strong></span> <span class='ocrx_word' id='word_1_37' title='bbox 753 948 885 1031; x_wconf 67' lang='lat' dir='ltr'><strong>simplem</strong></span> <span class='ocrx_word' id='word_1_38' title='bbox 907 949 948 1012; x_wconf 79' lang='lat' dir='ltr'><strong>cit</strong></span> <span class='ocrx_word' id='word_1_39' title='bbox 969 955 998 1010; x_wconf 79' lang='lat' dir='ltr'><strong>ct</strong></span> <span class='ocrx_word' id='word_1_40' title='bbox 1013 949 1110 1031; x_wconf 81' lang='lat' dir='ltr'><strong>facilc</strong></span> <span class='ocrx_word' id='word_1_41' title='bbox 1133 955 1162 1011; x_wconf 81' lang='lat' dir='ltr'><strong>et</strong></span> <span class='ocrx_word' id='word_1_42' title='bbox 1184 948 1270 1011; x_wconf 73' lang='lat' dir='ltr'><strong>duriti</strong></span> <span class='ocrx_word' id='word_1_43' title='bbox 1290 949 1505 1031; x_wconf 65' lang='lat' dir='ltr'><strong>volumiurium,</strong></span> <span class='ocrx_word' id='word_1_44' title='bbox 1534 949 1619 1031; x_wconf 78' lang='lat' dir='ltr'><strong>quod</strong></span> 
     </span>
     <span class='ocr_line' id='line_1_6' title="bbox 380 1055 1618 1138; baseline 0.001 -23"><span class='ocrx_word' id='word_1_45' title='bbox 380 1071 503 1116; x_wconf 73' lang='lat' dir='ltr'><strong>necesse</strong></span> <span class='ocrx_word' id='word_1_46' title='bbox 530 1060 587 1134; x_wconf 80' lang='lat' dir='ltr'><strong>eet,</strong></span> <span class='ocrx_word' id='word_1_47' title='bbox 616 1055 666 1117; x_wconf 82' lang='lat' dir='ltr'><strong>ille</strong></span> <span class='ocrx_word' id='word_1_48' title='bbox 693 1056 797 1118; x_wconf 74' lang='lat' dir='ltr'><strong>multis</strong></span> <span class='ocrx_word' id='word_1_49' title='bbox 828 1055 954 1134; x_wconf 81' lang='lat' dir='ltr'><strong>dederit,</strong></span> <span class='ocrx_word' id='word_1_50' title='bbox 988 1057 1080 1118; x_wconf 82' lang='lat' dir='ltr'><strong>etiam</strong></span> <span class='ocrx_word' id='word_1_51' title='bbox 1109 1055 1217 1138; x_wconf 77' lang='lat' dir='ltr'><strong>qrcibuc</strong></span> <span class='ocrx_word' id='word_1_52' title='bbox 1243 1055 1363 1118; x_wconf 78' lang='lat' dir='ltr'><strong>dedisce</strong></span> <span class='ocrx_word' id='word_1_53' title='bbox 1389 1075 1422 1118; x_wconf 81' lang='lat' dir='ltr'><strong>cc</strong></span> <span class='ocrx_word' id='word_1_54' title='bbox 1448 1058 1554 1135; x_wconf 73' lang='lat' dir='ltr'><strong>nescit,</strong></span> <span class='ocrx_word' id='word_1_55' title='bbox 1584 1058 1618 1118; x_wconf 81' lang='lat' dir='ltr'><strong>in</strong></span> 
     </span>
     <span class='ocr_line' id='line_1_7' title="bbox 382 1162 1618 1248; baseline 0.002 -25"><span class='ocrx_word' id='word_1_56' title='bbox 382 1178 442 1241; x_wconf 80' lang='lat' dir='ltr'><strong>qno</strong></span> <span class='ocrx_word' id='word_1_57' title='bbox 474 1168 646 1225; x_wconf 71' lang='lat' dir='ltr'><strong>corr-nortem</strong></span> <span class='ocrx_word' id='word_1_58' title='bbox 677 1162 777 1242; x_wconf 81' lang='lat' dir='ltr'><strong>tebet,</strong></span> <span class='ocrx_word' id='word_1_59' title='bbox 810 1163 844 1226; x_wconf 79' lang='lat' dir='ltr'><strong>io</strong></span> <span class='ocrx_word' id='word_1_60' title='bbox 875 1181 933 1245; x_wconf 82' lang='lat' dir='ltr'><strong>quo</strong></span> <span class='ocrx_word' id='word_1_61' title='bbox 966 1164 1109 1245; x_wconf 67' lang='lat' dir='ltr'><strong>spectavit</strong></span> <span class='ocrx_word' id='word_1_62' title='bbox 1140 1163 1248 1243; x_wconf 67' lang='lat' dir='ltr'><strong>leuem,</strong></span> <span class='ocrx_word' id='word_1_63' title='bbox 1281 1163 1436 1247; x_wconf 61' lang='lat' dir='ltr'><strong>patrium,</strong></span> <span class='ocrx_word' id='word_1_64' title='bbox 1473 1165 1618 1248; x_wconf 80' lang='lat' dir='ltr'><strong>praernia</strong></span> 
     </span>
     <span class='ocr_line' id='line_1_8' title="bbox 378 1269 1616 1355; baseline 0.003 -27"><span class='ocrx_word' id='word_1_65' title='bbox 378 1273 515 1348; x_wconf 70' lang='lat' dir='ltr'><strong>potrum,</strong></span> <span class='ocrx_word' id='word_1_66' title='bbox 543 1269 652 1332; x_wconf 78' lang='lat' dir='ltr'><strong>dornuc</strong></span> <span class='ocrx_word' id='word_1_67' title='bbox 680 1289 717 1332; x_wconf 85' lang='lat' dir='ltr'><strong>uc</strong></span> <span class='ocrx_word' id='word_1_68' title='bbox 737 1269 883 1351; x_wconf 75' lang='lat' dir='ltr'><strong>familiae</strong></span> <span class='ocrx_word' id='word_1_69' title='bbox 906 1271 1149 1352; x_wconf 60' lang='lat' dir='ltr'><strong>perpetuitatem</strong></span> <span class='ocrx_word' id='word_1_70' title='bbox 1180 1271 1283 1334; x_wconf 77' lang='lat' dir='ltr'><strong>ornniu</strong></span> <span class='ocrx_word' id='word_1_71' title='bbox 1301 1271 1409 1355; x_wconf 74' lang='lat' dir='ltr'><strong>potine</strong></span> <span class='ocrx_word' id='word_1_72' title='bbox 1431 1289 1522 1352; x_wconf 82' lang='lat' dir='ltr'><strong>quom</strong></span> <span class='ocrx_word' id='word_1_73' title='bbox 1546 1290 1616 1333; x_wconf 84' lang='lat' dir='ltr'><strong>eum</strong></span> 
     </span>
     <span class='ocr_line' id='line_1_9' title="bbox 382 1373 1615 1460; baseline 0.004 -25"><span class='ocrx_word' id='word_1_74' title='bbox 382 1375 469 1454; x_wconf 78' lang='lat' dir='ltr'><strong>quoi</strong></span> <span class='ocrx_word' id='word_1_75' title='bbox 498 1375 592 1460; x_wconf 82' lang='lat' dir='ltr'><strong>(quod</strong></span> <span class='ocrx_word' id='word_1_76' title='bbox 618 1373 686 1456; x_wconf 84' lang='lat' dir='ltr'><strong>NR,</strong></span> <span class='ocrx_word' id='word_1_77' title='bbox 713 1378 763 1438; x_wconf 73' lang='lat' dir='ltr'><strong>cci</strong></span> <span class='ocrx_word' id='word_1_78' title='bbox 789 1375 873 1441; x_wconf 88' lang='lat' dir='ltr'><strong>Nm.</strong></span> <span class='ocrx_word' id='word_1_79' title='bbox 883 1376 922 1457; x_wconf 85' lang='grc'><strong>3,</strong></span> <span class='ocrx_word' id='word_1_80' title='bbox 949 1394 1013 1439; x_wconf 91' lang='lat' dir='ltr'><strong>non</strong></span> <span class='ocrx_word' id='word_1_81' title='bbox 1037 1395 1077 1440; x_wconf 92' lang='lat' dir='ltr'><strong>m.</strong></span> <span class='ocrx_word' id='word_1_82' title='bbox 1098 1377 1137 1457; x_wconf 82' lang='grc'><strong>2.,</strong></span> <span class='ocrx_word' id='word_1_83' title='bbox 1161 1374 1300 1440; x_wconf 84' lang='lat' dir='ltr'><strong>correxit</strong></span> <span class='ocrx_word' id='word_1_84' title='bbox 1323 1373 1487 1458; x_wconf 82' lang='lat' dir='ltr'><strong>Gertzius)</strong></span> <span class='ocrx_word' id='word_1_85' title='bbox 1511 1377 1615 1441; x_wconf 76' lang='lat' dir='ltr'><strong>dodel.</strong></span> 
     </span>
    </p>

    <p class='ocr_par' dir='ltr' id='par_1_4' title="bbox 326 1498 1618 2116">
     <span class='ocr_line' id='line_1_10' title="bbox 474 1498 1616 1584; baseline 0.002 -23"><span class='ocrx_word' id='word_1_86' title='bbox 474 1498 517 1561; x_wconf 93' lang='lat' dir='ltr'><strong>VI</strong></span> <span class='ocrx_word' id='word_1_87' title='bbox 542 1501 571 1583; x_wconf 87' lang='grc'><strong>8,</strong></span> <span class='ocrx_word' id='word_1_88' title='bbox 598 1502 630 1563; x_wconf 88' lang='lat' dir='ltr'><strong>l:</strong></span> <span class='ocrx_word' id='word_1_89' title='bbox 660 1501 835 1582; x_wconf 76' lang='lat' dir='ltr'><strong>berceficiucn</strong></span> <span class='ocrx_word' id='word_1_90' title='bbox 858 1501 968 1584; x_wconf 68' lang='grc' dir='ltr'><strong>αἰίφιιζς</strong></span> <span class='ocrx_word' id='word_1_91' title='bbox 989 1504 1127 1564; x_wconf 75' lang='lat' dir='ltr'><strong>nesciens</strong></span> <span class='ocrx_word' id='word_1_92' title='bbox 1150 1503 1268 1584; x_wconf 78' lang='lat' dir='ltr'><strong>occipit,</strong></span> <span class='ocrx_word' id='word_1_93' title='bbox 1297 1522 1388 1565; x_wconf 82' lang='lat' dir='ltr'><strong>uem-o</strong></span> <span class='ocrx_word' id='word_1_94' title='bbox 1411 1524 1431 1565; x_wconf 90' lang='grc' dir='ltr'><em>α</em></span> <span class='ocrx_word' id='word_1_95' title='bbox 1453 1503 1616 1564; x_wconf 72' lang='lat' dir='ltr'><strong><em>nesciente.</em></strong></span> 
     </span>
     <span class='ocr_line' id='line_1_11' title="bbox 384 1607 1618 1690; baseline -0.001 -20"><span class='ocrx_word' id='word_1_96' title='bbox 384 1607 533 1687; x_wconf 79' lang='lat' dir='ltr'><strong>quornodo</strong></span> <span class='ocrx_word' id='word_1_97' title='bbox 557 1609 668 1671; x_wconf 79' lang='lat' dir='ltr'><strong>multoe</strong></span> <span class='ocrx_word' id='word_1_98' title='bbox 684 1610 821 1690; x_wconf 82' lang='lat' dir='ltr'><strong>fortuito</strong></span> <span class='ocrx_word' id='word_1_99' title='bbox 843 1615 964 1688; x_wconf 74' lang='lat' dir='ltr'><strong>canant,</strong></span> <span class='ocrx_word' id='word_1_100' title='bbox 995 1629 1049 1672; x_wconf 79' lang='lat' dir='ltr'><strong>nec</strong></span> <span class='ocrx_word' id='word_1_101' title='bbox 1071 1609 1139 1672; x_wconf 84' lang='lat' dir='ltr'><strong>ideo</strong></span> <span class='ocrx_word' id='word_1_102' title='bbox 1162 1609 1298 1672; x_wconf 79' lang='lat' dir='ltr'><strong>remedio</strong></span> <span class='ocrx_word' id='word_1_103' title='bbox 1320 1615 1393 1672; x_wconf 74' lang='lat' dir='ltr'><strong>erint</strong></span> <span class='ocrx_word' id='word_1_104' title='bbox 1415 1645 1459 1652; x_wconf 87' lang='lat'><em>-</em></span> <span class='ocrx_word' id='word_1_105' title='bbox 1482 1607 1560 1682; x_wconf 59' lang='lat' dir='ltr'><strong>etfl)</strong></span> <span class='ocrx_word' id='word_1_106' title='bbox 1585 1611 1618 1670; x_wconf 80' lang='lat' dir='ltr'><strong>io</strong></span> 
     </span>
     <span class='ocr_line' id='line_1_12' title="bbox 376 1714 1618 1802; baseline 0.002 -26"><span class='ocrx_word' id='word_1_107' title='bbox 376 1715 498 1793; x_wconf 80' lang='lat' dir='ltr'><strong>flumen</strong></span> <span class='ocrx_word' id='word_1_108' title='bbox 511 1715 654 1797; x_wconf 78' lang='lat' dir='ltr'><strong>aliquoi</strong></span> <span class='ocrx_word' id='word_1_109' title='bbox 673 1716 789 1802; x_wconf 82' lang='lat' dir='ltr'><strong>(aliquo</strong></span> <span class='ocrx_word' id='word_1_110' title='bbox 802 1715 841 1798; x_wconf 88' lang='lat' dir='ltr'><strong>N,</strong></span> <span class='ocrx_word' id='word_1_111' title='bbox 864 1717 958 1779; x_wconf 73' lang='lat' dir='ltr'><strong>alieri</strong></span> <span class='ocrx_word' id='word_1_112' title='bbox 970 1715 1045 1780; x_wconf 88' lang='lat' dir='ltr'><strong>Nm.</strong></span> <span class='ocrx_word' id='word_1_113' title='bbox 1056 1718 1084 1779; x_wconf 72' lang='lat'><strong>⁸2.</strong></span> <span class='ocrx_word' id='word_1_114' title='bbox 1099 1715 1135 1798; x_wconf 85' lang='lat' dir='ltr'><strong>R,</strong></span> <span class='ocrx_word' id='word_1_115' title='bbox 1151 1715 1290 1796; x_wconf 77' lang='lat' dir='ltr'><strong>correxi3</strong></span> <span class='ocrx_word' id='word_1_116' title='bbox 1306 1714 1427 1780; x_wconf 80' lang='lat' dir='ltr'><strong>Gertzii</strong></span> <span class='ocrx_word' id='word_1_117' title='bbox 1450 1715 1618 1799; x_wconf 78' lang='lat' dir='ltr'><strong>aliquando</strong></span> 
     </span>
     <span class='ocr_line' id='line_1_13' title="bbox 326 1818 1616 1906; baseline 0.002 -23"><span class='ocrx_word' id='word_1_118' title='bbox 326 1839 327 1842; x_wconf 45' lang='lat'>¹</span> <span class='ocrx_word' id='word_1_119' title='bbox 355 1818 458 1884; x_wconf 85' lang='lat' dir='ltr'><strong>&#39;ideo</strong></span> <span class='ocrx_word' id='word_1_120' title='bbox 483 1825 594 1904; x_wconf 84' lang='lat' dir='ltr'><strong>aptum</strong></span> <span class='ocrx_word' id='word_1_121' title='bbox 617 1840 681 1885; x_wconf 89' lang='lat' dir='ltr'><strong>non</strong></span> <span class='ocrx_word' id='word_1_122' title='bbox 705 1827 763 1904; x_wconf 83' lang='lat' dir='ltr'><strong>est,</strong></span> <span class='ocrx_word' id='word_1_123' title='bbox 792 1820 879 1904; x_wconf 87' lang='lat' dir='ltr'><strong>qnod</strong></span> <span class='ocrx_word' id='word_1_124' title='bbox 903 1840 1001 1906; x_wconf 84' lang='lat' dir='ltr'><strong>snpra</strong></span> <span class='ocrx_word' id='word_1_125' title='bbox 1023 1821 1143 1904; x_wconf 82' lang='lat' dir='ltr'><strong>legitur</strong></span> <span class='ocrx_word' id='word_1_126' title='bbox 1164 1823 1284 1903; x_wconf 75' lang='lat' dir='ltr'><strong>multos,</strong></span> <span class='ocrx_word' id='word_1_127' title='bbox 1314 1821 1399 1886; x_wconf 83' lang='lat' dir='ltr'><strong>infra</strong></span> <span class='ocrx_word' id='word_1_128' title='bbox 1421 1823 1616 1905; x_wconf 64' lang='lat' dir='ltr'><strong>commodam</strong></span> 
     </span>
     <span class='ocr_line' id='line_1_14' title="bbox 386 1927 1617 2012; baseline 0.001 -21"><span class='ocrx_word' id='word_1_129' title='bbox 386 1932 418 1991; x_wconf 88' lang='lat' dir='ltr'><strong>et</strong></span> <span class='ocrx_word' id='word_1_130' title='bbox 431 1929 570 2010; x_wconf 74' lang='lat' dir='ltr'><strong>qruidnm)</strong></span> <span class='ocrx_word' id='word_1_131' title='bbox 593 1930 735 1992; x_wconf 73' lang='lat' dir='ltr'><strong>cecidisse</strong></span> <span class='ocrx_word' id='word_1_132' title='bbox 758 1950 852 1994; x_wconf 73' lang='lat' dir='ltr'><strong>cauca</strong></span> <span class='ocrx_word' id='word_1_133' title='bbox 874 1931 1015 1994; x_wconf 71' lang='lat' dir='ltr'><strong>curvitatis</strong></span> <span class='ocrx_word' id='word_1_134' title='bbox 1024 1931 1092 2012; x_wconf 81' lang='lat' dir='ltr'><strong>fuit</strong></span> <span class='ocrx_word' id='word_1_135' title='bbox 1105 1967 1148 1974; x_wconf 96' lang='lat'><strong>—</strong></span> <span class='ocrx_word' id='word_1_136' title='bbox 1162 1929 1311 2012; x_wconf 73' lang='lat' dir='ltr'><strong>qruomodo</strong></span> <span class='ocrx_word' id='word_1_137' title='bbox 1326 1948 1353 1995; x_wconf 88' lang='lat' dir='ltr'><strong>e.</strong></span> <span class='ocrx_word' id='word_1_138' title='bbox 1369 1949 1398 2010; x_wconf 90' lang='lat' dir='ltr'><strong>q.</strong></span> <span class='ocrx_word' id='word_1_139' title='bbox 1415 1948 1438 1994; x_wconf 83' lang='lat' dir='ltr'><strong>e.</strong></span> <span class='ocrx_word' id='word_1_140' title='bbox 1456 1927 1496 1994; x_wconf 91' lang='lat' dir='ltr'><strong>de</strong></span> <span class='ocrx_word' id='word_1_141' title='bbox 1511 1929 1617 1993; x_wconf 79' lang='lat' dir='ltr'><strong>forma</strong></span> 
     </span>
     <span class='ocr_line' id='line_1_15' title="bbox 384 2033 790 2116; baseline 0.007 -19"><span class='ocrx_word' id='word_1_142' title='bbox 384 2033 501 2116; x_wconf 80' lang='lat' dir='ltr'><strong>aliquoi</strong></span> <span class='ocrx_word' id='word_1_143' title='bbox 522 2053 551 2098; x_wconf 95' lang='lat' dir='ltr'><strong>v.</strong></span> <span class='ocrx_word' id='word_1_144' title='bbox 575 2033 698 2100; x_wconf 84' lang='lat' dir='ltr'>Neuius</span> <span class='ocrx_word' id='word_1_145' title='bbox 721 2033 742 2099; x_wconf 92' lang='lat' dir='ltr'><strong>l.</strong></span> <span class='ocrx_word' id='word_1_146' title='bbox 766 2054 790 2100; x_wconf 87' lang='lat' dir='ltr'><strong>s.</strong></span> 
     </span>
    </p>
   </div>
   <div class='ocr_carea' id='block_1_3' title="bbox 383 2266 1618 2515">
    <p class='ocr_par' dir='ltr' id='par_1_5' title="bbox 383 2266 1618 2515">
     <span class='ocr_line' id='line_1_16' title="bbox 383 2266 1616 2336; baseline 0 -17"><span class='ocrx_word' id='word_1_147' title='bbox 383 2273 423 2319; x_wconf 75' lang='lat' dir='ltr'><strong>cci</strong></span> <span class='ocrx_word' id='word_1_148' title='bbox 441 2266 597 2320; x_wconf 74' lang='lat' dir='ltr'><strong>consultura</strong></span> <span class='ocrx_word' id='word_1_149' title='bbox 611 2284 665 2334; x_wconf 76' lang='lat' dir='ltr'><strong>per</strong></span> <span class='ocrx_word' id='word_1_150' title='bbox 683 2268 844 2336; x_wconf 76' lang='lat' dir='ltr'><strong>voluptatem</strong></span> <span class='ocrx_word' id='word_1_151' title='bbox 863 2284 917 2320; x_wconf 86' lang='lat' dir='ltr'><strong>non</strong></span> <span class='ocrx_word' id='word_1_152' title='bbox 936 2266 1120 2321; x_wconf 83' lang='lat' dir='ltr'><strong>neceesarium</strong></span> <span class='ocrx_word' id='word_1_153' title='bbox 1138 2270 1180 2321; x_wconf 82' lang='lat' dir='ltr'><strong>eut</strong></span> <span class='ocrx_word' id='word_1_154' title='bbox 1198 2271 1269 2336; x_wconf 80' lang='lat' dir='ltr'><strong>quod</strong></span> <span class='ocrx_word' id='word_1_155' title='bbox 1293 2285 1355 2322; x_wconf 85' lang='lat' dir='ltr'><strong>cum</strong></span> <span class='ocrx_word' id='word_1_156' title='bbox 1374 2266 1483 2322; x_wconf 84' lang='lat' dir='ltr'><strong>Gertzio</strong></span> <span class='ocrx_word' id='word_1_157' title='bbox 1502 2266 1533 2319; x_wconf 87' lang='lat' dir='ltr'><strong>in</strong></span> <span class='ocrx_word' id='word_1_158' title='bbox 1552 2269 1616 2335; x_wconf 78' lang='lat' dir='ltr'><strong>quoi</strong></span> 
     </span>
     <span class='ocr_line' id='line_1_17' title="bbox 383 2355 1618 2423; baseline 0.001 -17"><span class='ocrx_word' id='word_1_159' title='bbox 383 2358 501 2409; x_wconf 80' lang='lat' dir='ltr'><strong>mutere.</strong></span> <span class='ocrx_word' id='word_1_160' title='bbox 529 2372 618 2423; x_wconf 90' lang='lat' dir='ltr'><strong>neque</strong></span> <span class='ocrx_word' id='word_1_161' title='bbox 637 2356 711 2410; x_wconf 90' lang='lat' dir='ltr'><strong>enim</strong></span> <span class='ocrx_word' id='word_1_162' title='bbox 729 2356 820 2410; x_wconf 81' lang='lat' dir='ltr'><strong>minue</strong></span> <span class='ocrx_word' id='word_1_163' title='bbox 831 2355 981 2412; x_wconf 78' lang='lat' dir='ltr'><strong>verisimile</strong></span> <span class='ocrx_word' id='word_1_164' title='bbox 995 2359 1037 2410; x_wconf 85' lang='lat' dir='ltr'><strong>eet</strong></span> <span class='ocrx_word' id='word_1_165' title='bbox 1051 2357 1123 2410; x_wconf 78' lang='lat' dir='ltr'><strong>hanc</strong></span> <span class='ocrx_word' id='word_1_166' title='bbox 1136 2355 1267 2411; x_wconf 78' lang='lat' dir='ltr'><strong>Senecam</strong></span> <span class='ocrx_word' id='word_1_167' title='bbox 1281 2355 1413 2410; x_wconf 76' lang='lat' dir='ltr'><strong>orationis</strong></span> <span class='ocrx_word' id='word_1_168' title='bbox 1427 2355 1546 2410; x_wconf 79' lang='lat' dir='ltr'><strong>formam</strong></span> <span class='ocrx_word' id='word_1_169' title='bbox 1561 2371 1618 2410; x_wconf 73' lang='lat' dir='ltr'><strong>eme</strong></span> 
     </span>
     <span class='ocr_line' id='line_1_18' title="bbox 384 2443 1618 2515; baseline 0 -18"><span class='ocrx_word' id='word_1_170' title='bbox 384 2443 514 2498; x_wconf 82' lang='lat' dir='ltr'><strong>voluisse:</strong></span> <span class='ocrx_word' id='word_1_171' title='bbox 533 2448 604 2513; x_wconf 77' lang='lat' dir='ltr'><strong>quod</strong></span> <span class='ocrx_word' id='word_1_172' title='bbox 612 2448 737 2514; x_wconf 65' lang='lat' dir='ltr'><strong>primum</strong></span> <span class='ocrx_word' id='word_1_173' title='bbox 751 2473 770 2483; x_wconf 94' lang='lat'>-</span> <span class='ocrx_word' id='word_1_174' title='bbox 780 2475 799 2483; x_wconf 97' lang='lat'><em>-</em></span> <span class='ocrx_word' id='word_1_175' title='bbox 813 2449 855 2500; x_wconf 78' lang='lat' dir='ltr'><strong>cic</strong></span> <span class='ocrx_word' id='word_1_176' title='bbox 869 2455 908 2501; x_wconf 75' lang='lat' dir='ltr'><strong>eci</strong></span> <span class='ocrx_word' id='word_1_177' title='bbox 918 2449 1025 2508; x_wconf 79' lang='lat' dir='ltr'><strong>&lt;ci&gt;</strong></span> <span class='ocrx_word' id='word_1_178' title='bbox 1040 2463 1061 2500; x_wconf 87' lang='lat' dir='ltr'><strong>c.</strong></span> <span class='ocrx_word' id='word_1_179' title='bbox 1080 2445 1124 2500; x_wconf 86' lang='lat' dir='ltr'><strong>vel</strong></span> <span class='ocrx_word' id='word_1_180' title='bbox 1139 2464 1182 2515; x_wconf 75' lang='lat' dir='ltr'><strong>qu.</strong></span> <span class='ocrx_word' id='word_1_181' title='bbox 1194 2465 1225 2515; x_wconf 80' lang='lat' dir='ltr'><strong>p.</strong></span> <span class='ocrx_word' id='word_1_182' title='bbox 1237 2475 1256 2484; x_wconf 94' lang='lat'><em>-</em></span> <span class='ocrx_word' id='word_1_183' title='bbox 1270 2473 1289 2484; x_wconf 89' lang='lat'>-</span> <span class='ocrx_word' id='word_1_184' title='bbox 1304 2449 1412 2510; x_wconf 79' lang='lat' dir='ltr'><strong>&lt;ci&gt;</strong></span> <span class='ocrx_word' id='word_1_185' title='bbox 1424 2449 1466 2500; x_wconf 79' lang='lat' dir='ltr'><strong>cie</strong></span> <span class='ocrx_word' id='word_1_186' title='bbox 1479 2454 1519 2500; x_wconf 79' lang='lat' dir='ltr'><strong>cet</strong></span> <span class='ocrx_word' id='word_1_187' title='bbox 1533 2463 1554 2499; x_wconf 87' lang='lat' dir='ltr'><strong>c.</strong></span> <span class='ocrx_word' id='word_1_188' title='bbox 1585 2443 1618 2496; x_wconf 86' lang='lat' dir='ltr'><strong>de</strong></span> 
     </span>
    </p>
   </div>
   <div class='ocr_carea' id='block_1_4' title="bbox 383 2531 1730 2694">
    <p class='ocr_par' dir='ltr' id='par_1_6' title="bbox 383 2531 1730 2694">
     <span class='ocr_line' id='line_1_19' title="bbox 383 2531 1730 2605; baseline 0.004 -19"><span class='ocrx_word' id='word_1_189' title='bbox 383 2531 480 2588; x_wconf 85' lang='lat' dir='ltr'><strong>eodem</strong></span> <span class='ocrx_word' id='word_1_190' title='bbox 490 2533 549 2588; x_wconf 92' lang='lat' dir='ltr'><strong>loco</strong></span> <span class='ocrx_word' id='word_1_191' title='bbox 558 2537 655 2588; x_wconf 77' lang='lat' dir='ltr'><strong>contre</strong></span> <span class='ocrx_word' id='word_1_192' title='bbox 664 2534 836 2605; x_wconf 81' lang='lat' dir='ltr'><strong>Madvigium</strong></span> <span class='ocrx_word' id='word_1_193' title='bbox 851 2534 997 2590; x_wconf 87' lang='lat' dir='ltr'><strong>dicendum</strong></span> <span class='ocrx_word' id='word_1_194' title='bbox 1012 2539 1054 2590; x_wconf 83' lang='lat' dir='ltr'><strong>eet</strong></span> <span class='ocrx_word' id='word_1_195' title='bbox 1067 2535 1129 2590; x_wconf 85' lang='lat' dir='ltr'><strong>ideo</strong></span> <span class='ocrx_word' id='word_1_196' title='bbox 1147 2535 1177 2588; x_wconf 90' lang='lat' dir='ltr'><strong>in</strong></span> <span class='ocrx_word' id='word_1_197' title='bbox 1195 2535 1342 2590; x_wconf 75' lang='lat' dir='ltr'><strong>enuntiato</strong></span> <span class='ocrx_word' id='word_1_198' title='bbox 1356 2539 1426 2604; x_wconf 78' lang='lat' dir='ltr'><strong>quod</strong></span> <span class='ocrx_word' id='word_1_199' title='bbox 1436 2539 1563 2604; x_wconf 72' lang='lat' dir='ltr'><strong>primm</strong></span> <span class='ocrx_word' id='word_1_200' title='bbox 1574 2563 1592 2573; x_wconf 93' lang='lat'><em>-</em></span> <span class='ocrx_word' id='word_1_201' title='bbox 1601 2562 1616 2570; x_wconf 98' lang='lat'>-</span> <span class='ocrx_word' id='word_1_202' title='bbox 1729 2589 1730 2592; x_wconf 74' lang='grc'><strong>,</strong></span> 
     </span>
     <span class='ocr_line' id='line_1_20' title="bbox 384 2621 1730 2694; baseline 0.004 -20"><span class='ocrx_word' id='word_1_203' title='bbox 384 2624 426 2675; x_wconf 79' lang='lat' dir='ltr'><strong>cic</strong></span> <span class='ocrx_word' id='word_1_204' title='bbox 440 2631 478 2675; x_wconf 77' lang='lat' dir='ltr'><strong>eet</strong></span> <span class='ocrx_word' id='word_1_205' title='bbox 493 2621 603 2676; x_wconf 91' lang='lat' dir='ltr'><strong>modum</strong></span> <span class='ocrx_word' id='word_1_206' title='bbox 617 2623 800 2679; x_wconf 77' lang='lat' dir='ltr'><strong>indicativum</strong></span> <span class='ocrx_word' id='word_1_207' title='bbox 814 2625 935 2694; x_wconf 81' lang='lat' dir='ltr'><strong>positum</strong></span> <span class='ocrx_word' id='word_1_208' title='bbox 950 2641 1014 2688; x_wconf 80' lang='lat' dir='ltr'><strong>esee,</strong></span> <span class='ocrx_word' id='word_1_209' title='bbox 1035 2625 1109 2692; x_wconf 90' lang='lat' dir='ltr'><strong>quod</strong></span> <span class='ocrx_word' id='word_1_210' title='bbox 1122 2641 1155 2679; x_wconf 84' lang='lat' dir='ltr'><strong>eo</strong></span> <span class='ocrx_word' id='word_1_211' title='bbox 1169 2642 1253 2678; x_wconf 76' lang='lat' dir='ltr'><strong>cause</strong></span> <span class='ocrx_word' id='word_1_212' title='bbox 1265 2625 1453 2694; x_wconf 76' lang='lat' dir='ltr'><strong>praecedentis</strong></span> <span class='ocrx_word' id='word_1_213' title='bbox 1467 2623 1616 2686; x_wconf 73' lang='lat' dir='ltr'><strong>enuntiati,</strong></span> <span class='ocrx_word' id='word_1_214' title='bbox 1729 2651 1730 2670; x_wconf 57' lang='grc' dir='ltr'>ι</span> 
     </span>
    </p>
   </div>
   <div class='ocr_carea' id='block_1_5' title="bbox 382 2713 1619 4394">
    <p class='ocr_par' dir='ltr' id='par_1_7' title="bbox 382 2713 1619 4122">
     <span class='ocr_line' id='line_1_21' title="bbox 385 2713 1615 2782; baseline 0.002 -17"><span class='ocrx_word' id='word_1_215' title='bbox 385 2729 434 2765; x_wconf 89' lang='lat' dir='ltr'><strong>our</strong></span> <span class='ocrx_word' id='word_1_216' title='bbox 452 2715 572 2766; x_wconf 70' lang='lat' dir='ltr'><strong>curceium</strong></span> <span class='ocrx_word' id='word_1_217' title='bbox 587 2729 694 2782; x_wconf 72' lang='lat' dir='ltr'><strong>parone</strong></span> <span class='ocrx_word' id='word_1_218' title='bbox 711 2717 748 2768; x_wconf 75' lang='lat' dir='ltr'><strong>cit</strong></span> <span class='ocrx_word' id='word_1_219' title='bbox 769 2742 800 2751; x_wconf 92' lang='lat'><em>-</em></span> <span class='ocrx_word' id='word_1_220' title='bbox 820 2732 886 2768; x_wconf 84' lang='lat' dir='ltr'><strong>nam</strong></span> <span class='ocrx_word' id='word_1_221' title='bbox 904 2718 942 2768; x_wconf 79' lang='lat' dir='ltr'><strong>cit</strong></span> <span class='ocrx_word' id='word_1_222' title='bbox 960 2731 1049 2782; x_wconf 88' lang='lat' dir='ltr'><strong>neque</strong></span> <span class='ocrx_word' id='word_1_223' title='bbox 1066 2713 1113 2768; x_wconf 90' lang='lat' dir='ltr'><strong>hic</strong></span> <span class='ocrx_word' id='word_1_224' title='bbox 1131 2731 1220 2782; x_wconf 87' lang='lat' dir='ltr'><strong>neque</strong></span> <span class='ocrx_word' id='word_1_225' title='bbox 1243 2713 1317 2767; x_wconf 82' lang='lat' dir='ltr'><strong>infra</strong></span> <span class='ocrx_word' id='word_1_226' title='bbox 1339 2713 1504 2768; x_wconf 79' lang='lat' dir='ltr'><strong>mutandum</strong></span> <span class='ocrx_word' id='word_1_227' title='bbox 1523 2717 1566 2768; x_wconf 81' lang='lat' dir='ltr'><strong>eet</strong></span> <span class='ocrx_word' id='word_1_228' title='bbox 1585 2740 1615 2750; x_wconf 95' lang='grc'>-</span> 
     </span>
     <span class='ocr_line' id='line_1_22' title="bbox 384 2797 1619 2872; baseline 0.002 -19"><span class='ocrx_word' id='word_1_229' title='bbox 384 2797 524 2855; x_wconf 76' lang='lat' dir='ltr'><strong>efferetur.</strong></span> <span class='ocrx_word' id='word_1_230' title='bbox 561 2818 611 2856; x_wconf 88' lang='lat' dir='ltr'><strong>nec</strong></span> <span class='ocrx_word' id='word_1_231' title='bbox 635 2803 725 2856; x_wconf 86' lang='lat' dir='ltr'><strong>minue</strong></span> <span class='ocrx_word' id='word_1_232' title='bbox 748 2803 845 2858; x_wconf 82' lang='lat' dir='ltr'><strong>dubito</strong></span> <span class='ocrx_word' id='word_1_233' title='bbox 872 2821 939 2856; x_wconf 89' lang='lat' dir='ltr'><strong>num</strong></span> <span class='ocrx_word' id='word_1_234' title='bbox 963 2803 1002 2856; x_wconf 84' lang='lat' dir='ltr'><strong>IV</strong></span> <span class='ocrx_word' id='word_1_235' title='bbox 1021 2803 1064 2866; x_wconf 84' lang='grc'><strong>37,</strong></span> <span class='ocrx_word' id='word_1_236' title='bbox 1091 2804 1103 2856; x_wconf 89' lang='grc'><strong>1</strong></span> <span class='ocrx_word' id='word_1_237' title='bbox 1130 2805 1203 2857; x_wconf 87' lang='lat' dir='ltr'><strong>recte</strong></span> <span class='ocrx_word' id='word_1_238' title='bbox 1227 2801 1352 2857; x_wconf 82' lang='lat' dir='ltr'><strong>Gertzius</strong></span> <span class='ocrx_word' id='word_1_239' title='bbox 1376 2802 1528 2872; x_wconf 78' lang='lat' dir='ltr'><strong>scripserit:</strong></span> <span class='ocrx_word' id='word_1_240' title='bbox 1556 2804 1619 2872; x_wconf 77' lang='lat' dir='ltr'><strong>quoi</strong></span> 
     </span>
     <span class='ocr_line' id='line_1_23' title="bbox 384 2887 1616 2960; baseline 0 -17"><span class='ocrx_word' id='word_1_241' title='bbox 384 2887 467 2958; x_wconf 82' lang='lat' dir='ltr'><strong>(quod</strong></span> <span class='ocrx_word' id='word_1_242' title='bbox 485 2889 533 2955; x_wconf 84' lang='lat' dir='ltr'><strong>N),</strong></span> <span class='ocrx_word' id='word_1_243' title='bbox 552 2899 582 2943; x_wconf 80' lang='lat' dir='ltr'><strong>ut</strong></span> <span class='ocrx_word' id='word_1_244' title='bbox 596 2895 751 2946; x_wconf 75' lang='lat' dir='ltr'><strong>nuntiatum</strong></span> <span class='ocrx_word' id='word_1_245' title='bbox 764 2900 811 2960; x_wconf 77' lang='lat' dir='ltr'><strong>eei,</strong></span> <span class='ocrx_word' id='word_1_246' title='bbox 830 2895 993 2959; x_wconf 68' lang='lat' dir='ltr'><strong>occucurrit²</strong></span> <span class='ocrx_word' id='word_1_247' title='bbox 1012 2909 1075 2946; x_wconf 90' lang='lat' dir='ltr'><strong>cum</strong></span> <span class='ocrx_word' id='word_1_248' title='bbox 1089 2891 1164 2960; x_wconf 82' lang='lat' dir='ltr'><strong>epud</strong></span> <span class='ocrx_word' id='word_1_249' title='bbox 1177 2891 1307 2946; x_wconf 74' lang='lat' dir='ltr'><strong>Senecam</strong></span> <span class='ocrx_word' id='word_1_250' title='bbox 1322 2891 1453 2945; x_wconf 77' lang='lat' dir='ltr'><strong>omissum</strong></span> <span class='ocrx_word' id='word_1_251' title='bbox 1467 2907 1616 2960; x_wconf 82' lang='lat' dir='ltr'><strong>pronomen</strong></span> 
     </span>
     <span class='ocr_line' id='line_1_24' title="bbox 385 2979 1617 3051; baseline 0 -20"><span class='ocrx_word' id='word_1_252' title='bbox 385 2979 429 3032; x_wconf 77' lang='lat' dir='ltr'><strong>ille</strong></span> <span class='ocrx_word' id='word_1_253' title='bbox 448 2979 492 3033; x_wconf 88' lang='lat' dir='ltr'><strong>vel</strong></span> <span class='ocrx_word' id='word_1_254' title='bbox 510 2981 555 3033; x_wconf 81' lang='lat' dir='ltr'><strong>illi</strong></span> <span class='ocrx_word' id='word_1_255' title='bbox 573 2981 685 3035; x_wconf 72' lang='lat' dir='ltr'><strong>tolerari</strong></span> <span class='ocrx_word' id='word_1_256' title='bbox 703 2981 797 3050; x_wconf 76' lang='lat' dir='ltr'><strong>poscit</strong></span> <span class='ocrx_word' id='word_1_257' title='bbox 830 2985 975 3051; x_wconf 70' lang='lat' dir='ltr'><strong>praetereo</strong></span> <span class='ocrx_word' id='word_1_258' title='bbox 992 2980 1031 3034; x_wconf 86' lang='lat' dir='ltr'><strong>IV</strong></span> <span class='ocrx_word' id='word_1_259' title='bbox 1047 2981 1071 3046; x_wconf 88' lang='grc'><strong>9,</strong></span> <span class='ocrx_word' id='word_1_260' title='bbox 1088 2982 1103 3036; x_wconf 83' lang='lat'>3</span> <span class='ocrx_word' id='word_1_261' title='bbox 1122 2984 1151 3034; x_wconf 91' lang='lat' dir='ltr'><strong>et</strong></span> <span class='ocrx_word' id='word_1_262' title='bbox 1165 2981 1190 3034; x_wconf 86' lang='lat' dir='ltr'>V</span> <span class='ocrx_word' id='word_1_263' title='bbox 1205 2983 1229 3044; x_wconf 83' lang='lat'><strong>5,</strong></span> <span class='ocrx_word' id='word_1_264' title='bbox 1245 2981 1261 3034; x_wconf 86' lang='lat'><strong>3</strong></span> <span class='ocrx_word' id='word_1_265' title='bbox 1281 2983 1346 3050; x_wconf 78' lang='lat' dir='ltr'><strong>quid</strong></span> <span class='ocrx_word' id='word_1_266' title='bbox 1364 2985 1393 3035; x_wconf 87' lang='lat' dir='ltr'><strong>et</strong></span> <span class='ocrx_word' id='word_1_267' title='bbox 1411 2984 1467 3050; x_wconf 80' lang='lat' dir='ltr'><strong>qui,</strong></span> <span class='ocrx_word' id='word_1_268' title='bbox 1486 2979 1561 3048; x_wconf 89' lang='lat' dir='ltr'><strong>quod</strong></span> <span class='ocrx_word' id='word_1_269' title='bbox 1579 2979 1617 3033; x_wconf 90' lang='lat' dir='ltr'><strong>ibi</strong></span> 
     </span>
     <span class='ocr_line' id='line_1_25' title="bbox 386 3066 1617 3139; baseline 0.001 -18"><span class='ocrx_word' id='word_1_270' title='bbox 386 3066 413 3121; x_wconf 84' lang='lat' dir='ltr'>N</span> <span class='ocrx_word' id='word_1_271' title='bbox 431 3085 480 3136; x_wconf 87' lang='lat' dir='ltr'><strong>pro</strong></span> <span class='ocrx_word' id='word_1_272' title='bbox 499 3074 542 3122; x_wconf 84' lang='lat' dir='ltr'><strong>cui</strong></span> <span class='ocrx_word' id='word_1_273' title='bbox 561 3070 653 3135; x_wconf 81' lang='lat' dir='ltr'><strong>hebet,</strong></span> <span class='ocrx_word' id='word_1_274' title='bbox 673 3087 706 3124; x_wconf 85' lang='lat' dir='ltr'><strong>ex</strong></span> <span class='ocrx_word' id='word_1_275' title='bbox 724 3075 789 3138; x_wconf 82' lang='lat' dir='ltr'><strong>quoi</strong></span> <span class='ocrx_word' id='word_1_276' title='bbox 806 3073 899 3124; x_wconf 86' lang='lat' dir='ltr'><strong>ortum</strong></span> <span class='ocrx_word' id='word_1_277' title='bbox 918 3087 974 3124; x_wconf 79' lang='lat' dir='ltr'><strong>esee</strong></span> <span class='ocrx_word' id='word_1_278' title='bbox 993 3069 1135 3139; x_wconf 71' lang='lat' dir='ltr'><strong>probabile</strong></span> <span class='ocrx_word' id='word_1_279' title='bbox 1152 3087 1209 3124; x_wconf 89' lang='lat' dir='ltr'><strong>non</strong></span> <span class='ocrx_word' id='word_1_280' title='bbox 1227 3073 1277 3124; x_wconf 87' lang='lat' dir='ltr'><strong>eet.</strong></span> <span class='ocrx_word' id='word_1_281' title='bbox 1310 3071 1414 3124; x_wconf 88' lang='lat' dir='ltr'><strong>etenim</strong></span> <span class='ocrx_word' id='word_1_282' title='bbox 1433 3070 1617 3138; x_wconf 77' lang='lat' dir='ltr'><strong>inscriptura</strong></span> 
     </span>
     <span class='ocr_line' id='line_1_26' title="bbox 384 3157 1617 3229; baseline -0.001 -17"><span class='ocrx_word' id='word_1_283' title='bbox 384 3157 501 3226; x_wconf 69' lang='lat' dir='ltr'><strong>capitali</strong></span> <span class='ocrx_word' id='word_1_284' title='bbox 512 3187 543 3196; x_wconf 89' lang='lat'><em>-</em></span> <span class='ocrx_word' id='word_1_285' title='bbox 554 3158 584 3212; x_wconf 93' lang='lat' dir='ltr'><strong>id</strong></span> <span class='ocrx_word' id='word_1_286' title='bbox 597 3159 671 3227; x_wconf 90' lang='lat' dir='ltr'><strong>quod</strong></span> <span class='ocrx_word' id='word_1_287' title='bbox 684 3177 738 3214; x_wconf 91' lang='lat' dir='ltr'><strong>non</strong></span> <span class='ocrx_word' id='word_1_288' title='bbox 754 3159 936 3214; x_wconf 77' lang='lat' dir='ltr'><strong>consideravit</strong></span> <span class='ocrx_word' id='word_1_289' title='bbox 950 3159 1116 3229; x_wconf 71' lang='lat' dir='ltr'><strong>Madvigius,</strong></span> <span class='ocrx_word' id='word_1_290' title='bbox 1129 3176 1191 3212; x_wconf 90' lang='lat' dir='ltr'><strong>eum</strong></span> <span class='ocrx_word' id='word_1_291' title='bbox 1205 3159 1239 3213; x_wconf 91' lang='lat' dir='ltr'><strong>de</strong></span> <span class='ocrx_word' id='word_1_292' title='bbox 1253 3160 1304 3213; x_wconf 91' lang='lat' dir='ltr'><strong>hoc</strong></span> <span class='ocrx_word' id='word_1_293' title='bbox 1318 3159 1388 3212; x_wconf 89' lang='lat' dir='ltr'><strong>vitio</strong></span> <span class='ocrx_word' id='word_1_294' title='bbox 1403 3158 1433 3212; x_wconf 93' lang='lat' dir='ltr'><strong>in</strong></span> <span class='ocrx_word' id='word_1_295' title='bbox 1443 3160 1617 3213; x_wconf 78' lang='lat' dir='ltr'><strong>Emendatio·</strong></span> 
     </span>
     <span class='ocr_line' id='line_1_27' title="bbox 385 3246 1616 3318; baseline -0.001 -18"><span class='ocrx_word' id='word_1_296' title='bbox 385 3249 465 3300; x_wconf 70' lang='lat' dir='ltr'><strong>uibus</strong></span> <span class='ocrx_word' id='word_1_297' title='bbox 484 3249 610 3302; x_wconf 73' lang='lat' dir='ltr'><strong>Liuianis</strong></span> <span class='ocrx_word' id='word_1_298' title='bbox 629 3267 655 3318; x_wconf 91' lang='lat' dir='ltr'><strong>p.</strong></span> <span class='ocrx_word' id='word_1_299' title='bbox 670 3251 722 3302; x_wconf 82' lang='lat'><strong>350</strong></span> <span class='ocrx_word' id='word_1_300' title='bbox 741 3248 793 3316; x_wconf 89' lang='lat' dir='ltr'><strong>(ed.</strong></span> <span class='ocrx_word' id='word_1_301' title='bbox 809 3247 855 3314; x_wconf 91' lang='grc' dir='ltr'><strong>Π.)</strong></span> <span class='ocrx_word' id='word_1_302' title='bbox 873 3249 1028 3318; x_wconf 76' lang='lat' dir='ltr'><strong>disputaret</strong></span> <span class='ocrx_word' id='word_1_303' title='bbox 1045 3277 1075 3286; x_wconf 95' lang='lat'>-</span> <span class='ocrx_word' id='word_1_304' title='bbox 1090 3247 1172 3302; x_wconf 83' lang='lat' dir='ltr'><strong>focile</strong></span> <span class='ocrx_word' id='word_1_305' title='bbox 1187 3247 1207 3302; x_wconf 83' lang='lat' dir='ltr'>O</span> <span class='ocrx_word' id='word_1_306' title='bbox 1225 3246 1291 3313; x_wconf 82' lang='lat' dir='ltr'><strong>etQ</strong></span> <span class='ocrx_word' id='word_1_307' title='bbox 1309 3247 1384 3300; x_wconf 88' lang='lat' dir='ltr'><strong>inter</strong></span> <span class='ocrx_word' id='word_1_308' title='bbox 1402 3265 1430 3302; x_wconf 85' lang='lat' dir='ltr'><strong>ee</strong></span> <span class='ocrx_word' id='word_1_309' title='bbox 1448 3247 1616 3301; x_wconf 84' lang='lat' dir='ltr'><strong>confundun-</strong></span> 
     </span>
     <span class='ocr_line' id='line_1_28' title="bbox 385 3337 1617 3406; baseline -0.001 -17"><span class='ocrx_word' id='word_1_310' title='bbox 385 3339 440 3390; x_wconf 84' lang='lat' dir='ltr'><strong>tur.</strong></span> <span class='ocrx_word' id='word_1_311' title='bbox 487 3337 541 3391; x_wconf 87' lang='lat' dir='ltr'><strong>huc</strong></span> <span class='ocrx_word' id='word_1_312' title='bbox 568 3337 674 3392; x_wconf 73' lang='lat' dir='ltr'><strong>accedit</strong></span> <span class='ocrx_word' id='word_1_313' title='bbox 702 3338 774 3406; x_wconf 91' lang='lat' dir='ltr'><strong>quod</strong></span> <span class='ocrx_word' id='word_1_314' title='bbox 801 3339 830 3391; x_wconf 91' lang='lat' dir='ltr'><strong>in</strong></span> <span class='ocrx_word' id='word_1_315' title='bbox 856 3339 959 3392; x_wconf 80' lang='lat' dir='ltr'><strong>soeculi</strong></span> <span class='ocrx_word' id='word_1_316' title='bbox 985 3338 1051 3392; x_wconf 91' lang='lat' dir='ltr'><strong>noni</strong></span> <span class='ocrx_word' id='word_1_317' title='bbox 1079 3337 1234 3406; x_wconf 83' lang='lat' dir='ltr'><strong>decimique</strong></span> <span class='ocrx_word' id='word_1_318' title='bbox 1262 3337 1399 3393; x_wconf 77' lang='lat' dir='ltr'><strong>codicibus</strong></span> <span class='ocrx_word' id='word_1_319' title='bbox 1426 3353 1475 3406; x_wconf 85' lang='lat' dir='ltr'><strong>per</strong></span> <span class='ocrx_word' id='word_1_320' title='bbox 1502 3353 1617 3390; x_wconf 87' lang='lat' dir='ltr'><strong>errorem</strong></span> 
     </span>
     <span class='ocr_line' id='line_1_29' title="bbox 385 3424 1617 3502; baseline -0.001 -24"><span class='ocrx_word' id='word_1_321' title='bbox 385 3443 440 3479; x_wconf 89' lang='lat' dir='ltr'><strong>non</strong></span> <span class='ocrx_word' id='word_1_322' title='bbox 459 3425 547 3480; x_wconf 72' lang='lat' dir='ltr'><strong>retius</strong></span> <span class='ocrx_word' id='word_1_323' title='bbox 567 3444 602 3494; x_wconf 81' lang='lat' dir='ltr'><strong>qu</strong></span> <span class='ocrx_word' id='word_1_324' title='bbox 621 3430 649 3481; x_wconf 89' lang='lat' dir='ltr'><strong>et</strong></span> <span class='ocrx_word' id='word_1_325' title='bbox 667 3445 684 3496; x_wconf 78' lang='lat' dir='ltr'><em>q</em></span> <span class='ocrx_word' id='word_1_326' title='bbox 702 3444 751 3496; x_wconf 87' lang='lat' dir='ltr'><strong>pro</strong></span> <span class='ocrx_word' id='word_1_327' title='bbox 770 3445 784 3480; x_wconf 82' lang='lat' dir='ltr'><strong>c</strong></span> <span class='ocrx_word' id='word_1_328' title='bbox 802 3445 886 3495; x_wconf 82' lang='lat' dir='ltr'><strong>quem</strong></span> <span class='ocrx_word' id='word_1_329' title='bbox 905 3446 918 3481; x_wconf 90' lang='lat' dir='ltr'><strong>c</strong></span> <span class='ocrx_word' id='word_1_330' title='bbox 936 3445 985 3497; x_wconf 85' lang='lat' dir='ltr'><strong>pro</strong></span> <span class='ocrx_word' id='word_1_331' title='bbox 1004 3445 1040 3496; x_wconf 79' lang='lat' dir='ltr'><strong>qu</strong></span> <span class='ocrx_word' id='word_1_332' title='bbox 1059 3430 1119 3502; x_wconf 84' lang='lat' dir='ltr'><strong>etq</strong></span> <span class='ocrx_word' id='word_1_333' title='bbox 1137 3426 1250 3496; x_wconf 87' lang='lat' dir='ltr'><strong>ponitur</strong></span> <span class='ocrx_word' id='word_1_334' title='bbox 1269 3427 1303 3490; x_wconf 86' lang='lat' dir='ltr'><strong>(v.</strong></span> <span class='ocrx_word' id='word_1_335' title='bbox 1320 3424 1467 3480; x_wconf 78' lang='lat' dir='ltr'><strong>Chatelain</strong></span> <span class='ocrx_word' id='word_1_336' title='bbox 1483 3427 1572 3480; x_wconf 73' lang='lat' dir='ltr'><strong>Reum</strong></span> <span class='ocrx_word' id='word_1_337' title='bbox 1587 3427 1617 3477; x_wconf 80' lang='lat' dir='ltr'><strong>dc</strong></span> 
     </span>
     <span class='ocr_line' id='line_1_30' title="bbox 382 3515 1614 3585; baseline -0.002 -17"><span class='ocrx_word' id='word_1_338' title='bbox 382 3517 532 3584; x_wconf 70' lang='lat' dir='ltr'><strong>philoloqic</strong></span> <span class='ocrx_word' id='word_1_339' title='bbox 551 3516 620 3570; x_wconf 75' lang='lat'>1877</span> <span class='ocrx_word' id='word_1_340' title='bbox 643 3534 669 3584; x_wconf 90' lang='lat' dir='ltr'><strong>p.</strong></span> <span class='ocrx_word' id='word_1_341' title='bbox 692 3517 760 3582; x_wconf 79' lang='lat'><strong>159).</strong></span> <span class='ocrx_word' id='word_1_342' title='bbox 797 3517 893 3584; x_wconf 76' lang='lat' dir='ltr'><strong>itaque</strong></span> <span class='ocrx_word' id='word_1_343' title='bbox 916 3517 959 3570; x_wconf 85' lang='lat' dir='ltr'><strong>hie</strong></span> <span class='ocrx_word' id='word_1_344' title='bbox 983 3533 1092 3585; x_wconf 89' lang='lat' dir='ltr'><strong>quoque</strong></span> <span class='ocrx_word' id='word_1_345' title='bbox 1110 3515 1176 3571; x_wconf 82' lang='lat' dir='ltr'><strong>locis</strong></span> <span class='ocrx_word' id='word_1_346' title='bbox 1195 3517 1314 3584; x_wconf 75' lang='lat' dir='ltr'><strong>aliisque</strong></span> <span class='ocrx_word' id='word_1_347' title='bbox 1332 3515 1433 3569; x_wconf 80' lang='lat' dir='ltr'><strong>formae</strong></span> <span class='ocrx_word' id='word_1_348' title='bbox 1452 3515 1614 3570; x_wconf 76' lang='lat' dir='ltr'><strong>vetustiores</strong></span> 
     </span>
     <span class='ocr_line' id='line_1_31' title="bbox 386 3602 1616 3675; baseline -0.001 -17"><span class='ocrx_word' id='word_1_349' title='bbox 386 3604 531 3659; x_wconf 77' lang='lat' dir='ltr'><strong>restituere</strong></span> <span class='ocrx_word' id='word_1_350' title='bbox 549 3605 596 3658; x_wconf 88' lang='lat' dir='ltr'><strong>vix</strong></span> <span class='ocrx_word' id='word_1_351' title='bbox 619 3605 696 3660; x_wconf 90' lang='lat' dir='ltr'><strong>licet:</strong></span> <span class='ocrx_word' id='word_1_352' title='bbox 726 3605 759 3659; x_wconf 88' lang='lat' dir='ltr'><strong>dc</strong></span> <span class='ocrx_word' id='word_1_353' title='bbox 781 3605 824 3659; x_wconf 79' lang='lat' dir='ltr'><strong>ire</strong></span> <span class='ocrx_word' id='word_1_354' title='bbox 847 3606 948 3669; x_wconf 78' lang='grc'><strong>11119,</strong></span> <span class='ocrx_word' id='word_1_355' title='bbox 970 3609 998 3660; x_wconf 91' lang='lat' dir='ltr'><strong>l:</strong></span> <span class='ocrx_word' id='word_1_356' title='bbox 1027 3623 1191 3675; x_wconf 78' lang='lat' dir='ltr'><strong>quamquam</strong></span> <span class='ocrx_word' id='word_1_357' title='bbox 1210 3607 1337 3659; x_wconf 78' lang='lat' dir='ltr'><strong>atcrrare</strong></span> <span class='ocrx_word' id='word_1_358' title='bbox 1360 3607 1446 3659; x_wconf 77' lang='lat' dir='ltr'><strong>alicui</strong></span> <span class='ocrx_word' id='word_1_359' title='bbox 1469 3602 1616 3672; x_wconf 77' lang='lat' dir='ltr'><strong>(aliquid,</strong></span> 
     </span>
     <span class='ocr_line' id='line_1_32' title="bbox 386 3693 1613 3764; baseline -0.002 -16"><span class='ocrx_word' id='word_1_360' title='bbox 386 3697 491 3762; x_wconf 78' lang='lat' dir='ltr'><strong>aliquoi</strong></span> <span class='ocrx_word' id='word_1_361' title='bbox 509 3693 645 3760; x_wconf 81' lang='lat' dir='ltr'><strong>Gertziue)</strong></span> <span class='ocrx_word' id='word_1_362' title='bbox 662 3699 799 3763; x_wconf 80' lang='lat' dir='ltr'><strong>possimus</strong></span> <span class='ocrx_word' id='word_1_363' title='bbox 818 3698 918 3761; x_wconf 78' lang='lat' dir='ltr'><strong>uideri3</strong></span> <span class='ocrx_word' id='word_1_364' title='bbox 943 3696 976 3750; x_wconf 89' lang='lat' dir='ltr'><strong>de</strong></span> <span class='ocrx_word' id='word_1_365' title='bbox 994 3697 1052 3750; x_wconf 91' lang='lat' dir='ltr'><strong>otio</strong></span> <span class='ocrx_word' id='word_1_366' title='bbox 1071 3698 1095 3760; x_wconf 87' lang='grc'><strong>5,</strong></span> <span class='ocrx_word' id='word_1_367' title='bbox 1119 3697 1144 3748; x_wconf 91' lang='lat' dir='ltr'><strong>l:</strong></span> <span class='ocrx_word' id='word_1_368' title='bbox 1164 3699 1230 3764; x_wconf 80' lang='lat' dir='ltr'><strong>quid</strong></span> <span class='ocrx_word' id='word_1_369' title='bbox 1249 3694 1298 3759; x_wconf 83' lang='lat' dir='ltr'><strong>(sic</strong></span> <span class='ocrx_word' id='word_1_370' title='bbox 1317 3696 1349 3759; x_wconf 83' lang='lat' dir='ltr'><strong>A,</strong></span> <span class='ocrx_word' id='word_1_371' title='bbox 1368 3698 1432 3764; x_wconf 83' lang='lat' dir='ltr'><strong>quoi</strong></span> <span class='ocrx_word' id='word_1_372' title='bbox 1450 3693 1613 3763; x_wconf 75' lang='lat' dir='ltr'><strong>Madvigius,</strong></span> 
     </span>
     <span class='ocr_line' id='line_1_33' title="bbox 388 3782 1614 3854; baseline -0.002 -18"><span class='ocrx_word' id='word_1_373' title='bbox 388 3782 461 3850; x_wconf 89' lang='lat' dir='ltr'><strong>quod</strong></span> <span class='ocrx_word' id='word_1_374' title='bbox 474 3783 534 3837; x_wconf 90' lang='lat' dir='ltr'><strong>iure</strong></span> <span class='ocrx_word' id='word_1_375' title='bbox 547 3782 735 3852; x_wconf 77' lang='lat' dir='ltr'><strong>improbatum</strong></span> <span class='ocrx_word' id='word_1_376' title='bbox 750 3787 791 3838; x_wconf 86' lang='lat' dir='ltr'><strong>eet</strong></span> <span class='ocrx_word' id='word_1_377' title='bbox 806 3785 955 3850; x_wconf 78' lang='lat' dir='ltr'><strong>eGertzio)</strong></span> <span class='ocrx_word' id='word_1_378' title='bbox 965 3788 1074 3854; x_wconf 72' lang='lat' dir='ltr'><strong>porro?</strong></span> <span class='ocrx_word' id='word_1_379' title='bbox 1089 3787 1138 3840; x_wconf 78' lang='lat' dir='ltr'><strong>hcc</strong></span> <span class='ocrx_word' id='word_1_380' title='bbox 1151 3803 1205 3839; x_wconf 81' lang='lat' dir='ltr'><strong>non</strong></span> <span class='ocrx_word' id='word_1_381' title='bbox 1218 3789 1272 3838; x_wconf 76' lang='lat' dir='ltr'><strong>erit</strong></span> <span class='ocrx_word' id='word_1_382' title='bbox 1282 3787 1439 3852; x_wconf 65' lang='lat' dir='ltr'><strong>probatum</strong></span> <span class='ocrx_word' id='word_1_383' title='bbox 1459 3784 1493 3838; x_wconf 88' lang='lat' dir='ltr'><strong>de</strong></span> <span class='ocrx_word' id='word_1_384' title='bbox 1506 3785 1614 3849; x_wconf 74' lang='lat' dir='ltr'><strong>tranqu.</strong></span> 
     </span>
     <span class='ocr_line' id='line_1_34' title="bbox 387 3870 1613 3942; baseline -0.002 -17"><span class='ocrx_word' id='word_1_385' title='bbox 387 3889 432 3925; x_wconf 81' lang='lat' dir='ltr'><strong>en.</strong></span> <span class='ocrx_word' id='word_1_386' title='bbox 448 3872 472 3936; x_wconf 88' lang='grc'><strong>8,</strong></span> <span class='ocrx_word' id='word_1_387' title='bbox 489 3873 518 3925; x_wconf 88' lang='lat'><strong>8:</strong></span> <span class='ocrx_word' id='word_1_388' title='bbox 538 3875 598 3926; x_wconf 78' lang='lat' dir='ltr'><strong>nisi</strong></span> <span class='ocrx_word' id='word_1_389' title='bbox 613 3877 657 3925; x_wconf 82' lang='lat' dir='ltr'><strong>cui</strong></span> <span class='ocrx_word' id='word_1_390' title='bbox 676 3876 755 3940; x_wconf 78' lang='lat' dir='ltr'><strong>(quid</strong></span> <span class='ocrx_word' id='word_1_391' title='bbox 773 3875 805 3937; x_wconf 87' lang='lat' dir='ltr'><strong>A,</strong></span> <span class='ocrx_word' id='word_1_392' title='bbox 826 3877 890 3942; x_wconf 83' lang='lat' dir='ltr'><strong>quoi</strong></span> <span class='ocrx_word' id='word_1_393' title='bbox 907 3873 1038 3942; x_wconf 81' lang='lat' dir='ltr'><strong>Kochiue)</strong></span> <span class='ocrx_word' id='word_1_394' title='bbox 1057 3875 1188 3939; x_wconf 75' lang='lat' dir='ltr'><strong>facillime</strong></span> <span class='ocrx_word' id='word_1_395' title='bbox 1206 3881 1295 3942; x_wconf 64' lang='lat' dir='ltr'><strong>necat,</strong></span> <span class='ocrx_word' id='word_1_396' title='bbox 1314 3875 1379 3937; x_wconf 59' lang='lat' dir='ltr'><strong>cibe</strong></span> <span class='ocrx_word' id='word_1_397' title='bbox 1399 3873 1432 3926; x_wconf 88' lang='lat' dir='ltr'><strong>de</strong></span> <span class='ocrx_word' id='word_1_398' title='bbox 1450 3873 1548 3926; x_wconf 78' lang='lat' dir='ltr'><strong>brevit.</strong></span> <span class='ocrx_word' id='word_1_399' title='bbox 1567 3870 1613 3923; x_wconf 90' lang='lat' dir='ltr'><strong>vit.</strong></span> 
     </span>
     <span class='ocr_line' id='line_1_35' title="bbox 387 3961 1613 4033; baseline -0.002 -19"><span class='ocrx_word' id='word_1_400' title='bbox 387 3961 411 4022; x_wconf 85' lang='lat'><strong>2,</strong></span> <span class='ocrx_word' id='word_1_401' title='bbox 437 3965 465 4015; x_wconf 82' lang='lat'><strong>5:</strong></span> <span class='ocrx_word' id='word_1_402' title='bbox 492 3963 563 4029; x_wconf 84' lang='lat' dir='ltr'><strong>quod</strong></span> <span class='ocrx_word' id='word_1_403' title='bbox 585 3965 640 4016; x_wconf 79' lang='lat' dir='ltr'><strong>ieta</strong></span> <span class='ocrx_word' id='word_1_404' title='bbox 667 3965 760 4028; x_wconf 73' lang='lat' dir='ltr'><strong>officio</strong></span> <span class='ocrx_word' id='word_1_405' title='bbox 788 3967 913 4032; x_wconf 76' lang='lat' dir='ltr'><strong>cuiquam</strong></span> <span class='ocrx_word' id='word_1_406' title='bbox 936 3963 1078 4032; x_wconf 75' lang='lat' dir='ltr'><strong>[quiquam</strong></span> <span class='ocrx_word' id='word_1_407' title='bbox 1101 3965 1133 4024; x_wconf 79' lang='lat' dir='ltr'><strong>A.</strong></span> <span class='ocrx_word' id='word_1_408' title='bbox 1157 3966 1302 4033; x_wconf 79' lang='lat' dir='ltr'><strong>quoiquam</strong></span> <span class='ocrx_word' id='word_1_409' title='bbox 1326 3962 1463 4028; x_wconf 79' lang='lat' dir='ltr'><strong>Gertziue)</strong></span> <span class='ocrx_word' id='word_1_410' title='bbox 1486 3965 1613 4029; x_wconf 59' lang='lat' dir='ltr'><strong>imputem</strong></span> 
     </span>
     <span class='ocr_line' id='line_1_36' title="bbox 385 4049 1520 4122; baseline 0 -18"><span class='ocrx_word' id='word_1_411' title='bbox 385 4050 466 4119; x_wconf 81' lang='lat' dir='ltr'><strong>epist.</strong></span> <span class='ocrx_word' id='word_1_412' title='bbox 486 4049 581 4104; x_wconf 79' lang='lat' dir='ltr'><strong>moral.</strong></span> <span class='ocrx_word' id='word_1_413' title='bbox 601 4051 694 4105; x_wconf 89' lang='lat' dir='ltr'>XVIII</span> <span class='ocrx_word' id='word_1_414' title='bbox 716 4053 737 4116; x_wconf 91' lang='lat' dir='ltr'><strong>l,</strong></span> <span class='ocrx_word' id='word_1_415' title='bbox 758 4054 787 4105; x_wconf 74' lang='lat'><strong>4:</strong></span> <span class='ocrx_word' id='word_1_416' title='bbox 811 4057 928 4107; x_wconf 74' lang='lat' dir='ltr'><strong>siccius</strong></span> <span class='ocrx_word' id='word_1_417' title='bbox 946 4055 1030 4106; x_wconf 82' lang='lat' dir='ltr'><strong>alicui</strong></span> <span class='ocrx_word' id='word_1_418' title='bbox 1049 4051 1167 4122; x_wconf 80' lang='lat' dir='ltr'><strong>(aliquid</strong></span> <span class='ocrx_word' id='word_1_419' title='bbox 1186 4053 1218 4116; x_wconf 91' lang='lat' dir='ltr'><strong>B)</strong></span> <span class='ocrx_word' id='word_1_420' title='bbox 1238 4061 1346 4106; x_wconf 74' lang='lat' dir='ltr'><strong>tucrum</strong></span> <span class='ocrx_word' id='word_1_421' title='bbox 1364 4069 1420 4105; x_wconf 79' lang='lat' dir='ltr'><strong>cecc</strong></span> <span class='ocrx_word' id='word_1_422' title='bbox 1438 4053 1520 4105; x_wconf 79' lang='lat' dir='ltr'><strong>dulce.</strong></span> 
     </span>
    </p>

    <p class='ocr_par' dir='ltr' id='par_1_8' title="bbox 384 4155 1613 4394">
     <span class='ocr_line' id='line_1_37' title="bbox 478 4155 1612 4228; baseline -0.003 -16"><span class='ocrx_word' id='word_1_423' title='bbox 478 4155 512 4224; x_wconf 78' lang='lat'><strong>¹²)</strong></span> <span class='ocrx_word' id='word_1_424' title='bbox 531 4158 634 4212; x_wconf 89' lang='lat' dir='ltr'><strong>retinui</strong></span> <span class='ocrx_word' id='word_1_425' title='bbox 652 4167 685 4226; x_wconf 76' lang='lat' dir='ltr'><strong>et,</strong></span> <span class='ocrx_word' id='word_1_426' title='bbox 704 4159 778 4227; x_wconf 89' lang='lat' dir='ltr'><strong>quod</strong></span> <span class='ocrx_word' id='word_1_427' title='bbox 796 4159 921 4215; x_wconf 72' lang='lat' dir='ltr'><strong>Gerizim</strong></span> <span class='ocrx_word' id='word_1_428' title='bbox 939 4159 1094 4228; x_wconf 84' lang='lat' dir='ltr'><strong>Siebyeium</strong></span> <span class='ocrx_word' id='word_1_429' title='bbox 1113 4163 1222 4214; x_wconf 78' lang='lat' dir='ltr'><strong>secutus</strong></span> <span class='ocrx_word' id='word_1_430' title='bbox 1241 4159 1270 4212; x_wconf 89' lang='lat' dir='ltr'><strong>in</strong></span> <span class='ocrx_word' id='word_1_431' title='bbox 1288 4169 1318 4212; x_wconf 76' lang='lat' dir='ltr'><strong>uc</strong></span> <span class='ocrx_word' id='word_1_432' title='bbox 1336 4158 1466 4212; x_wconf 71' lang='lat' dir='ltr'><strong>mutavit.</strong></span> <span class='ocrx_word' id='word_1_433' title='bbox 1507 4156 1612 4211; x_wconf 81' lang='lat' dir='ltr'><strong>videtur</strong></span> 
     </span>
     <span class='ocr_line' id='line_1_38' title="bbox 384 4247 1613 4319; baseline -0.004 -17"><span class='ocrx_word' id='word_1_434' title='bbox 384 4247 469 4313; x_wconf 87' lang='lat' dir='ltr'><strong>enim,</strong></span> <span class='ocrx_word' id='word_1_435' title='bbox 488 4248 610 4318; x_wconf 17' lang='lat' dir='ltr'><strong>idlquod</strong></span> <span class='ocrx_word' id='word_1_436' title='bbox 627 4249 786 4319; x_wconf 77' lang='lat' dir='ltr'><strong>saepiceime</strong></span> <span class='ocrx_word' id='word_1_437' title='bbox 804 4249 878 4319; x_wconf 77' lang='lat' dir='ltr'><strong>apud</strong></span> <span class='ocrx_word' id='word_1_438' title='bbox 896 4250 1028 4304; x_wconf 72' lang='lat' dir='ltr'><strong>Senecam</strong></span> <span class='ocrx_word' id='word_1_439' title='bbox 1046 4267 1097 4304; x_wconf 80' lang='lat' dir='ltr'><strong>usu</strong></span> <span class='ocrx_word' id='word_1_440' title='bbox 1115 4249 1201 4312; x_wconf 83' lang='lat' dir='ltr'><strong>venit,</strong></span> <span class='ocrx_word' id='word_1_441' title='bbox 1225 4249 1340 4304; x_wconf 73' lang='lat' dir='ltr'><strong>eandem</strong></span> <span class='ocrx_word' id='word_1_442' title='bbox 1358 4247 1416 4302; x_wconf 88' lang='lat' dir='ltr'><strong>vim</strong></span> <span class='ocrx_word' id='word_1_443' title='bbox 1435 4251 1520 4316; x_wconf 76' lang='lat' dir='ltr'><strong>atque</strong></span> <span class='ocrx_word' id='word_1_444' title='bbox 1538 4248 1613 4300; x_wconf 62' lang='lat' dir='ltr'><strong>mm</strong></span> 
     </span>
     <span class='ocr_line' id='line_1_39' title="bbox 388 4335 1613 4394; baseline -0.003 -3"><span class='ocrx_word' id='word_1_445' title='bbox 388 4338 494 4392; x_wconf 77' lang='lat' dir='ltr'><strong>hebere.</strong></span> <span class='ocrx_word' id='word_1_446' title='bbox 532 4339 647 4394; x_wconf 73' lang='lat' dir='ltr'><strong>fortasse</strong></span> <span class='ocrx_word' id='word_1_447' title='bbox 674 4343 770 4394; x_wconf 79' lang='lat' dir='ltr'><strong>temen</strong></span> <span class='ocrx_word' id='word_1_448' title='bbox 797 4339 1006 4394; x_wconf 75' lang='lat' dir='ltr'><strong>enuntiatorum</strong></span> <span class='ocrx_word' id='word_1_449' title='bbox 1033 4338 1098 4393; x_wconf 90' lang='lat' dir='ltr'><strong>ordo</strong></span> <span class='ocrx_word' id='word_1_450' title='bbox 1122 4339 1251 4392; x_wconf 74' lang='lat' dir='ltr'><strong>turbatus</strong></span> <span class='ocrx_word' id='word_1_451' title='bbox 1275 4341 1317 4392; x_wconf 85' lang='lat' dir='ltr'><strong>eet</strong></span> <span class='ocrx_word' id='word_1_452' title='bbox 1340 4341 1369 4392; x_wconf 86' lang='lat' dir='ltr'><strong>et</strong></span> <span class='ocrx_word' id='word_1_453' title='bbox 1393 4335 1432 4391; x_wconf 78' lang='lat' dir='ltr'><strong>cic</strong></span> <span class='ocrx_word' id='word_1_454' title='bbox 1451 4339 1527 4390; x_wconf 78' lang='lat' dir='ltr'><strong>totns</strong></span> <span class='ocrx_word' id='word_1_455' title='bbox 1545 4335 1613 4389; x_wconf 79' lang='lat' dir='ltr'><strong>locus</strong></span> 
     </span>
    </p>
   </div>
   <div class='ocr_carea' id='block_1_6' title="bbox 384 4423 1614 4589">
    <p class='ocr_par' dir='ltr' id='par_1_9' title="bbox 384 4423 1614 4589">
     <span class='ocr_line' id='line_1_40' title="bbox 386 4423 1614 4500; baseline -0.005 -16"><span class='ocrx_word' id='word_1_456' title='bbox 386 4429 573 4498; x_wconf 79' lang='lat' dir='ltr'><strong>refingendus:</strong></span> <span class='ocrx_word' id='word_1_457' title='bbox 595 4432 722 4500; x_wconf 77' lang='lat' dir='ltr'><strong>quomode</strong></span> <span class='ocrx_word' id='word_1_458' title='bbox 741 4431 838 4484; x_wconf 74' lang='lat' dir='ltr'><strong>multoc</strong></span> <span class='ocrx_word' id='word_1_459' title='bbox 856 4430 973 4494; x_wconf 71' lang='lat' dir='ltr'><strong>fortuita</strong></span> <span class='ocrx_word' id='word_1_460' title='bbox 991 4437 1092 4483; x_wconf 75' lang='lat' dir='ltr'><strong>canunt</strong></span> <span class='ocrx_word' id='word_1_461' title='bbox 1110 4446 1156 4482; x_wconf 76' lang='lat' dir='ltr'><strong>noc</strong></span> <span class='ocrx_word' id='word_1_462' title='bbox 1173 4429 1233 4482; x_wconf 83' lang='lat' dir='ltr'><strong>ideo</strong></span> <span class='ocrx_word' id='word_1_463' title='bbox 1255 4430 1374 4480; x_wconf 75' lang='lat' dir='ltr'><strong>reuwdia</strong></span> <span class='ocrx_word' id='word_1_464' title='bbox 1397 4433 1469 4492; x_wconf 76' lang='lat' dir='ltr'><strong>eunt,</strong></span> <span class='ocrx_word' id='word_1_465' title='bbox 1492 4423 1614 4494; x_wconf 75' lang='lat' dir='ltr'><strong>quomodo</strong></span> 
     </span>
     <span class='ocr_line' id='line_1_41' title="bbox 384 4517 1612 4589; baseline -0.003 -17"><span class='ocrx_word' id='word_1_466' title='bbox 384 4523 557 4589; x_wconf 78' lang='lat' dir='ltr'><strong>quorundam</strong></span> <span class='ocrx_word' id='word_1_467' title='bbox 575 4521 694 4588; x_wconf 63' lang='lat' dir='ltr'><strong>flaccidis</strong></span> <span class='ocrx_word' id='word_1_468' title='bbox 711 4529 850 4588; x_wconf 67' lang='lat' dir='ltr'><strong>quantum</strong></span> <span class='ocrx_word' id='word_1_469' title='bbox 869 4521 993 4572; x_wconf 66' lang='lat' dir='ltr'><strong>diemo</strong></span> <span class='ocrx_word' id='word_1_470' title='bbox 1011 4526 1049 4572; x_wconf 76' lang='lat' dir='ltr'><strong>ret</strong></span> <span class='ocrx_word' id='word_1_471' title='bbox 1067 4527 1093 4572; x_wconf 81' lang='lat' dir='ltr'><strong>ct</strong></span> <span class='ocrx_word' id='word_1_472' title='bbox 1108 4521 1138 4571; x_wconf 85' lang='lat' dir='ltr'><strong>iu</strong></span> <span class='ocrx_word' id='word_1_473' title='bbox 1152 4520 1264 4584; x_wconf 79' lang='lat' dir='ltr'><strong>fluvium</strong></span> <span class='ocrx_word' id='word_1_474' title='bbox 1278 4519 1363 4570; x_wconf 83' lang='lat' dir='ltr'><strong>alicui</strong></span> <span class='ocrx_word' id='word_1_475' title='bbox 1376 4517 1501 4570; x_wconf 69' lang='lat' dir='ltr'><strong>cecidisse</strong></span> <span class='ocrx_word' id='word_1_476' title='bbox 1515 4518 1612 4582; x_wconf 65' lang='lat' dir='ltr'><strong>frium</strong></span> 
     </span>
    </p>
   </div>
   <div class='ocr_carea' id='block_1_7' title="bbox 387 4607 1728 4679">
    <p class='ocr_par' dir='ltr' id='par_1_10' title="bbox 387 4607 1728 4679">
     <span class='ocr_line' id='line_1_42' title="bbox 387 4607 1728 4679; baseline -0.005 -16"><span class='ocrx_word' id='word_1_477' title='bbox 387 4627 486 4679; x_wconf 64' lang='lat' dir='ltr'><strong>macno</strong></span> <span class='ocrx_word' id='word_1_478' title='bbox 513 4627 596 4664; x_wconf 78' lang='lat' dir='ltr'><strong>cauea</strong></span> <span class='ocrx_word' id='word_1_479' title='bbox 624 4612 756 4664; x_wconf 63' lang='lat' dir='ltr'><strong>canuno</strong></span> <span class='ocrx_word' id='word_1_480' title='bbox 782 4610 838 4674; x_wconf 71' lang='lat' dir='ltr'><strong>fuit</strong></span> <span class='ocrx_word' id='word_1_481' title='bbox 866 4617 890 4662; x_wconf 80' lang='lat' dir='ltr'><strong>ct</strong></span> <span class='ocrx_word' id='word_1_482' title='bbox 917 4616 1002 4662; x_wconf 73' lang='lat' dir='ltr'><strong>metuo</strong></span> <span class='ocrx_word' id='word_1_483' title='bbox 1023 4610 1182 4676; x_wconf 75' lang='lat' dir='ltr'><strong>repentinus</strong></span> <span class='ocrx_word' id='word_1_484' title='bbox 1209 4609 1332 4660; x_wconf 80' lang='lat' dir='ltr'><strong>animum</strong></span> <span class='ocrx_word' id='word_1_485' title='bbox 1359 4609 1388 4659; x_wconf 83' lang='lat' dir='ltr'><strong>in</strong></span> <span class='ocrx_word' id='word_1_486' title='bbox 1417 4607 1502 4659; x_wconf 79' lang='lat' dir='ltr'><strong>aliam</strong></span> <span class='ocrx_word' id='word_1_487' title='bbox 1524 4615 1611 4658; x_wconf 75' lang='lat' dir='ltr'><strong>curum</strong></span> <span class='ocrx_word' id='word_1_488' title='bbox 1727 4653 1728 4656; x_wconf 76' lang='grc'><strong>,</strong></span> 
     </span>
    </p>
   </div>
   <div class='ocr_carea' id='block_1_8' title="bbox 383 4699 1038 4767">
    <p class='ocr_par' dir='ltr' id='par_1_11' title="bbox 383 4699 1038 4767">
     <span class='ocr_line' id='line_1_43' title="bbox 383 4699 1038 4767; baseline -0.009 -12"><span class='ocrx_word' id='word_1_489' title='bbox 383 4701 530 4755; x_wconf 68' lang='lat' dir='ltr'><strong>eumancio</strong></span> <span class='ocrx_word' id='word_1_490' title='bbox 548 4709 687 4767; x_wconf 77' lang='lat' dir='ltr'><strong>cucpcctoc</strong></span> <span class='ocrx_word' id='word_1_491' title='bbox 705 4700 788 4754; x_wconf 75' lang='lat' dir='ltr'><strong>toros</strong></span> <span class='ocrx_word' id='word_1_492' title='bbox 806 4699 913 4764; x_wconf 69' lang='lat' dir='ltr'><strong>fefellit,</strong></span> <span class='ocrx_word' id='word_1_493' title='bbox 931 4715 953 4752; x_wconf 91' lang='lat' dir='ltr'><strong>e.</strong></span> <span class='ocrx_word' id='word_1_494' title='bbox 972 4715 998 4766; x_wconf 89' lang='lat' dir='ltr'><strong>q.</strong></span> <span class='ocrx_word' id='word_1_495' title='bbox 1019 4713 1038 4750; x_wconf 87' lang='lat' dir='ltr'><strong>e.</strong></span> 
     </span>
    </p>
   </div>
   <div class='ocr_carea' id='block_1_9' title="bbox 0 0 1778 5236">
    <p class='ocr_par' dir='ltr' id='par_1_12' title="bbox 0 0 1778 5236">
     <span class='ocr_line' id='line_1_44' title="bbox 0 0 1778 5236; baseline 0 0"><span class='ocrx_word' id='word_1_496' title='bbox 0 0 1778 5236; x_wconf 95' lang='lat' dir='ltr'><strong> </strong></span> 
     </span>
    </p>
   </div>
  </div>
 </body>
</html>
