3514 5244
797 395 834 457 21

292 586 475 669 longovero
485 587 599 652 melior
612 587 654 652 iis
669 593 719 652 est
730 586 1095 671 oodexadhueignotus,
1120 608 1214 670 quem
1229 596 1263 653 ut
1275 588 1307 653 in
1318 587 1431 653 biblio-

198 695 299 758 theca
322 693 482 758 Vaticana
510 693 714 778 indagarem,
742 693 820 758 milri
849 694 993 777 contigit.
1044 701 1192 760 servatur
1221 695 1305 760 inter
1333 695 1433 761 libros

203 801 409 883 Rteginae)
434 821 566 866 numero
593 803 677 866 1529
703 801 860 884 signatus.
891 807 1044 867 exaratus
1069 807 1119 868 est
1141 822 1238 866 manu
1253 801 1432 868 saeculilX

200 907 351 974 exeuntis
367 907 419 972 vel
442 908 474 972 X
497 907 637 973 ineuntis
661 908 792 990 aequali
817 915 849 972 et
873 928 1030 992 perquam
1054 907 1197 992 eleganti
1221 928 1324 991 eaque
1348 908 1433 973 litte·

202 1024 332 1098 ratura,
369 1035 466 1098 quam
498 1014 729 1098 carolingieam
761 1014 869 1080 dicere
902 1016 1137 1084 consuevimus.
1194 1015 1336 1080 continet
1371 1018 1432 1081 107

204 1121 327 1187 moduli
360 1122 490 1187 maximi
520 1121 607 1188 foliis
639 1121 894 1187 membranaceis
928 1121 1027 1188 libros
1056 1121 1098 1187 de
1130 1122 1295 1188 beneficiis
1328 1129 1360 1186 θῖ
1393 1121 1435 1187 de

207 1229 389 1294 clementia.
436 1237 599 1294 correctus
623 1236 673 1294 θεῖ
697 1228 824 1294 duabus
847 1229 1010 1312 manibus,
1035 1249 1169 1312 quarum
1197 1229 1285 1314 prior
1313 1227 1434 1314 (1112.)

204 1335 303 1422 paulo
318 1341 401 1420 post,
424 1355 519 1418 quam
536 1334 675 1420 scriptus
699 1341 757 1418 est,
780 1336 814 1399 in
829 1335 936 1401 verbis
960 1334 1041 1420 ipsis
1065 1355 1172 1420 pauca
1194 1335 1338 1419 mutavit,
1363 1355 1434 1401 sae·

205 1444 279 1529 pins
302 1443 336 1507 in
360 1443 559 1526 marginibus
582 1451 692 1508 notam
716 1463 756 1508 ex
780 1443 896 1509 litteris
924 1443 953 1509 N
982 1449 1015 1508 et
1043 1443 1072 1506 Τ
1101 1441 1273 1508 conflatam
1307 1442 1437 1509 addidit

206 1557 239 1616 et
260 1570 359 1616 voees
382 1550 506 1634 aliquot
529 1548 754 1616 memorabiles
778 1550 936 1634 repetivit.
964 1569 1038 1614 uon.
1051 1549 1151 1615 multo
1174 1551 1334 1616 recentior
1356 1550 1434 1615 mihi

204 1658 278 1724 visa
301 1666 352 1724 est
374 1656 535 1743 posterior
558 1659 611 1736 (m.
635 1657 696 1739 3.),
720 1675 804 1738 quae
829 1662 861 1721 θῖ
885 1656 958 1741 ipsa
983 1656 1064 1722 satis
1088 1655 1235 1723 modeste
1250 1655 1433 1740 corrigendi

206 1765 314 1830 officio
339 1765 449 1829 functa
473 1770 531 1830 est.
578 1781 772 1847 quamquam
804 1770 913 1829 autem
945 1763 972 1826 R
1005 1763 1138 1848 propius
1172 1763 1216 1828 ad
1248 1764 1277 1830 N
1310 1763 1436 1830 accedit

206 1893 303 1956 quam
327 1871 441 1955 reliqui
465 1870 611 1937 eiusdem
635 1869 746 1955 stirpis
775 1869 849 1935 libri
878 1869 1072 1936 vetustiores
1101 1877 1199 1953 atque
1227 1870 1311 1936 adeo
1342 1870 1436 1954 sigua

202 1979 377 2062 quaedam,
402 1998 486 2062 quae
510 1977 565 2042 ille
588 1979 622 2042 iu
646 1977 792 2060 margine
816 1976 927 2060 habet,
956 1977 1082 2062 repetit,
1111 1983 1219 2042 tamen
1247 1976 1356 2042 multis
1385 1997 1437 2042 ca-

206 2083 284 2150 lami
317 2085 491 2168 erroribus,
524 2083 640 2168 quibus
672 2083 728 2150 ille
762 2083 913 2150 foedatus
947 2092 1006 2168 est,
1035 2090 1125 2149 caret
1148 2083 1291 2148 ethead
1314 2104 1436 2168 paucos

207 2193 298 2259 locos
320 2194 355 2258 in
378 2192 434 2258 illo
450 2192 702 2258 correctionibus
726 2198 759 2256 θῖ
781 2191 904 2258 rasuris
919 2191 1123 2256 oblitteratos
1138 2191 1283 2274 integros
1298 2191 1436 2256 exhibet

205 2309 243 2366 at
274 2320 354 2366 carc
396 2299 573 2366 credideris
616 2299 685 2365 eius
719 2297 858 2363 scribam
891 2297 1036 2364 codicem
1069 2297 1099 2364 N
1131 2305 1188 2363 aut
1220 2296 1307 2364 idem
1339 2304 1437 2381 atque

204 2407 398 2474 monachum
412 2407 725 2473 laureshamensem
745 2405 956 2490 archetypum
981 2405 1192 2490 expressisse.
1222 2405 1437 2472 adversantur

203 2515 294 2581 enim
316 2515 349 2580 hi
372 2515 444 2600 loci,
468 2515 584 2599 quibus
608 2514 650 2579 ab
672 2513 703 2580 N
725 2512 855 2597 longius
879 2512 1033 2580 discedit:

261 2644 292 2708 p.
315 2627 346 2706 4,
370 2625 410 2690 21
436 2645 543 2688 actara
566 2645 645 2711 qaae
668 2624 885 2686 exciderant
906 2621 947 2705 R,
971 2643 1076 2686 carran
1102 2643 1180 2709 qaae
1203 2625 1386 2686 concitetur
1408 2620 1437 2686 N

316 2733 345 2814 5,
373 2737 412 2795 12
436 2734 464 2794 εἰ
491 2733 696 2794 cohaeserit
719 2729 754 2813 R,
782 2732 810 2792 si
837 2729 982 2794 coliculi!
1009 2728 1157 2793 boritN
1198 2733 1200 2736 ’

319 2841 368 2921 14,
395 2840 434 2904 18
472 2839 547 2925 quid
584 2841 663 2901 caim
695 2838 754 2899 illi
784 2838 918 2900 simite‘
940 2837 1066 2900 babebat
1095 2835 1136 2918 R,
1168 2837 1242 2923 qaid
1269 2838 1347 2899 enim
1376 2837 1439 2898 illc

529 2946 691 3008 sirrrilem
716 2947 760 3024 (ra
784 2947 893 3020 erasa)
917 2943 1043 3006 turbabat
1065 2942 1094 3007 N

320 3055 369 3136 14,
393 3054 436 3116 29
460 3053 540 3134 qaod
566 3054 604 3113 ia
627 3053 734 3114 illam
767 3058 800 3113 et
822 3053 879 3112 aia
906 3050 978 3113 liene
1005 3057 1109 3114 aotam
1134 3052 1192 3114 sibi
1223 3050 1258 3134 R,
1291 3052 1373 3137 qaod
1404 3057 1441 3112 et

531 3161 570 3220 ia
589 3159 693 3221 illata
719 3160 775 3220 air
798 3158 871 3220 deae
893 3165 997 3221 aotrau
1022 3158 1080 3219 sibi
1102 3155 1131 3222 N

318 3269 369 3349 21,
398 3267 436 3330 16
455 3266 561 3348 polam
585 3285 664 3351 pirae
677 3267 820 3350 rimscqai
832 3265 1031 3348 pluriorem
1048 3271 1101 3327 est
1114 3272 1153 3327 at
1166 3265 1345 3327 scitilaria
1360 3265 1441 3328 aaa

533 3373 567 3455 R,
586 3374 692 3455 palam
718 3397 746 3459 p.
771 3393 796 3435 c.
818 3373 1025 3452 plia-iosuae
1049 3373 1230 3436 arilitaria
1253 3373 1334 3434 (tona
1356 3369 1386 3435 N

316 3483 370 3564 29,
395 3483 437 3546 26
461 3484 498 3544 ia
521 3482 764 3544 restitutione
786 3481 880 3542 stoica
904 3477 940 3557 R,
966 3501 1009 3542 ea
1033 3481 1268 3541 iristitatioae
1290 3479 1385 3540 stoica
1410 3475 1440 3540 N

316 3591 370 3671 bl,
399 3592 446 3670 ll,
469 3590 570 3651 latrias
594 3589 693 3649 illam
719 3587 895 3666 benificium
917 3585 999 3650 dudit
1022 3584 1057 3666 R,
1083 3585 1168 3648 illata
1191 3602 1257 3649 om.
1280 3583 1310 3649 N

317 3698 370 3780 bl,
395 3698 438 3760 34
460 3697 566 3779 quallis
589 3697 697 3758 etiam
721 3693 878 3756 hostilitate
901 3692 937 3776 R,
961 3694 1066 3775 epidiis
1089 3699 1121 3754 ct
1142 3691 1299 3755 hostilibus
1322 3691 1350 3756 N

319 3807 371 3886 58,
395 3805 438 3868 30
461 3805 569 3867 arratis
577 3804 662 3885 peri
667 3802 745 3864 cralo
757 3800 792 3882 R,
801 3801 939 3883 perir-alo
954 3818 1018 3863 om.
1037 3797 1075 3880 N,
1090 3799 1257 3881 aperiendo
1272 3801 1380 3862 ricottis
1393 3797 1436 3880 Ν,

317 3913 372 3990 63,
399 3913 437 3974 li
462 3911 516 3972 sed
539 3909 621 3996 parad
640 3910 764 3972 ‹irrraiau
781 3929 855 3970 rara
871 3909 1025 3989 uoluptate
1048 3909 1266 3988 conseratur
1288 3913 1441 3988 contemp-

534 4020 596 4080 trix
610 4017 646 4100 R,
662 4013 809 4080 excidit
823 4018 1001 4096 conseratur·
1014 4012 1085 4078 inN
1100 4017 1175 4077 ante
1185 4015 1389 4096 contempti-iu
1399 4011 1441 4093 ¹⁸)

320 4127 372 4207 64,
395 4127 415 4190 6
438 4127 562 4208 sapietis
586 4131 794 4208 astutiaque
816 4120 852 4202 R,
876 4127 920 4184 θεῖ
943 4139 1008 4185 om.
1032 4119 1112 4200 1111)

306 4267 340 4335 ¹⁸)
360 4287 421 4322 cum
436 4267 549 4321 Erasmo
567 4265 721 4335 scripserim
737 4265 913 4330 confertur.
942 4262 1136 4316 molestissima
1151 4279 1214 4316 vero
1232 4261 1320 4315 oratio
1334 4259 1442 4324 evadet,

213 4359 236 4414 si
261 4377 323 4414 curn
342 4357 451 4413 Gertzio
476 4373 508 4410 ex
532 4355 712 4425 praecedente
740 4353 862 4406 membro
891 4351 1002 4404 verbum
1034 4355 1147 4420 ponitur
1174 4349 1358 4420 supplendum
1385 4367 1443 4404 esse

213 4447 410 4520 putaverimus.

306 4535 340 4602 ¹⁹)
360 4537 450 4591 nescio
470 4553 506 4590 an
525 4535 628 4588 Seneca
647 4532 788 4601 scripserit
813 4533 924 4599 sopiam
947 4539 985 4584 est
1009 4533 1078 4598 qut,
1106 4527 1180 4596 quod
1207 4528 1311 4582 habeut
1338 4527 1442 4582 codices

212 4628 376 4684 recentiores
391 4625 410 4680 C
427 4625 459 4678 H.
479 4628 570 4694 potest
589 4627 682 4677 tamen
702 4621 801 4676 vocula
818 4631 857 4674 est
876 4620 962 4674 etiam
981 4637 1014 4672 ex
1032 4623 1118 4674 enim
1137 4621 1198 4672 orta
1218 4635 1282 4671 esse.
