3568 5238
975 441 1015 503 60

892 531 1100 538 —-.-——

386 665 482 727 etiam
505 666 558 728 ubi
583 667 673 728 ‘aeta'
698 683 760 727 non
777 666 926 739 citantur,
950 665 1049 728 sicubi
1067 664 1182 727 similia
1198 667 1378 736 occurrunt,
1402 665 1606 744 diesinquum

385 766 581 844 iudiciorum,
614 768 793 830 contionum
830 767 877 831 vel
901 768 1033 830 aliarum
1069 766 1242 842 actionum,
1277 767 1398 829 numeri
1422 768 1605 848 nominaque

386 872 618 945 accusatorum,
655 869 870 943 defensorum,
906 871 1044 932 iudicum
1074 873 1106 931 et
1139 869 1370 932 absolventium
1404 871 1435 931 et
1465 869 1605 932 condem-

384 973 544 1048 nantium,
578 973 746 1046 orationes,
782 972 916 1053 deniqne
952 991 1158 1052 quaecunque
1192 973 1225 1034 in
1254 971 1451 1034 contionibus
1484 973 1538 1034 aut
1574 972 1604 1032 in

384 1074 506 1138 iudiciis
530 1075 748 1138 memorabilia
772 1075 955 1154 agebantur,
984 1076 1061 1138 haec
1086 1075 1124 1137 ad
1149 1075 1240 1137 ‘acta'
1265 1074 1428 1137 referenda
1451 1093 1518 1136 esse
1540 1091 1606 1155 pro-

385 1176 534 1240 babiliter
558 1178 798 1259 suspicabimur.

471 1277 541 1356 Qua
575 1280 612 1342 de
647 1299 743 1342 causa
770 1300 805 1342 ex
829 1282 927 1343 ‘actis'
952 1281 1077 1344 duxisse
1101 1283 1243 1345 existimo
1272 1281 1304 1340 in
1333 1279 1471 1342 oratione
1496 1279 1606 1342 Scau-

385 1382 507 1445 riana:
531 1401 692 1445 summum
719 1382 824 1445 iudicii
843 1383 1002 1446 Scauriani
1027 1385 1109 1446 diem
1126 1384 1223 1446 fnisse
1248 1401 1275 1444 a.
1299 1382 1326 1444 d.
1349 1381 1403 1443 IV.
1428 1381 1507 1444 Non.
1525 1381 1607 1464 Sept.

385 1474 470 1562 (Asc.
493 1503 521 1565 p.
541 1485 589 1558 16,
615 1487 657 1564 5),
680 1485 819 1565 itemque
849 1485 958 1548 eodem
992 1504 1072 1548 anno
1101 1486 1264 1548 Vatinium
1293 1503 1311 1546 1
1334 1483 1482 1548 Cicerone
1505 1483 1608 1546 defen·

384 1605 455 1648 snm
480 1605 547 1650 esse
571 1591 612 1668 (p.
631 1587 679 1662 lb,
697 1589 725 1649 3.
739 1589 781 1666 4),
797 1589 981 1669 praesertim
998 1607 1071 1650 cum
1088 1589 1154 1651 dies
1171 1587 1276 1651 iudicii
1292 1587 1450 1649 Vatiniani
1466 1586 1608 1650 1181111-

385 1689 474 1765 riani,
499 1692 535 1751 ut
559 1708 594 1752 ex
626 1689 773 1753 Cicerone
796 1690 834 1752 ad
851 1689 957 1767 Quint.
982 1689 1019 1752 fr.
1043 1689 1074 1751 ΙΙ
1101 1691 1150 1764 16,
1175 1693 1193 1752 3
1217 1691 1342 1762 eminet,
1366 1689 1448 1751 haud
1472 1690 1607 1752 multum

263 1818 266 1823 ·
384 1797 420 1853 ut
442 1792 523 1854 inter
547 1811 579 1854 se
605 1793 766 1854 distarent.

472 1893 552 1956 Cum
577 1899 682 1956 autem
705 1894 859 1956 Asconius
883 1895 977 1973 (1.1.)
1002 1896 1091 1958 ‘bano
1115 1914 1269 1976 qnoque
1293 1895 1467 1958 orationem
1491 1895 1608 1958 eisdem

384 1997 576 2060 consulibus'
601 1997 782 2060 Ciceronem
806 1996 918 2059 dixisse
944 1998 1056 2077 quibus
1080 2017 1134 2079 pro
1151 1997 1277 2060 Vatinio
1302 1999 1428 2072 scribat,
1452 2017 1506 2061 vor
1524 2011 1609 2078 ‘quc

385 2100 454 2180 que*
479 2099 599 2162 indicat
622 2098 824 2161 scholiastam
849 2100 944 2162 etiam
966 2099 1054 2162 illam
1072 2102 1244 2163 orationem
1259 2106 1281 2176 1)
1307 2103 1400 2162 antea
1423 2101 1608 2172 illustrasse,

382 2207 418 2263 ut
440 2205 522 2264 certe
547 2201 583 2264 de
607 2202 700 2264 huius
723 2220 845 2281 quoque
870 2202 918 2265 die
942 2205 1031 2265 ‘nota'
1057 2203 1235 2284 inspexerit.

470 2304 559 2381 Quod
594 2305 633 2367 ad
667 2309 889 2385 argumentum
918 2305 1022 2386 ipsum
1047 2305 1177 2380 attinet,
1211 2307 1363 2369 Asconius
1397 2305 1480 2367 haud
1516 2305 1608 2368 dubio
1727 2373 1728 2394 2

383 2407 535 2469 nonnulla
558 2412 590 2470 et
611 2408 643 2468 in
667 2409 805 2470 oratione
830 2409 907 2470 etin
925 2409 1023 2470 ‘notis'
1041 2408 1166 2484 invenit,
1191 2408 1275 2470 velut
1291 2407 1445 2471 Scaurum
1468 2425 1503 2468 ex
1521 2425 1609 2488 prae·
1727 2401 1728 2420 ¹

383 2513 455 2571 tura
477 2510 668 2591 provinciam
692 2509 868 2572 Sardiniam
891 2511 1065 2574 obtinuisse
1098 2511 1141 2593 (p.
1168 2511 1217 2576 16.
1243 2511 1390 2588 12-·14),
1414 2529 1470 2592 pro
1493 2510 1527 2573 C.
1553 2509 1609 2572 Ca-

384 2614 455 2674 tone
479 2612 522 2674 111
545 2612 668 2687 dixisse,
692 2615 728 2674 ut
743 2613 769 2674 is
787 2613 1001 2676 absolveretur
1017 2621 1049 2695 (p
1074 2614 1123 2688 lb,
1137 2614 1287 2694 16-18),
1311 2613 1454 2694 denique,
1478 2629 1609 2692 queren-

384 2715 468 2778 tibus
500 2715 537 2777 de
563 2734 598 2777 eo
623 2714 744 2789 Sardis
780 2733 798 2776 a
820 2715 855 2776 Ρ.
879 2715 1004 2778 Valerio
1027 2715 1144 2779 Triario
1169 2715 1250 2797 apud
1274 2715 1316 2778 M.
1340 2717 1492 2780 Catonem
1520 2733 1609 2797 prae-

383 2821 482 2880 torem
513 2818 758 2899 repetundarum
792 2837 859 2881 esse
889 2823 1072 2881 accusatum
1103 2825 1145 2899 (p.
1171 2818 1219 2892 16,
1242 2820 1297 2890 2ος
1323 2819 1371 2892 11,
1397 2821 1438 2896 1).
1494 2817 1610 2881 Contra

384 2939 445 3000 quo
477 2921 525 2982 die
549 2919 583 2984 C.
607 2920 684 2984 Cato
714 2927 798 2983 esset
826 2922 988 2984 absolutus
1020 2927 1061 3002 (p.
1087 2922 1137 2994 16,
1163 2923 1232 3001 18),
1268 2921 1404 2985 Scaurus
1434 2923 1472 2984 ad
1497 2941 1609 2984 consu-

323 3049 327 3058 ·
384 3023 469 3086 latus
492 3023 676 3106 petitionem
697 3024 832 3086 Romam
856 3023 1001 3086 rediisset
1022 3027 1063 3105 (p.
1082 3023 1130 3098 16,
1149 3025 1213 3103 19),
1238 3025 1366 3106 plenum
1382 3023 1490 3086 Triarii
1514 3043 1609 3087 accu-

383 3125 495 3189 satoris
519 3144 632 3188 nomen
657 3132 699 3208 (p.
724 3128 773 3201 16,
790 3127 854 3204 20),
880 3127 1033 3189 Scaurum
1057 3127 1251 3208 postulatum
1274 3145 1343 3188 esse
1365 3127 1511 3208 postridie
1528 3127 1608 3190 Non.

383 3226 506 3304 Quint,
549 3230 678 3291 nomina
719 3229 966 3311 subscriptorum
1006 3231 1045 3310 (p.
1086 3229 1138 3304 17,
1178 3230 1281 3306 1-5)
1320 3248 1357 3292 ex
1395 3231 1492 3292 ‘actis’
1534 3228 1608 3292 solis
1727 3283 1728 3314 ,

387 3332 540 3411 cognorit.

470 3434 517 3496 De
534 3433 660 3497 Catonis
685 3436 879 3500 absolutione
899 3435 1005 3499 Cicero
1032 3436 1063 3496 in
1094 3435 1183 3516 epist.
1209 3433 1393 3497 11111111
1417 3436 1506 3506 aaa
1531 3436 1607 3498 baec

383 3537 506 3600 scribit:
531 3544 568 3599 ‘a
591 3538 618 3598 d.
635 3537 694 3600 111.
715 3539 793 3602 Non.
811 3537 916 3616 Quint.
935 3538 1068 3602 Sufenas
1092 3545 1124 3600 ot
1146 3538 1223 3602 Cato
1247 3538 1406 3610 absuluti';
1431 3539 1483 3618 qui
1509 3539 1605 3606 locus.

383 3640 446 3702 sive
480 3641 633 3703 Asconius
661 3659 734 3704 eum
762 3643 839 3723 legit
871 3643 933 3704 sive
963 3642 1053 3706 ‘acta'
1084 3640 1150 3704 sola
1179 3641 1216 3703 de
1245 3641 1299 3703 illa
1322 3641 1370 3704 die
1394 3645 1523 3704 secutus
1547 3647 1606 3713 est,

384 3743 459 3822 quur
490 3743 647 3806 Ciceronis
677 3745 786 3819 verba,
818 3763 898 3825 (pirae
925 3745 956 3806 in
990 3745 1045 3806 illa
1074 3743 1210 3826 epistula
1238 3747 1378 3817 exstant,
1413 3745 1451 3806 ad
1482 3744 1605 3808 Asconii

382 3846 566 3908 memoriam
600 3856 640 3928 (p.
667 3849 713 3922 lb,
743 3851 794 3924 18)
834 3848 1061 3911 restituendam
1093 3846 1264 3928 plurimum
1293 3847 1433 3920 valeant,
1475 3847 1606 3911 dubium

383 3967 536 4012 essenon
561 3953 674 4031 potest.

468 4051 593 4114 Etenim
610 4071 682 4114 oum
700 4055 852 4134 epistulae
867 4054 994 4115 lectioni
1010 4063 1047 4115 ‘a
1065 4053 1093 4114 d.
1109 4051 1167 4115 HI.
1182 4051 1418 4129 Λ11111111111113
1433 4053 1605 4114 Asconiana

383 4153 495 4216 codicis
523 4153 548 4216 P
577 4157 727 4218 memoria
763 4153 863 4241 [codd.
895 4155 916 4219 S
944 4158 976 4218 et
1003 4153 1050 4215 bl:
1080 4173 1106 4216 a.
1136 4154 1164 4216 d.
1192 4153 1245 4214 lv.
1274 4153 1352 4216 Non.
1382 4154 1505 4233 Quint]
1534 4172 1605 4216 con-

383 4261 485 4334 gruat,
503 4257 585 4319 banc
601 4277 706 4320 reram
726 4259 852 4323 Catonis
869 4257 1003 4321 absoluti
1020 4257 1102 4319 diem
1121 4275 1188 4320 esse
1211 4261 1300 4338 puto;
1317 4277 1374 4321 nec
1390 4263 1505 4323 tamen.
1523 4256 1604 4337 qnod

454 4513 473 4571 ι1
493 4512 536 4566 De
555 4512 607 4566 buc
625 4511 749 4566 oratione
762 4513 914 4566 Vatiniana
932 4513 967 4565 os.
985 4513 1132 4565 Drumaun
1148 4511 1190 4564 Vl
1209 4529 1235 4580 p.
1254 4513 1288 4565 36
1307 4525 1335 4564 et
1352 4513 1516 4582 liagmenta,
1534 4528 1604 4582 quae

381 4595 513 4665 leguntur
544 4598 571 4650 in
600 4597 738 4651 Ciceronis
771 4597 898 4663 editione,
928 4614 1012 4668 quarn
1040 4597 1148 4652 curavit
1186 4599 1214 4652 C.
1245 4598 1276 4651 F.
1307 4597 1351 4650 W.
1373 4597 1497 4663 Mueller,
1521 4598 1603 4651 lV3

381 4699 408 4752 p.
426 4683 477 4736 284
495 4701 536 4752 sq.
