3568 5238
711 399 920 493 Aa„

198 618 332 702 pendere
362 619 484 681 ridetur
507 619 601 692 ‘vita'‚
625 639 719 700 quam
747 621 800 683 ille
829 619 966 684 Scaurus
991 621 1028 682 de
1053 639 1085 682 se
1114 619 1180 702 ipse
1210 619 1423 700 compossita,

197 721 248 784 cui
275 721 451 783 sententiae
485 721 568 785 haud
597 723 796 786 mediocriter
823 741 860 786 ea
887 741 937 786 res
961 724 1189 804 patrocinatur,
1231 723 1311 804 quod
1340 723 1424 786 idem

200 823 336 887 Scaurus
360 823 543 887 aSallustio
567 825 650 900 (hell.
674 825 741 906 lug.
768 826 815 898 15,
847 827 883 891 3:
911 826 1051 896 28-30;
1076 826 1125 898 40,
1148 828 1177 886 4.
1207 826 1239 906 5)
1269 828 1298 888 et
1322 825 1423 890 Plinio

198 926 243 1005 (h.
267 945 296 988 n.
319 925 453 988 XXXVI
480 927 553 1002 113)
579 931 742 1008 tamquam
765 929 812 991 vir
834 929 969 991 maxime
992 928 1152 1010 improbus
1176 928 1371 990 describitur.

277 1045 386 1126 Neque
399 1046 524 1109 alienos
535 1046 684 1109 deficiunt
696 1051 890 1128 argumenta.
913 1047 1038 1110 Etenim
1052 1046 1091 1110 ad
1104 1066 1150 1120 ea,
1164 1066 1243 1128 quae
1256 1048 1424 1111 scholiasta

199 1149 237 1211 de
263 1149 448 1231 paupertate
472 1153 504 1212 et
528 1149 724 1230 ignobilitate
747 1150 855 1214 Scauri
875 1151 972 1231 patris
996 1152 1027 1212 et
1054 1151 1101 1212 avi
1120 1153 1151 1214 et
1173 1151 1278 1232 prouti
1303 1150 1419 1224 scribit,

198 1251 314 1333 optime
324 1251 468 1332 quadrat,
482 1251 563 1330 quod
578 1251 720 1314 Valerius
736 1253 891 1315 Maximus
906 1251 950 1313 IV
962 1254 992 1325 4,
1012 1253 1044 1314 ll
1061 1251 1214 1316 Scaurum
1223 1254 1255 1314 in
1268 1254 1349 1315 ‘rita'
1367 1271 1424 1316 suu

199 1354 236 1416 de
251 1353 351 1437 patris
374 1357 514 1433 egestate
536 1355 631 1417 rerba
645 1353 755 1416 fecisse
772 1357 914 1417 testatur.
949 1353 1091 1431 Quocum
1114 1357 1265 1418 consonat
1279 1355 1423 1418 Aurelius

198 1455 305 1519 Victor
322 1476 350 1537 q.
365 1455 384 1518 f.
403 1456 455 1536 (de
474 1456 526 1518 vir.
538 1456 581 1520 ill.
599 1457 666 1532 lat:
691 1456 824 1520 ‘Marcus
841 1458 993 1520 Aemilius
1011 1457 1148 1520 Scaurus
1164 1458 1244 1536 (scil.
1261 1459 1304 1520 rei
1320 1459 1424 1538 pater)

198 1559 320 1627 nobilis,
340 1577 471 1640 pauper;
492 1577 566 1621 nam
589 1564 677 1640 pater
697 1561 773 1634 eius,
797 1559 940 1639 quamvis
955 1559 1117 1642 patricius,
1142 1561 1179 1622 ob
1203 1562 1422 1641 paupertatem

198 1662 417 1725 carbonarium
437 1661 597 1740 negotium
611 1663 767 1734 exercuit',
779 1662 924 1742 idemque
937 1663 1107 1745 scriptord.
1120 1666 1158 1741 c.)
1170 1662 1257 1724 illam
1271 1660 1424 1724 defensio-

199 1769 306 1842 nem²l
337 1765 495 1830 simillime
524 1766 618 1845 atque
643 1765 795 1827 Asconius
828 1766 912 1842 (Asc.
941 1786 971 1847 p.
1000 1767 1051 1838 20,
1080 1765 1176 1844 5-8)
1209 1766 1253 1828 sic
1279 1765 1421 1828 exhibet:

202 1867 323 1931 ‘Varius
339 1867 544 1931 Sucronensis
557 1867 726 1930 Aemilium
750 1865 903 1930 Scaurum
926 1868 971 1930 ait
993 1868 1091 1932 socios
1109 1867 1146 1929 ad
1165 1884 1252 1931 arma
1268 1867 1422 1947 coegisse,

203 1971 341 2034 Scaurus
364 1977 472 2051 negat;
497 1971 558 2032 utri
581 1973 684 2052 potius
708 1969 899 2032 credendum
924 1971 1074 2052 putatis?‘

286 2073 378 2135 Hunc
409 2092 532 2154 quoque
562 2073 745 2153 scriptorem
777 2072 813 2134 de
842 2071 959 2136 Scauro
988 2073 1085 2155 ipsius
1120 2074 1235 2135 ‘vitam‘
1265 2089 1339 2135 sane
1363 2072 1423 2135 alio

199 2176 412 2238 intercedente
453 2179 578 2239 auctore
601 2175 788 2257 compilasse
811 2175 860 2236 W.
885 2174 916 2238 S.
939 2175 1141 2253 xeuffeuusu
1166 2176 1342 2257 suspicatus
1365 2181 1422 2238 est.

288 2279 459 2342 Ascanium
480 2283 587 2341 tamen
611 2297 669 2340 sua
691 2297 753 2340 nou
783 2297 819 2340 ex
846 2277 900 2340 illa
928 2278 1009 2340 ‘rita’
1033 2279 1108 2361 ipsa,
1131 2278 1186 2341 sed
1216 2279 1276 2340 alio
1299 2281 1423 2341 auctore

199 2380 381 2462 interposito
410 2382 581 2463 sumpsisse
605 2381 676 2444 inde
704 2381 869 2455 concludo,
905 2381 985 2461 quod
1017 2380 1170 2443 Scaurum
1199 2381 1246 2442 vix
1278 2380 1422 2460 effugisse

203 2483 437 2547 damnationem
462 2484 492 2546 in
516 2484 572 2545 illa
594 2484 677 2545 ‘rita'
702 2486 786 2546 certe
809 2501 870 2546 non
895 2483 1066 2562 legebatur.

291 2585 402 2667 Itaque
434 2606 517 2649 nunc
551 2587 692 2666 quaestio
726 2589 788 2661 est,
823 2605 917 2666 quem
945 2587 1129 2668 scriptorem
1163 2586 1333 2648 scholiasta
1368 2585 1424 2648 du·

200 2707 267 2751 cem
303 2693 430 2752 secutus
469 2691 517 2752 sit.
581 2689 767 2752 Sallustium
796 2689 1025 2770 respiciendum
1054 2709 1114 2752 non
1143 2709 1211 2752 esse
1242 2690 1301 2752 iam
1331 2708 1423 2770 supra

199 2790 333 2852 diximus
357 2810 457 2873 neque
482 2795 581 2872 magis
605 2793 642 2855 de
667 2792 751 2854 Lirio
779 2791 981 2872 cogitandum
1012 2811 1078 2854 esse
1108 2792 1300 2856 crediderim.
1362 2791 1424 2853 Va·

201 2890 296 2953 lerius
328 2893 482 2956 Maximus
520 2895 661 2974 quidem,
699 2895 724 2955 si
757 2912 818 2956 non
852 2895 917 2975 ipse
948 2895 1065 2956 ‘ritum'
1097 2895 1240 2976 inspexit,
1276 2893 1304 2956 id
1341 2893 1423 2974 quod

271 3185 289 3246 ¹)
314 3179 348 3233 cf.
378 3181 433 3234 Cic.
463 3179 539 3233 Brut.
568 3181 614 3242 29,
640 3181 702 3244 112;
735 3179 930 3234 Hermannum
956 3181 1048 3242 Peter,
1080 3189 1200 3235 veterum
1230 3181 1421 3234 historicorum

204 3267 285 3320 Rom.
305 3265 435 3336 reliquiae
454 3266 467 3319 I
486 3283 512 3336 p.
532 3265 662 3328 CCLIX3
684 3265 802 3318 historic.
822 3265 902 3320 Rern.
922 3267 1019 3336 fragm.
1039 3285 1066 3336 p.
1088 3268 1233 3321 rra-120.

270 3356 291 3412 'J
316 3350 446 3405 Valerius
469 3350 610 3404 Maximus
629 3350 675 3404 111
699 3352 730 3417 7,
754 3353 771 3404 8
794 3351 931 3406 Scaurum
965 3351 1004 3404 sic
1031 3369 1143 3406 eausam
1172 3351 1308 3405 dicentem
1342 3351 1424 3404 iacit:

199 3442 215 3490 ‘.
226 3480 231 3492 .
242 3437 352 3491 Marius
369 3438 485 3492 Severus
506 3436 685 3492 Sucronensis
697 3435 845 3490 Aemilium
855 3437 1001 3503 Scaurum,
1020 3437 1093 3507 regia
1111 3436 1234 3490 mercede
1251 3447 1423 3505 corruptum,

199 3521 344 3591 imperium
365 3522 460 3592 populi
478 3522 597 3576 Romani
621 3520 776 3591 prodidisse
801 3522 847 3576 ait.
883 3522 1019 3576 Aemilius
1038 3523 1159 3576 Scaurus
1183 3522 1247 3576 huic
1266 3540 1294 3576 se
1312 3523 1422 3575 affinem

198 3623 257 3662 esse
275 3608 373 3677 culpae
390 3616 485 3678 negat:
505 3609 560 3662 utri
578 3607 719 3662 creditis‘l’
752 3607 893 3662 Nimirum
905 3609 930 3662 'V
934 3607 1041 3673 alerius,
1059 3624 1122 3661 cum
1142 3608 1263 3662 Scaurus
1285 3615 1424 3678 praeterea

199 3693 235 3746 ab
253 3694 348 3747 eodem
368 3693 400 3761 Q.
415 3695 551 3764 Caepione
569 3693 727 3764 postulatus
746 3699 826 3758 esset,
844 3693 918 3762 quod
937 3694 964 3746 in
984 3693 1109 3747 Asiatica
1127 3693 1263 3763 legatione
1278 3693 1422 3763 pecuniam

202 3780 366 3849 accepisset,
392 3780 434 3833 his
459 3780 568 3834 duobus
595 3780 704 3834 iudiciis
726 3779 847 3833 confessis
875 3779 1010 3834 Scaurum
1034 3779 1082 3832 illa
1108 3778 1191 3832 rerba
1209 3778 1423 3848 repetundarum
1489 3775 1493 3784 '

202 3881 277 3918 reum
292 3865 411 3918 edidisse
420 3865 513 3920 refert:
533 3866 566 3920 ef.
581 3865 687 3935 Mempf
693 3865 727 3919 ad
738 3865 765 3918 V
767 3865 801 3918 al.
812 3865 887 3918 Max.
906 3865 923 3917 l.
937 3883 959 3918 c.
979 3863 1070 3918 Etiam
1086 3863 1277 3931 Quintilianus
1290 3864 1317 3918 V
1337 3865 1378 3930 1⁸2,
1391 3865 1425 3917 10

201 3949 277 4003 illam
297 3950 481 4006 defensionem
511 3953 565 4019 (Ὠ.
585 3953 689 4006 Varius
708 3951 888 4006 Sucronensis
913 3951 953 4004 ait
975 3949 1125 4004 Aemilium
1145 3951 1280 4004 Scaurum
1300 3967 1356 4003 rem
1374 3965 1424 4020 pu·

202 4035 303 4089 blicam
328 4037 424 4108 populi
443 4037 562 4091 Rumam
580 4037 745 4107 prodidisse,
772 4035 907 4089 Aemilius
926 4037 1047 4090 Scaurus
1067 4036 1178 4106 negut')‚
1196 4035 1242 4089 sed
1268 4035 1425 4089 breuissime

203 4129 287 4192 atque
314 4127 354 4177 ita
376 4129 538 4193 conceptum
562 4123 660 4188 tradit,
685 4129 716 4176 ut
734 4122 850 4176 ‘rhetore
874 4121 984 4192 dignior
1007 4122 1044 4174 sit
1067 4139 1150 4191 quarn
1171 4121 1294 4190 principe
1312 4127 1423 4174 senatus

204 4209 300 4277 populi
320 4209 460 4262 Romani':
484 4209 518 4263 ei.
538 4209 675 4279 Spalding
692 4209 727 4262 ad
746 4207 843 4275 Quint.
863 4207 880 4260 l.
899 4225 922 4261 e.
970 4207 1047 4261 Idem
1071 4208 1153 4262 etiarn
1177 4207 1205 4260 in
1233 4206 1336 4260 Valerii
1355 4207 1422 4260 rela-

203 4293 306 4348 tionem
330 4295 426 4349 eadere
450 4295 517 4348 mihi
545 4294 666 4356 videtum
690 4311 755 4347 nam
773 4301 806 4347 ut
824 4293 1025 4360 Quintilianus,
1043 4293 1082 4347 ita
1100 4293 1147 4347 ille
1165 4308 1274 4362 quoque
1291 4292 1424 4346 defensio-

202 4381 245 4432 nis
263 4381 346 4434 verba
355 4398 388 4434 ex
403 4380 477 4435 fonte
491 4381 624 4435 rhetorico
638 4379 746 4434 ridetur
758 4380 889 4446 hausisse,
910 4381 962 4434 nisi
974 4380 1043 4433 sorte
1058 4379 1185 4432 Valerius
1195 4379 1261 4432 haee
1271 4379 1306 4432 ab
1319 4378 1424 4444 endem,

203 4481 220 4517 a
244 4481 300 4535 quo
328 4465 424 4520 Scauri
451 4468 541 4520 ‘ritae’
569 4466 673 4520 mentio
699 4465 744 4532 fit,
767 4474 878 4519 auctore
905 4471 1050 4520 mutuatus
1078 4465 1216 4518 rhetorum
1239 4480 1317 4516 aiore
1335 4472 1422 4516 trans-

202 4548 337 4604 formarit.

272 4641 292 4693 ³)
313 4637 402 4706 Pauly
423 4637 654 4707 Rani-Enerelop.
675 4638 688 4690 I
708 4656 733 4708 p.
752 4639 811 4691 372.
