3560 5242
763 439 849 536 ..243
932 530 936 533 Δ

827 679 960 757 qquam
997 681 1037 726 en
1074 663 1238 735 homine.
1276 671 1308 730 et
1337 667 1439 730 dein-

827 778 941 849 =oeps
963 769 1086 830 totum
1110 767 1264 848 generis
1280 787 1435 833 examen

850 871 928 932 tam
956 870 1119 933 mortale
1143 889 1254 951 quam
1278 871 1436 935 seminis

850 971 899 1034 sui
921 989 986 1054 par.

896 1074 931 1135 ll
956 1073 1167 1154 aequoniam
1190 1074 1271 1139 sient
1289 1076 1360 1140 illos
1383 1077 1437 1140 iro-

850 1175 951 1240 mines
975 1174 1070 1240 fuisse
1092 1194 1155 1240 non
1175 1177 1298 1242 audetis
1313 1197 1436 1260 negare.

850 1279 896 1342 ita
929 1282 1015 1360 post
1048 1281 1205 1342 mortem
1241 1280 1329 1344 deos
1364 1280 1437 1345 fao-

825 1384 907 1477 'tos
933 1379 1116 1445 instituistis
1140 1381 1335 1458 adseverare,
1365 1401 1437 1448 oau-

825 1505 827 1595 q
850 1501 911 1559 sas,
935 1501 1015 1565 quae
1030 1483 1089 1548 hoo
1105 1483 1273 1566 exegerint,
1289 1489 1437 1550 retracte-

849 1605 920 1651 mus
955 1633 962 1648 .
990 1634 997 1648 .
1025 1632 1032 1648 .
1060 1606 1090 1668 p.
1118 1587 1170 1661 82,
1195 1588 1236 1650 20
1260 1606 1327 1669 sqq.
1356 1587 1437 1652 Vani

850 1691 942 1753 erunt
963 1687 1121 1763 homines,
1149 1689 1210 1754 nisi
1233 1690 1309 1754 oerti
1332 1690 1396 1754 sint
1418 1708 1437 1753 a

849 1790 1017 1875 primordio
1053 1791 1085 1854 et
1119 1791 1241 1873 pluvias
1280 1793 1318 1858 de
1351 1794 1436 1858 eaelo

848 1894 948 1958 ruisse
972 1896 1004 1956 et
1026 1940 1032 1955 .
1057 1941 1063 1954 .
1086 1941 1093 1955 .
1115 1894 1192 1958 item
1215 1913 1341 1960 omnem
1363 1895 1437 1959 iru-

850 2017 933 2080 gem
961 2000 1035 2060 ante
1063 1994 1240 2060 Liberum
1268 2002 1300 2062 et
1329 1997 1437 2063 Cero-

826 2118 927 2179 ¹rem
950 2101 981 2162 et
1005 2096 1177 2162 Minervam
1200 2147 1207 2162 .
1230 2147 1237 2161 .
1261 2148 1268 2162 .
1292 2099 1330 2164 de
1353 2103 1437 2165 terra

826 2188 828 2290 l
849 2203 1036 2266 exuberasse
1065 2247 1102 2263 ..
1128 2249 1135 2263 .
1163 2201 1306 2284 Denique
1337 2203 1436 2268 inve-

825 2305 951 2383 1nisse
989 2303 1136 2367 dicuntur
1167 2305 1345 2369 necessaria
1374 2306 1436 2370 ista

848 2407 946 2480 vitae,
970 2424 1031 2469 non
1054 2405 1229 2470 instituisse
1332 2427 1360 2490 p.
1383 2410 1435 2484 83,

850 2511 957 2590 dsqq.
981 2507 1042 2572 Sed
1066 2509 1281 2573 convertimini
1305 2511 1343 2574 ad
1364 2529 1437 2575 oau-

850 2631 918 2676 sam
930 2611 1034 2686 aliam,
1047 2611 1270 2694 respondentes
1284 2614 1434 2678 oonlatio·

850 2733 923 2779 nem
939 2713 1112 2777 divinitatis
1134 2713 1362 2779 meritorum
1385 2733 1437 2780 re-

848 2815 1170 2880 munerandorum
1208 2815 1304 2881 fuisse
1342 2819 1437 2882 ratio·

848 2941 929 2986 nem.

303 3019 413 3084 ‘Wenn
437 3021 533 3085 libert
561 3041 598 3086 zu
622 3022 677 3087 der
699 3025 907 3106 angefuhrten
930 3020 1084 3086 Parallele
1107 3021 1260 3097 hemerin,
1290 3021 1362 3084 dass
1386 3021 1435 3086 die

217 3121 424 3203 Darstellung
448 3122 502 3187 des
526 3121 682 3190 Minucius
706 3127 774 3192 eine
797 3128 883 3192 liare
906 3127 1114 3204 Erdrtenrng‚
1138 3122 1201 3186 und
1224 3123 1292 3187 eine
1316 3123 1436 3187 sichero

218 3223 443 3308 SohlussioIga
467 3225 516 3291 die
539 3227 593 3292 des
609 3229 782 3293 Tertullian
805 3231 861 3295 das
884 3229 996 3312 gerade
1013 3225 1199 3307 Gegentheil
1221 3225 1322 3290 daron
1344 3227 1435 3308 aeigt‚

216 3345 251 3390 so
279 3327 416 3391 lonnton
440 3329 577 3394 airuns
600 3331 711 3395 hievon
734 3333 868 3414 soneuig
891 3333 1085 3411 riberzeugen
1109 3330 1156 3393 als
1178 3328 1305 3402 Hartel;
1337 3347 1370 3392 es
1393 3328 1436 3392 ist

216 3429 307 3492 nioht
337 3431 385 3495 so!
424 3431 517 3495 Dann
539 3434 583 3496 ist
605 3433 726 3498 ireilioh
750 3435 829 3499 auoh
853 3435 902 3499 die
926 3433 1022 3499 Stelle
1044 3432 1132 3496 nieht
1154 3451 1190 3494 zu
1214 3430 1357 3496 Gunsten
1382 3431 1436 3494 der

217 3531 367 3596 Prioritat
397 3533 451 3598 des
479 3532 636 3600 Minuoius
662 3537 884 3602 vernendbar'.
933 3534 1054 3614 Quibus
1080 3533 1188 3598 Roolrii
1217 3533 1320 3596 verbis
1347 3533 1380 3613 (l.
1409 3553 1435 3598 e,

218 3653 247 3716 p.
273 3634 326 3712 91)
349 3635 494 3716 equidem
517 3638 610 3720 plane
634 3639 795 3704 assentior.
842 3638 1041 3704 Sohnenkius
1065 3637 1192 3718 quidem
1213 3637 1247 3716 (l.
1270 3654 1295 3698 o.
1318 3655 1348 3718 p.
1372 3636 1434 3698 276

218 3736 289 3799 adn.
315 3737 346 3814 1)
369 3739 530 3803 oontondit
556 3759 625 3804 eam
653 3741 882 3817 narrationem,
914 3760 975 3824 qua
998 3740 1035 3804 de
1059 3739 1194 3803 Saturno
1217 3739 1332 3820 agitur,
1362 3739 1435 3803 Ter-

216 3837 386 3902 tullianum
414 3859 450 3904 ex
479 3841 607 3907 Oetavio
635 3844 816 3927 sumpsisse.
864 3842 976 3925 Itaque
995 3842 1196 3906 ostendemus
1224 3841 1434 3906 narrationem

215 3939 303 4004 illam
328 3959 347 4004 a
368 3940 506 4008 Varrone
530 3945 569 4009 ad
592 3945 821 4010 Tertullianum
843 3963 971 4010 manare
994 3943 1143 4027 potuisse.

302 4047 347 4108 Ao
374 4045 511 4127 primum
539 4048 665 4128 quidem
692 4049 802 4112 eadem
832 4048 870 4112 de
900 4047 1037 4112 Saturno
1064 4045 1203 4128 exposita
1224 4046 1373 4127 leguntur
1395 4047 1434 4110 ad

216 4148 281 4213 nat.
296 4145 330 4208 H
344 4147 382 4208 12
398 4166 427 4229 p.
444 4149 517 4223 202,
534 4153 553 4211 5
569 4169 652 4232 sqq:
676 4151 811 4214 Exstat
833 4150 929 4232 apud
952 4149 1109 4213 litteras
1131 4152 1278 4212 vestras
1301 4168 1434 4230 usque-

216 4267 366 4330 quaque
395 4248 554 4315 Saturni
581 4271 730 4318 oensus.
783 4252 961 4334 Legimus
993 4251 1091 4334 apud
1123 4249 1295 4316 Cassium
1327 4249 1435 4316 Seve-

216 4418 345 4474 redactae
372 4426 402 4475 et
424 4419 501 4476 dreit:
526 4435 585 4474 auur
605 4421 877 4476 demonstraverimus
896 4421 1041 4474 Saturnum
1060 4420 1193 4475 hominem
1211 4433 1285 4485 esso,
1308 4419 1387 4472 simul
1405 4425 1434 4475 at

215 4503 461 4560 domonstravimus
484 4507 572 4561 lovem
596 4511 755 4574 ceterosque
773 4506 839 4561 deos
856 4506 976 4561 homines
994 4520 1054 4560 esse
1073 4520 1159 4571 neque
1178 4504 1295 4574 amplius
1313 4521 1362 4574 per
1379 4505 1433 4561 ain·

216 4591 293 4658 gulos
312 4591 553 4646 demonstrandum
570 4599 624 4660 est;
651 4591 841 4646 ‘ostendemus'
860 4606 923 4646 vero
942 4591 1050 4646 omuino
1068 4590 1233 4644 contrarium
1251 4589 1335 4660 loret;
1355 4607 1434 4660 prae·

216 4681 295 4731 terea
311 4676 345 4730 de
363 4677 425 4732 love
444 4677 550 4732 homine
568 4675 635 4730 nihil
654 4676 791 4744 sequitnr’.
