3548 5256
830 441 872 505 67

235 640 343 706 Β644
358 634 515 724 μερὶςοό
530 644 662 720 πνίγει·
718 635 755 700 S:
785 639 886 722 μερίς
913 631 952 699 οῦ
979 633 1074 706 πνίξ·
1110 646 1167 697 τῶν
1199 635 1405 716 δυνατωτέρων
1432 629 1464 695 ἐν

237 745 285 810 ἐπὶ
306 743 443 830 ίσότητος
469 741 488 830 ἡ
517 749 662 831 παροιμία
716 753 779 814 τοῖς
811 743 940 814 δείπνοις
966 743 1020 813 τὰς
1047 744 1162 828 τροφὰς
1188 738 1379 824 ἁρπαζόντων
1411 741 1465 802 καί

236 851 365 939 ἐλέχθη.
717 848 765 914 ἐπὶ
796 852 890 930 τοῦτιρ
923 858 981 912 τῶν
1014 847 1237 931 ἀσθενεστέρων
1270 849 1463 931 πνιγορένῶν,

718 953 763 1020 ότι
786 953 903 1027 ἑαυτοῖς
926 955 1048 1040 βοηθεῖν
1068 950 1123 1018 οῦκ
1137 951 1288 1027 ἐδῦναντο,
1313 951 1465 1038 ἐπενοήθη

718 1060 734 1126 ὄ
758 1063 950 1148 διαμερισρδς
971 1063 1024 1125 καὶ
1047 1059 1175 1131 ἕκαστος
1204 1058 1321 1142 ἑκάστιρ
1345 1062 1378 1121 τὸ
1398 1057 1466 1122 ἴσον

718 1171 880 1256 λαμβάνων
904 1165 1064 1256 ἐπεφώνει·
1089 1171 1171 1252 μερὶς
1194 1163 1227 1230 οό
1250 1164 1327 1237 πνίξ.

761 1275 890 1341 Ebenso
936 1272 1030 1338 Phot.
1073 1271 1162 1339 Suid.
1205 1270 1270 1336 und
1311 1269 1465 1335 Plutarch

688 1430 691 1485 γ
718 1379 895 1467 (Μῐιτλί)

237 1559 351 1626 Βί49
383 1558 450 1644 ὄνῳ
481 1583 535 1632 τις
562 1563 666 1640 ἐλεγε
720 1559 758 1626 S:
792 1557 1036 1643 ὄνῳ-ἐκίνει·
1059 1555 1101 1630 εἰς
1124 1555 1319 1640 ἀναισθησίαν
1340 1551 1465 1641 τινῶνὴ

238 1669 366 1755 μῦθον,
405 1664 421 1730 ά
454 1669 489 1730 δέ
521 1671 562 1732 τά
594 1665 665 1732 ὄντα
718 1670 862 1752 παροιμία
892 1663 1105 1750 <είριηται>
1134 1662 1198 1727 κατ’
1228 1661 1398 1750 ἀμφότερα·
1431 1667 1465 1726 τά

237 1772 363 1838 ἐκίνει·
406 1778 479 1858 πρὸς
517 1773 664 1861 ἀναισθη-
719 1773 1082 1858 τεγάρζῷοννιυχελὲς
1108 1772 1238 1854 περὶτὰ
1266 1770 1348 1852 ἔργα,
1376 1774 1409 1832 τό
1436 1792 1467 1832 τε

237 1889 374 1956 τοῦντας,
404 1879 502 1967 ἐπειδὴ
531 1885 563 1946 τὸ
591 1885 664 1965 ζῷον
717 1884 756 1944 τὰ
778 1877 840 1943 ὦτα
862 1889 946 1943 κινεῖν
974 1874 1063 1942 οἱονεί
1089 1880 1146 1962 πρὸ
1168 1885 1220 1941 τοῦ
1248 1898 1312 1941 τινα
1335 1876 1466 1960 λαλῆσαι

236 1989 375 2074 νωχελές.
716 1991 816 2074 πάντα
839 1985 1013 2072 ἀκηκοέναι·
1038 1982 1111 2068 ὅπερ
1134 1981 1195 2047 ἐστί
1217 1987 1270 2048 καί
1294 1978 1365 2046 αι’)τὸ
1385 1981 1465 2046 ἀναι-

717 2095 861 2178 οθηοίας·
890 2103 955 2163 πῶς
981 2094 1037 2174 γάρ
1065 2087 1101 2154 ἂν
1129 2089 1324 2175 ἐπιγνωσθείη
1353 2093 1407 2154 τινί
1427 2092 1466 2154 τά

719 2204 760 2287 μὴ
784 2201 957 2286 λαληθέντα
972 2194 1059 2281 αὐτῷ,
1084 2194 1141 2261 κᾶν
1157 2197 1275 2282 μεγάλα
1289 2194 1352 2260 ὄντα
1365 2193 1465 2280 ὥσπερ

717 2305 785 2379 ὄνος
809 2308 883 2393 ἐχγ;
907 2303 1135 2388 Vg1.Pv42.

236 2500 263 2565 Β
289 2503 353 2567 ί66
381 2503 497 2566 πυθοῦ
521 2503 664 2588 χελιδό-
720 2500 757 2566 S:
782 2503 899 2565 πυθοῦ
922 2502 1093 2588 χελιδόνα
1117 2497 1205 2582 (υἰολ
1228 2501 1299 2563 διότι
1318 2495 1467 2582 ὀδυρτικόν

236 2629 311 2682 νος·
347 2610 419 2674 διότι
450 2606 602 2694 ὄδυρτικδν
631 2613 664 2673 τὸ
718 2613 750 2672 τδ
774 2613 862 2692 ζῷον·
885 2609 989 2693 θρηνεῖ
1007 2611 1064 2692 γάρ
1081 2604 1101 2693 ἡ
1117 2607 1241 2693 χελιδὼν
1254 2610 1306 2670 καί
1320 2602 1340 2691 ἡ
1356 2603 1464 2690 ἀηδῶν.

237 2721 320 2800 ζῷον.
719 2712 746 2779 οἱ
774 2717 805 2780 δὲ
833 2713 876 2780 ὄτι
902 2720 935 2780 τὸ
963 2713 1017 2796 ἔαρ
1048 2718 1193 2800 σημαίνει.
1228 2717 1262 2777 τδ
1290 2714 1322 2776 δέ
1349 2711 1466 2794 ἀληθὲς

721 2821 793 2902 (ἀπὸ
817 2819 996 2902 Χελιδό)νος
1019 2826 1095 2895 τινὸς
1119 2823 1275 2901 θεολόγου.

763 2927 835 3011 Vgl.
858 2926 998 3011 Hesyoh.
1022 2927 1114 2992 Phot.

238 3122 349 3189 13908
372 3127 408 3186 τὸ
432 3121 564 3195 Δίωνος
587 3132 664 3206 γρῦ·
719 3121 757 3187 S:
781 3127 819 3186 τδ
842 3119 978 3196 Δίωνος
999 3131 1073 3208 γρῦ·
1098 3119 1215 3195 οὖτοςό
1232 3120 1308 3187 Δίων
1323 3117 1466 3192 Ἀλεξαν·

239 3227 327 3294 Δίων
350 3227 598 3312 ὄἈλεξανδρεῦς
620 3235 664 3310 γέ-
691 3260 693 3289 ι
720 3231 803 3314 δρεῦς
836 3234 887 3315 μὲν
918 3229 954 3316 ἦν
985 3233 1018 3294 τὸ
1045 3235 1142 3312 γένος,
1177 3231 1332 3314 διαβόητος
1361 3231 1391 3292 δέ
1419 3227 1466 3292 ἐπί

238 3359 319 3418 γονεν
345 3335 392 3401 ἐπί
421 3337 582 3423 φιλοσοφία
605 3337 665 3400 δια-
690 3312 693 3415 ί
720 3339 889 3423 φιλοσοφία,
905 3338 984 3423 ἐχυν
998 3335 1126 3423 ἀδελφὸν
1140 3335 1287 3401 Διονῦσιον
1303 3338 1467 3420 παλαιστὴν

238 3446 355 3530 βόητος.
374 3438 665 3528 λοιδοροῦμενοςδπδ
690 3439 693 3555 η
718 3465 751 3507 το
776 3448 840 3529 ψιον
864 3443 938 3524 (sio)
963 3442 1202 3529 ἐπικαλοῦρενον.
1241 3445 1467 3528 λοιδοροῦμενος

241 3559 292 3615 τοῦ
321 3549 451 3638 ἀδελφοῦ
480 3545 570 3614 αότοῦ
596 3547 665 3614 Διο-
690 3563 693 3573 “
720 3551 751 3614 δὲ
778 3545 834 3614 ὄπό
862 3571 936 3622 τινος
964 3561 1020 3615 τῶν
1048 3549 1264 3630 ἀνταγωνιστῶν
1298 3547 1386 3614 αὐτοῦ
1413 3553 1466 3613 καί

238 3662 336 3721 νισίου
360 3665 411 3720 τοῦ
434 3659 608 3731 παλαιστοῦ,
633 3658 665 3722 δν
719 3655 837 3721 ἀκοῦον
868 3652 944 3742 ῥητὰ
975 3661 1028 3721 καί
1059 3655 1188 3742 ἄρρητα,
1225 3657 1321 3721 καίτοι
1350 3660 1466 3723 πολλοῦ

236 3769 344 3849 ψιόνιον
357 3761 491 3841 ἐκάλουν,
510 3767 563 3827 καὶ
576 3761 665 3828 άκοίι-
720 3761 814 3848 ὄχλου
842 3767 1161 3848 παρακολουθοῦντος,
1189 3761 1277 3836 αἰπὺς
1306 3770 1357 3852 μὲν
1385 3762 1467 3830 οῦδὲν

238 3893 278 3932 ῶν
319 3865 395 3954 ῥητά
440 3873 493 3934 καὶ
537 3868 664 3955 ἄρρητα,
691 3852 693 3873 ¹
720 3869 885 3956 ἐφθέγξατο
908 3875 1141 3957 κατεσταλμένον
1164 3875 1197 3934 τὸ
1220 3883 1273 3957 τῆς
1288 3873 1467 3960 φιλοσοφίας

235 3981 331 4042 καίτοι
344 3978 456 4040 πολλοῦ
470 3979 666 4061 παρακολου-
719 3977 918 4064 παράγγελμα
938 3989 1046 4062 τηρῶν,
1077 3976 1158 4051 ἐντὸς
1182 3980 1213 4042 δέ
1234 3976 1309 4043 ἰδιου
1333 3982 1467 4052 πυλῶνος

236 4086 366 4155 θοῦντος
380 4082 483 4168 ὄχλου,
508 4079 598 4155 αότὸς
613 4087 664 4170 μὲν
719 4089 870 4168 γενόμενος
895 4086 984 4169 μηδὲν
1008 4082 1100 4170 ὀργῆς
1123 4080 1278 4172 ὄποφηνας
1306 4084 1368 4150 εἷπε
1391 4090 1466 4170 πρὸς

237 4187 319 4254 οὐδὲν
343 4189 525 4276 ἐφθέγξατο,
554 4193 587 4255 τὸ
611 4201 665 4276 τῆς
719 4194 766 4255 τὀν
789 4195 904 4255 νεανίαν
928 4187 995 4256 οῦδὲ
1018 4201 1084 4276 γρῦ·
1108 4189 1125 4256 ὁ
1149 4193 1180 4256 δέ
1196 4191 1359 4278 ἀθυμήσας
1371 4192 1465 4282 ἀπηγ-

329 4454 350 4522 ιλ
374 4455 481 4510 Εῦοιιυο
498 4453 555 4523 [hat
578 4455 596 4511 S
619 4473 672 4510 nur
694 4455 738 4510 die
761 4455 968 4512 Plutarchiwhe
987 4457 1145 4528 Erkllrung
1167 4458 1198 4512 in
1217 4459 1279 4513 dem
1297 4459 1466 4530 Sprichwort

237 4543 279 4594 οῦν
299 4541 409 4615 Ἀθηνᾷ
427 4545 470 4596 καί
489 4549 565 4614 χεῖρα
582 4543 643 4595 κίνει
662 4544 695 4612 (Β
714 4545 790 4612 ew:
814 4543 852 4596 ἐπί
875 4551 924 4596 τῶν
945 4543 1170 4618 προσκαλουμίνων
1191 4547 1219 4598 τά
1244 4547 1316 4600 θυῖον
1339 4545 1363 4600 ἐν
1386 4555 1465 4620 καιρῷ

235 4629 366 4702 ἐργασίας·
389 4630 410 4703 ἡ
431 4634 480 4702 γάρ
505 4631 614 4704 Ἀθηνᾶ
639 4629 746 4704 ἐργάνη·
775 4632 872 4684 τίθεται
895 4627 937 4685 οόν
961 4631 999 4686 ἐπὶ
1027 4643 1152 4706 γυναικῶν
1179 4633 1288 4706 μάλιστα
1315 4634 1466 4708 ὄφειλουοῶν

236 4717 398 4790 ἐργάζεσθαι

1272 4815 1305 4872 5*
