3634 5240
1096 304 1136 371 12

508 532 609 597 tatem
636 533 762 597 secutos
785 535 835 597 est
852 531 956 598 Cassii
980 534 1020 615 (v.
1043 532 1199 599 Hensium
1221 534 1241 597 l.
1264 553 1291 598 c.
1314 553 1343 616 p.
1367 531 1407 594 75
1431 531 1525 614 sqq),
1548 549 1616 612 qno
1643 528 1751 604 litut

509 636 601 700 Bassi
631 636 772 700 doctrina
793 638 825 700 11
850 657 956 702 eorum
980 657 1103 720 quoque
1125 638 1214 702 libris
1237 637 1360 702 obviam
1382 635 1447 710 fiat,
1471 635 1525 717 qui
1546 632 1676 698 Iubam
1700 653 1750 697 es·

509 743 699 822 carpserunt
737 740 843 804 Pauca
872 742 1033 825 adsumpsi
1054 761 1070 805 e
1094 741 1212 805 Mario
1234 740 1358 805 Plotio
1382 738 1610 812 Sacerdote,
1635 737 1749 809 Iubae,

510 863 604 925 quem
620 845 719 909 semel
734 847 897 919 memorat,
914 846 1037 928 aequah
1052 845 1227 927 (Westphal
1243 844 1334 908 Matr.
1348 843 1381 906 1¹
1399 844 1474 916 1333
1497 841 1573 906 Keil
1587 841 1628 906 G.
1648 842 1688 904 L.
1705 840 1749 903 Vl

508 948 589 1030 4253
615 947 722 1013 Hense
743 949 763 1012 l.
786 966 812 1011 0.
835 969 865 1031 p.
890 949 950 1011 143
974 949 1066 1031 sqq.)

595 1051 621 1114 Ε
650 1052 739 1115 cuius
768 1053 965 1133 grammatici
988 1051 1100 1118 Graeci
1133 1051 1317 1117 auctoritate
1344 1049 1480 1134 pendeat
1511 1047 1749 1122 Diomedes,

512 1152 559 1230 „in
585 1156 674 1217 tanta
697 1153 829 1218 fontium
851 1156 982 1238 penuria
1006 1156 1065 1220 dici
1082 1156 1209 1236 nequit‘
1233 1154 1352 1230 (Hense
1373 1154 1393 1216 l.
1409 1173 1434 1218 c.
1449 1172 1479 1235 p.
1502 1151 1573 1231 46);
1599 1151 1635 1213 in
1653 1151 1747 1214 cuins

509 1258 644 1320 tractatu
679 1256 717 1319 de
748 1257 879 1338 pedibus
913 1260 955 1342 (p'.
979 1260 1057 1336 474,
1090 1259 1252 1334 30-482,
1279 1258 1318 1319 10
1342 1256 1386 1336 Κ)
1420 1275 1482 1320 101
1511 1254 1624 1318 minus
1661 1254 1747 1316 bona

510 1357 548 1421 de
571 1358 790 1441 rhythmorum
812 1361 843 1425 vi
866 1361 1008 1427 doctrina
1029 1363 1110 1426 latet
1132 1379 1229 1443 quam
1250 1360 1283 1423 in
1305 1359 1463 1443 plerisque
1486 1357 1746 1442 Byzantinorum

510 1460 549 1525 de
571 1460 632 1525 hac
653 1480 686 1525 re
709 1463 967 1549 scriptionibus.¹)
1012 1466 1126 1529 Rarius
1148 1463 1311 1528 Atilium
1333 1461 1667 1527 Fortunatianum
1693 1460 1745 1523 ad·

510 1563 606 1641 hihui,
630 1564 682 1646 qui
705 1584 777 1629 cum
801 1567 839 1630 ab
855 1566 935 1631 Iuba
956 1571 1025 1632 turn
1049 1567 1191 1634 aCaesio
1214 1565 1331 1649 pendet
1352 1565 1530 1647 (Westphal
1545 1564 1566 1626 l.
1581 1584 1613 1628 c.
1629 1583 1662 1645 p.
1684 1565 1744 1625 153

510 1666 629 1742 -157;
661 1668 732 1732 Keil
756 1667 793 1733 G.
805 1668 840 1732 L.
864 1669 909 1733 VI
931 1672 1009 1745 253;
1031 1671 1137 1735 Hense
1159 1671 1180 1734 1.
1201 1688 1227 1733 0.
1248 1690 1277 1752 p.
1302 1667 1493 1746 roc-160).
1538 1667 1584 1730 Er
1611 1670 1744 1748 Augu-

509 1767 600 1833 stini
624 1770 712 1834 libris
745 1771 782 1835 de
805 1774 938 1851 musica,
961 1774 1036 1838 licet
1058 1774 1213 1856 quaedam
1243 1791 1260 1836 e
1282 1772 1420 1836 Varrone
1442 1770 1605 1845 fluxerint,
1644 1789 1744 1851 quam

509 1892 610 1955 pauca
642 1874 814 1951 lucremur,
849 1877 927 1940 satis
960 1880 1085 1942 constat
1122 1876 1299 1959 (Westphal
1326 1875 1497 1948 1.0.129;
1529 1873 1644 1938 Hense
1668 1874 1692 1936 l.
1717 1892 1742 1936 c.

509 1995 539 2059 p.
565 1976 626 2038 160
650 1980 722 2058 sq).

595 2080 715 2158 Restat,
737 2084 773 2146 ut
796 2083 834 2147 de
855 2083 1110 2164 rhetoribus2)
1131 2102 1233 2166 pauca
1256 2083 1367 2147 dicam.
1403 2080 1542 2161 Quorum
1558 2081 1742 2164 principem

509 2182 783 2265 Hermogenem
815 2187 899 2251 idem
929 2188 1003 2251 tulit
1036 2186 1210 2262 saeculum,
1245 2205 1306 2267 quo
1339 2184 1541 2259 Heliodorus
1579 2185 1741 2248 Aristides

512 2283 649 2363 Quintil,
671 2286 1004 2365 PseudoPlutarchus,
1026 2289 1218 2372 Hephaestio
1239 2289 1421 2353 floruerunt.

598 2389 646 2453 De
669 2393 808 2455 numeris
831 2394 971 2458 oratoriis
994 2393 1206 2475 Hermogenes
1233 2392 1265 2456 in
1287 2392 1337 2455 his
1359 2391 1558 2473 potissimum
1582 2390 1742 2456 librorum

512 2489 590 2577 περὶ
613 2486 705 2556 ἰδεῶν
726 2496 881 2578 capitibus
904 2496 1058 2579 disputat:
1086 2493 1163 2582 περὶ
1186 2488 1411 2580 καθαρότητος
1434 2493 1463 2572 (Ι
1486 2494 1529 2572 3),
1552 2518 1592 2556 rr.
1616 2491 1742 2575 σεμνό-

511 2618 605 2681 τηῑος
627 2596 655 2677 (Ι
671 2595 712 2678 6),
736 2622 773 2660 π.
796 2595 991 2684 τραχύτητος
1012 2600 1098 2681 (17),
1121 2624 1159 2662 π.
1183 2591 1369 2680 ἐπιμελείας
1391 2593 1446 2660 καὶ
1467 2592 1603 2673 κάλλους
1626 2597 1660 2675 (Ι
1680 2599 1742 2675 12),

513 2721 550 2761 π.
574 2694 762 2787 γοργότητος
776 2701 818 2781 (II
836 2704 881 2782 1);
903 2722 966 2767 101
988 2703 1021 2765 11
1043 2703 1184 2767 omnium
1206 2702 1346 2766 idearum
1371 2699 1591 2782 descriptione:
1615 2701 1741 2764 scilicet

512 2820 551 2865 ne
568 2804 693 2868 crebras
709 2806 878 2870 earundem
898 2826 1002 2871 rerum
1017 2807 1217 2889 repet‘tiones
1237 2806 1411 2869 evitaturns
1427 2804 1565 2885 argutias
1583 2822 1740 2884 quaerere

511 2908 680 2987 cogeretur.
1178 2979 1180 2985 ¹

597 3007 656 3087 Qui
687 3012 927 3076 commentarios
955 3013 993 3077 ad
1020 3013 1251 3095 Hermogenem
1284 3011 1476 3093 scripserunt
1503 3012 1605 3074 bonae
1635 3011 1740 3095 frugis

511 3112 708 3193 plenissimos
731 3114 866 3178 necdum
895 3134 1092 3198 aquoquarn
1115 3117 1154 3180 ad
1177 3133 1248 3178 suos
1271 3115 1372 3178 tontes
1394 3116 1563 3189 revocatos,
1583 3115 1740 3198 Anony-

511 3234 591 3278 mus
614 3217 706 3280 tomi
729 3217 791 3280 VH
816 3219 951 3301 corporis
977 3219 1138 3284 rhetorum
1162 3219 1354 3283 Graecorum
1378 3216 1541 3291 waldoni,
1575 3219 1632 3297 qui
1665 3225 1739 3282 ante

512 3316 667 3382 decimum
686 3322 770 3386 certe
793 3322 953 3386 saeculnm
968 3322 1052 3398 vixit,
1073 3322 1235 3386 Ioannes
1259 3318 1426 3395 Siculus,
1450 3338 1545 3400 quem
1560 3319 1622 3383 sub
1638 3320 1738 3385 finem

512 3421 629 3485 saeculi
651 3423 714 3486 XII
734 3424 876 3488 floruisse
899 3425 1076 3508 suspicatur
1098 3425 1200 3500 Walz‚
1228 3422 1412 3487 Maximus
1435 3422 1647 3499 Planudes,
1685 3426 1738 3506 qui

512 3526 635 3588 saeculo
657 3526 732 3589 XIV
746 3530 947 3610 anonymum
962 3529 1051 3592 illum
1066 3528 1142 3592 torni
1159 3527 1220 3590 VII
1243 3526 1415 3608 exscripsit,
1438 3526 1471 3590 in
1488 3526 1582 3590 rebus
1606 3527 1648 3590 ad
1666 3528 1739 3591 doc·

511 3628 626 3691 trinam
650 3630 813 3694 metricam
836 3632 1064 3714 pertinentibus
1079 3631 1195 3713 partim
1217 3631 1350 3713 optimos
1367 3631 1510 3693 auctores
1524 3629 1677 3694 videntur
1693 3652 1738 3695 se·

397 3783 406 3799 .
512 3731 700 3815 satiasset)
744 3732 864 3812 Quibus
880 3735 1059 3799 auctoribus
1082 3735 1108 3798 si
1131 3731 1525 3814 Pseudo-Longinum,
1548 3733 1641 3799 cuius
1659 3736 1736 3820 περὶ

583 3972 602 4039 ¹)
621 3973 696 4040 Quae
715 3972 748 4025 de
761 3971 872 4040 pedibus
891 3973 1088 4042 pentasyllabis
1107 3971 1266 4026 aDiornede
1284 3970 1424 4035 docentur,
1444 3987 1478 4025 ea
1498 3987 1584 4039 aequo
1602 3987 1639 4027 ae
1652 3984 1736 4043 caput

512 4057 536 4110 V
555 4058 688 4127 Anonymi
706 4058 877 4112 Ambrosiam
895 4058 930 4112 ad
948 4059 1078 4113 Galenum
1098 4057 1198 4124 redire,
1222 4058 1268 4126 qui
1289 4057 1464 4113 Philoxenum
1488 4058 1596 4111 videtur
1615 4061 1735 4128 exscrip-

512 4143 587 4208 sisse,
605 4144 743 4211 sagaciter
760 4144 900 4212 perspexit
917 4145 1082 4199 Stndemund
1102 4144 1201 4198 Anecd.
1220 4143 1283 4197 Var.
1302 4144 1353 4197 sol.
1372 4146 1385 4198 1
1403 4145 1461 4197 232.

581 4231 602 4295 1)
621 4229 719 4284 Stoicis
738 4229 803 4284 nihil
822 4230 922 4284 debant
939 4230 1062 4285 rhetores
1080 4230 1107 4284 in
1125 4230 1174 4296 eis,
1196 4245 1266 4297 quae
1284 4229 1317 4284 de
1341 4227 1494 4298 rhythmica
1512 4228 1646 4284 emtionis
1664 4247 1734 4286 com-

511 4314 647 4381 positione
666 4315 852 4383 prsecipiunt;
871 4316 903 4370 cl.
918 4316 1093 4371 Franciscum
1107 4315 1216 4370 Striller
1234 4315 1275 4369 ‘dc
1294 4313 1445 4368 Stoicorum
1465 4314 1562 4368 studiis
1580 4316 1733 4372 rhetoricis·

512 4401 539 4452 in
558 4400 710 4462 ,Breslauer
727 4400 924 4469 Philologische
944 4400 1168 4469 abhandlungen‘
1188 4401 1238 4455 vol.
1259 4400 1271 4452 1
1290 4399 1380 4454 fascic.
1402 4399 1427 4452 ll
1446 4400 1640 4468 (Vratislavise
1656 4405 1733 4470 18811)

582 4575 606 4639 ⁸)
623 4571 706 4627 Velut
734 4588 751 4627 a
778 4570 907 4641 Dionysio
931 4571 1017 4626 Halic.
1045 4573 1133 4628 locum
1160 4573 1255 4642 (comp.
1279 4572 1351 4627 verb.
1371 4586 1392 4625 0.
1414 4572 1442 4623 ll
1462 4586 1489 4637 p.
1509 4571 1651 4641 126801.)
1678 4591 1732 4629 mu·
