<?xml version="1.0" encoding="UTF-8"?>
<!DOCTYPE html PUBLIC "-//W3C//DTD XHTML 1.0 Transitional//EN"
    "http://www.w3.org/TR/xhtml1/DTD/xhtml1-transitional.dtd">
<html xmlns="http://www.w3.org/1999/xhtml" xml:lang="en" lang="en">
 <head>
  <title>
</title>
<meta http-equiv="Content-Type" content="text/html;charset=utf-8" />
  <meta name='ocr-system' content='tesseract 3.04.00' />
  <meta name='ocr-capabilities' content='ocr_page ocr_carea ocr_par ocr_line ocrx_word'/>
</head>
<body>
  <div class='ocr_page' id='page_1' title='image "./destoicorumstud00strigoog_0512.png"; bbox 0 0 3560 5242; ppageno 0'>
   <div class='ocr_carea' id='block_1_1' title="bbox 202 389 1421 1005">
    <p class='ocr_par' dir='ltr' id='par_1_1' title="bbox 707 389 916 487">
     <span class='ocr_line' id='line_1_1' title="bbox 707 389 916 487; baseline 0.005 -1"><span class='ocrx_word' id='word_1_1' title='bbox 707 389 916 487; x_wconf 47' lang='lat' dir='ltr'><strong>...AL</strong></span> 
     </span>
    </p>

    <p class='ocr_par' dir='ltr' id='par_1_2' title="bbox 202 607 1421 1005">
     <span class='ocr_line' id='line_1_2' title="bbox 203 607 1421 693; baseline 0 -21"><span class='ocrx_word' id='word_1_2' title='bbox 203 607 274 672; x_wconf 89' lang='grc'>919.</span> <span class='ocrx_word' id='word_1_3' title='bbox 300 609 334 692; x_wconf 89' lang='grc'><strong>1)</strong></span> <span class='ocrx_word' id='word_1_4' title='bbox 356 610 546 686; x_wconf 83' lang='lat' dir='ltr'><strong>visumest,</strong></span> <span class='ocrx_word' id='word_1_5' title='bbox 570 611 658 675; x_wconf 82' lang='lat' dir='ltr'><strong>valde</strong></span> <span class='ocrx_word' id='word_1_6' title='bbox 682 611 800 677; x_wconf 88' lang='lat' dir='ltr'><strong>dubito.</strong></span> <span class='ocrx_word' id='word_1_7' title='bbox 839 611 1085 676; x_wconf 86' lang='lat' dir='ltr'><strong>Commendatnr</strong></span> <span class='ocrx_word' id='word_1_8' title='bbox 1108 610 1241 693; x_wconf 86' lang='lat' dir='ltr'><strong>denique</strong></span> <span class='ocrx_word' id='word_1_9' title='bbox 1265 607 1421 674; x_wconf 84' lang='lat' dir='ltr'><strong>sententia</strong></span> 
     </span>
     <span class='ocr_line' id='line_1_3' title="bbox 202 711 1421 799; baseline 0.001 -25"><span class='ocrx_word' id='word_1_10' title='bbox 202 713 311 776; x_wconf 78' lang='lat' dir='ltr'><strong>nostm</strong></span> <span class='ocrx_word' id='word_1_11' title='bbox 332 732 377 786; x_wconf 91' lang='lat' dir='ltr'><strong>eo,</strong></span> <span class='ocrx_word' id='word_1_12' title='bbox 401 714 482 796; x_wconf 90' lang='lat' dir='ltr'><strong>quod</strong></span> <span class='ocrx_word' id='word_1_13' title='bbox 498 713 656 778; x_wconf 87' lang='grc'>1111999199</span> <span class='ocrx_word' id='word_1_14' title='bbox 673 715 739 796; x_wconf 83' lang='grc'>(25,</span> <span class='ocrx_word' id='word_1_15' title='bbox 757 716 775 776; x_wconf 82' lang='lat' dir='ltr'><strong>&#39;l</strong></span> <span class='ocrx_word' id='word_1_16' title='bbox 792 712 852 798; x_wconf 91' lang='lat' dir='ltr'><strong>sq.)</strong></span> <span class='ocrx_word' id='word_1_17' title='bbox 867 715 961 779; x_wconf 84' lang='lat' dir='ltr'><strong>etiarn</strong></span> <span class='ocrx_word' id='word_1_18' title='bbox 976 714 1159 799; x_wconf 86' lang='lat' dir='ltr'><strong>paulopost</strong></span> <span class='ocrx_word' id='word_1_19' title='bbox 1180 732 1226 789; x_wconf 91' lang='lat' dir='ltr'><strong>eu,</strong></span> <span class='ocrx_word' id='word_1_20' title='bbox 1249 712 1286 776; x_wconf 92' lang='lat' dir='ltr'><strong>de</strong></span> <span class='ocrx_word' id='word_1_21' title='bbox 1308 711 1421 794; x_wconf 90' lang='lat' dir='ltr'><strong>quibus</strong></span> 
     </span>
     <span class='ocr_line' id='line_1_4' title="bbox 203 815 1421 902; baseline 0.002 -25"><span class='ocrx_word' id='word_1_22' title='bbox 203 831 288 878; x_wconf 87' lang='lat' dir='ltr'><strong>nuno</strong></span> <span class='ocrx_word' id='word_1_23' title='bbox 317 815 433 898; x_wconf 89' lang='lat' dir='ltr'><strong>agitur,</strong></span> <span class='ocrx_word' id='word_1_24' title='bbox 468 817 563 881; x_wconf 89' lang='lat' dir='ltr'><strong>verba</strong></span> <span class='ocrx_word' id='word_1_25' title='bbox 590 817 726 882; x_wconf 89' lang='lat' dir='ltr'><strong>eundem</strong></span> <span class='ocrx_word' id='word_1_26' title='bbox 759 818 956 902; x_wconf 87' lang='lat' dir='ltr'><strong>apologetam</strong></span> <span class='ocrx_word' id='word_1_27' title='bbox 984 835 1021 880; x_wconf 88' lang='lat' dir='ltr'><strong>ao</strong></span> <span class='ocrx_word' id='word_1_28' title='bbox 1047 815 1260 880; x_wconf 76' lang='lat' dir='ltr'><strong>Tertullianus</strong></span> <span class='ocrx_word' id='word_1_29' title='bbox 1294 816 1421 880; x_wconf 87' lang='grc'>9999199</span> 
     </span>
     <span class='ocr_line' id='line_1_5' title="bbox 206 917 981 1005; baseline 0.004 -25"><span class='ocrx_word' id='word_1_30' title='bbox 206 917 269 994; x_wconf 87' lang='grc'>991,</span> <span class='ocrx_word' id='word_1_31' title='bbox 294 917 323 982; x_wconf 84' lang='grc'><strong>11</strong></span> <span class='ocrx_word' id='word_1_32' title='bbox 348 920 430 1002; x_wconf 93' lang='lat' dir='ltr'><strong>quod</strong></span> <span class='ocrx_word' id='word_1_33' title='bbox 453 919 534 984; x_wconf 86' lang='lat' dir='ltr'><strong>inira</strong></span> <span class='ocrx_word' id='word_1_34' title='bbox 558 919 710 1004; x_wconf 79' lang='lat' dir='ltr'><strong>copiosius</strong></span> <span class='ocrx_word' id='word_1_35' title='bbox 733 921 981 1005; x_wconf 77' lang='lat' dir='ltr'><strong>explanabimus,</strong></span> 
     </span>
    </p>
   </div>
   <div class='ocr_carea' id='block_1_2' title="bbox 202 1039 1425 2145">
    <p class='ocr_par' dir='ltr' id='par_1_3' title="bbox 202 1039 1425 2145">
     <span class='ocr_line' id='line_1_6' title="bbox 290 1039 1423 1123; baseline 0.001 -21"><span class='ocrx_word' id='word_1_36' title='bbox 290 1039 470 1121; x_wconf 79' lang='lat' dir='ltr'><strong>Antequam</strong></span> <span class='ocrx_word' id='word_1_37' title='bbox 493 1039 532 1103; x_wconf 88' lang='lat' dir='ltr'><strong>ad</strong></span> <span class='ocrx_word' id='word_1_38' title='bbox 556 1039 683 1104; x_wconf 91' lang='lat' dir='ltr'><strong>tertium</strong></span> <span class='ocrx_word' id='word_1_39' title='bbox 708 1041 812 1105; x_wconf 90' lang='lat' dir='ltr'><strong>looum</strong></span> <span class='ocrx_word' id='word_1_40' title='bbox 835 1041 1012 1116; x_wconf 77' lang='lat' dir='ltr'><strong>transeam,</strong></span> <span class='ocrx_word' id='word_1_41' title='bbox 1043 1059 1104 1122; x_wconf 92' lang='lat' dir='ltr'><strong>quo</strong></span> <span class='ocrx_word' id='word_1_42' title='bbox 1132 1039 1176 1102; x_wconf 88' lang='grc'><strong>19</strong></span> <span class='ocrx_word' id='word_1_43' title='bbox 1197 1059 1236 1103; x_wconf 89' lang='lat' dir='ltr'><strong>re</strong></span> <span class='ocrx_word' id='word_1_44' title='bbox 1259 1039 1423 1123; x_wconf 88' lang='lat' dir='ltr'><strong>publiea</strong></span> 
     </span>
     <span class='ocr_line' id='line_1_7' title="bbox 205 1139 1422 1227; baseline 0.003 -24"><span class='ocrx_word' id='word_1_45' title='bbox 205 1139 302 1205; x_wconf 89' lang='lat' dir='ltr'><strong>libros</strong></span> <span class='ocrx_word' id='word_1_46' title='bbox 324 1141 499 1207; x_wconf 86' lang='lat' dir='ltr'><strong>Minnoinm</strong></span> <span class='ocrx_word' id='word_1_47' title='bbox 522 1141 694 1226; x_wconf 82' lang='lat' dir='ltr'><strong>inspexisse</strong></span> <span class='ocrx_word' id='word_1_48' title='bbox 710 1143 856 1227; x_wconf 82' lang='lat' dir='ltr'><strong>proclivis</strong></span> <span class='ocrx_word' id='word_1_49' title='bbox 871 1145 920 1209; x_wconf 89' lang='lat' dir='ltr'><strong>est</strong></span> <span class='ocrx_word' id='word_1_50' title='bbox 935 1143 1081 1227; x_wconf 92' lang='lat' dir='ltr'><strong>snspioio,</strong></span> <span class='ocrx_word' id='word_1_51' title='bbox 1104 1142 1240 1207; x_wconf 85' lang='lat' dir='ltr'><strong>breviter</strong></span> <span class='ocrx_word' id='word_1_52' title='bbox 1256 1141 1422 1227; x_wconf 75' lang='lat' dir='ltr'><strong>disputabo</strong></span> 
     </span>
     <span class='ocr_line' id='line_1_8' title="bbox 203 1241 1418 1329; baseline 0.001 -22"><span class='ocrx_word' id='word_1_53' title='bbox 203 1241 242 1307; x_wconf 91' lang='grc'><strong>19</strong></span> <span class='ocrx_word' id='word_1_54' title='bbox 265 1243 339 1308; x_wconf 83' lang='lat' dir='ltr'><strong>liin.</strong></span> <span class='ocrx_word' id='word_1_55' title='bbox 364 1245 415 1322; x_wconf 87' lang='grc'>25,</span> <span class='ocrx_word' id='word_1_56' title='bbox 440 1245 489 1321; x_wconf 88' lang='grc'><strong>12,</strong></span> <span class='ocrx_word' id='word_1_57' title='bbox 514 1263 608 1327; x_wconf 91' lang='lat' dir='ltr'><strong>quem</strong></span> <span class='ocrx_word' id='word_1_58' title='bbox 630 1246 735 1310; x_wconf 84' lang='lat' dir='ltr'><strong>losum</strong></span> <span class='ocrx_word' id='word_1_59' title='bbox 758 1247 983 1311; x_wconf 89' lang='lat' dir='ltr'><strong>aTertulliano</strong></span> <span class='ocrx_word' id='word_1_60' title='bbox 1005 1245 1095 1329; x_wconf 87' lang='lat' dir='ltr'><strong>Apol.</strong></span> <span class='ocrx_word' id='word_1_61' title='bbox 1112 1245 1152 1309; x_wconf 89' lang='grc'><strong>26</strong></span> <span class='ocrx_word' id='word_1_62' title='bbox 1175 1265 1205 1329; x_wconf 97' lang='lat' dir='ltr'><strong>p.</strong></span> <span class='ocrx_word' id='word_1_63' title='bbox 1225 1245 1296 1322; x_wconf 88' lang='grc'>116,</span> <span class='ocrx_word' id='word_1_64' title='bbox 1313 1247 1333 1308; x_wconf 87' lang='grc'>9</span> <span class='ocrx_word' id='word_1_65' title='bbox 1350 1265 1418 1329; x_wconf 91' lang='lat' dir='ltr'><strong>sqq.</strong></span> 
     </span>
     <span class='ocr_line' id='line_1_9' title="bbox 203 1347 1421 1432; baseline 0.002 -21"><span class='ocrx_word' id='word_1_66' title='bbox 203 1347 393 1431; x_wconf 77' lang='lat' dir='ltr'><strong>exscriptum</strong></span> <span class='ocrx_word' id='word_1_67' title='bbox 416 1367 485 1412; x_wconf 88' lang='grc'>9999</span> <span class='ocrx_word' id='word_1_68' title='bbox 508 1347 679 1412; x_wconf 88' lang='lat' dir='ltr'><strong>arbitratur</strong></span> <span class='ocrx_word' id='word_1_69' title='bbox 699 1349 843 1414; x_wconf 75' lang='lat' dir='ltr'><strong>ilbertus.</strong></span> <span class='ocrx_word' id='word_1_70' title='bbox 881 1349 938 1415; x_wconf 86' lang='lat' dir='ltr'><strong>Cui</strong></span> <span class='ocrx_word' id='word_1_71' title='bbox 962 1367 1156 1432; x_wconf 90' lang='lat' dir='ltr'><strong>quamquam</strong></span> <span class='ocrx_word' id='word_1_72' title='bbox 1171 1347 1332 1412; x_wconf 88' lang='lat' dir='ltr'><strong>Hartelins</strong></span> <span class='ocrx_word' id='word_1_73' title='bbox 1354 1349 1421 1413; x_wconf 90' lang='lat' dir='ltr'><strong>inre</strong></span> 
     </span>
     <span class='ocr_line' id='line_1_10' title="bbox 202 1449 1421 1536; baseline 0.001 -23"><span class='ocrx_word' id='word_1_74' title='bbox 202 1449 401 1527; x_wconf 83' lang='lat' dir='ltr'><strong>eontradirit,</strong></span> <span class='ocrx_word' id='word_1_75' title='bbox 430 1454 537 1516; x_wconf 77' lang='lat' dir='ltr'><strong>tannen</strong></span> <span class='ocrx_word' id='word_1_76' title='bbox 565 1450 603 1514; x_wconf 87' lang='lat' dir='ltr'><strong>N.</strong></span> <span class='ocrx_word' id='word_1_77' title='bbox 630 1451 868 1517; x_wconf 83' lang='lat' dir='ltr'><strong>Bonuetsohius</strong></span> <span class='ocrx_word' id='word_1_78' title='bbox 892 1453 974 1536; x_wconf 91' lang='grc'>(1.9.</span> <span class='ocrx_word' id='word_1_79' title='bbox 997 1453 1100 1536; x_wconf 76' lang='lat' dir='ltr'><strong>p.22‘&gt;</strong></span> <span class='ocrx_word' id='word_1_80' title='bbox 1128 1452 1244 1516; x_wconf 83' lang='lat' dir='ltr'><strong>ilberto</strong></span> <span class='ocrx_word' id='word_1_81' title='bbox 1274 1469 1421 1516; x_wconf 87' lang='lat' dir='ltr'><strong>assensus</strong></span> 
     </span>
     <span class='ocr_line' id='line_1_11' title="bbox 203 1550 1421 1638; baseline 0.001 -22"><span class='ocrx_word' id='word_1_82' title='bbox 203 1553 260 1616; x_wconf 90' lang='grc'><strong>991</strong></span> <span class='ocrx_word' id='word_1_83' title='bbox 297 1550 400 1632; x_wconf 85' lang='lat' dir='ltr'><strong>Quare</strong></span> <span class='ocrx_word' id='word_1_84' title='bbox 423 1553 497 1636; x_wconf 91' lang='lat' dir='ltr'><strong>quin</strong></span> <span class='ocrx_word' id='word_1_85' title='bbox 521 1553 769 1637; x_wconf 80' lang='lat' dir='ltr'><strong>redintegramus</strong></span> <span class='ocrx_word' id='word_1_86' title='bbox 790 1555 1015 1637; x_wconf 85' lang='lat' dir='ltr'><strong>quaestionem,</strong></span> <span class='ocrx_word' id='word_1_87' title='bbox 1039 1553 1141 1619; x_wconf 86' lang='lat' dir='ltr'><strong>faeere</strong></span> <span class='ocrx_word' id='word_1_88' title='bbox 1164 1572 1227 1619; x_wconf 93' lang='lat' dir='ltr'><strong>uon</strong></span> <span class='ocrx_word' id='word_1_89' title='bbox 1244 1573 1421 1638; x_wconf 91' lang='lat' dir='ltr'><strong>possumus.</strong></span> 
     </span>
     <span class='ocr_line' id='line_1_12' title="bbox 203 1653 1422 1740; baseline 0.002 -22"><span class='ocrx_word' id='word_1_90' title='bbox 203 1653 323 1733; x_wconf 84' lang='lat' dir='ltr'><strong>Quodsi</strong></span> <span class='ocrx_word' id='word_1_91' title='bbox 357 1656 445 1721; x_wconf 90' lang='lat' dir='ltr'><strong>nobis</strong></span> <span class='ocrx_word' id='word_1_92' title='bbox 479 1657 656 1740; x_wconf 85' lang='lat' dir='ltr'><strong>eontigerit,</strong></span> <span class='ocrx_word' id='word_1_93' title='bbox 690 1660 726 1721; x_wconf 92' lang='lat' dir='ltr'><strong>ut</strong></span> <span class='ocrx_word' id='word_1_94' title='bbox 758 1658 816 1722; x_wconf 90' lang='lat' dir='ltr'><strong>bos</strong></span> <span class='ocrx_word' id='word_1_95' title='bbox 848 1658 933 1723; x_wconf 89' lang='lat' dir='ltr'><strong>loeus</strong></span> <span class='ocrx_word' id='word_1_96' title='bbox 961 1658 1000 1722; x_wconf 86' lang='lat' dir='ltr'><strong>ad</strong></span> <span class='ocrx_word' id='word_1_97' title='bbox 1031 1675 1231 1724; x_wconf 90' lang='lat' dir='ltr'><strong>oommnnem</strong></span> <span class='ocrx_word' id='word_1_98' title='bbox 1261 1658 1422 1722; x_wconf 77' lang='lat' dir='ltr'><strong>auctorem</strong></span> 
     </span>
     <span class='ocr_line' id='line_1_13' title="bbox 205 1757 1422 1844; baseline 0.002 -23"><span class='ocrx_word' id='word_1_99' title='bbox 205 1757 453 1822; x_wconf 79' lang='lat' dir='ltr'><strong>ecclesiasticum</strong></span> <span class='ocrx_word' id='word_1_100' title='bbox 491 1778 689 1837; x_wconf 86' lang='lat' dir='ltr'><strong>resooemns,</strong></span> <span class='ocrx_word' id='word_1_101' title='bbox 727 1780 763 1825; x_wconf 93' lang='lat' dir='ltr'><strong>eo</strong></span> <span class='ocrx_word' id='word_1_102' title='bbox 796 1762 897 1844; x_wconf 90' lang='lat' dir='ltr'><strong>magis</strong></span> <span class='ocrx_word' id='word_1_103' title='bbox 931 1758 1122 1826; x_wconf 84' lang='lat' dir='ltr'><strong>ridebuntur</strong></span> <span class='ocrx_word' id='word_1_104' title='bbox 1155 1760 1251 1824; x_wconf 87' lang='lat' dir='ltr'><strong>etium</strong></span> <span class='ocrx_word' id='word_1_105' title='bbox 1287 1758 1359 1824; x_wconf 89' lang='lat' dir='ltr'><strong>illis&#39;</strong></span> <span class='ocrx_word' id='word_1_106' title='bbox 1385 1760 1422 1824; x_wconf 90' lang='lat' dir='ltr'><strong>de</strong></span> 
     </span>
     <span class='ocr_line' id='line_1_14' title="bbox 205 1860 1423 1943; baseline 0.002 -19"><span class='ocrx_word' id='word_1_107' title='bbox 205 1861 319 1943; x_wconf 91' lang='lat' dir='ltr'><strong>quibus</strong></span> <span class='ocrx_word' id='word_1_108' title='bbox 344 1860 440 1926; x_wconf 79' lang='grc'>19919</span> <span class='ocrx_word' id='word_1_109' title='bbox 468 1865 577 1926; x_wconf 85' lang='lat' dir='ltr'><strong>aetum</strong></span> <span class='ocrx_word' id='word_1_110' title='bbox 602 1864 651 1927; x_wconf 90' lang='lat' dir='ltr'><strong>est</strong></span> <span class='ocrx_word' id='word_1_111' title='bbox 679 1863 755 1928; x_wconf 87' lang='lat' dir='ltr'><strong>loeis</strong></span> <span class='ocrx_word' id='word_1_112' title='bbox 778 1863 935 1928; x_wconf 87' lang='lat' dir='ltr'><strong>Miuuoins</strong></span> <span class='ocrx_word' id='word_1_113' title='bbox 963 1865 995 1928; x_wconf 91' lang='lat' dir='ltr'><strong>et</strong></span> <span class='ocrx_word' id='word_1_114' title='bbox 1016 1863 1228 1928; x_wconf 87' lang='lat' dir='ltr'><strong>Tertullianus</strong></span> <span class='ocrx_word' id='word_1_115' title='bbox 1253 1881 1289 1927; x_wconf 82' lang='lat' dir='ltr'><strong>er</strong></span> <span class='ocrx_word' id='word_1_116' title='bbox 1313 1861 1423 1928; x_wconf 89' lang='lat' dir='ltr'><strong>eodem</strong></span> 
     </span>
     <span class='ocr_line' id='line_1_15' title="bbox 205 1954 1425 2050; baseline 0.001 -23"><span class='ocrx_word' id='word_1_117' title='bbox 205 1964 370 2047; x_wconf 91' lang='lat' dir='ltr'><strong>apologeta</strong></span> <span class='ocrx_word' id='word_1_118' title='bbox 391 1963 535 2049; x_wconf 91' lang='lat' dir='ltr'><strong>pendere.</strong></span> <span class='ocrx_word' id='word_1_119' title='bbox 579 1963 630 2028; x_wconf 94' lang='lat' dir='ltr'><strong>Illi</strong></span> <span class='ocrx_word' id='word_1_120' title='bbox 655 1965 739 2030; x_wconf 90' lang='lat' dir='ltr'><strong>euim</strong></span> <span class='ocrx_word' id='word_1_121' title='bbox 761 1954 820 2030; x_wconf 86' lang='lat' dir='ltr'><strong>looi</strong></span> <span class='ocrx_word' id='word_1_122' title='bbox 843 1985 915 2031; x_wconf 90' lang='lat' dir='ltr'><strong>eum</strong></span> <span class='ocrx_word' id='word_1_123' title='bbox 938 1967 990 2044; x_wconf 92' lang='lat' dir='ltr'><strong>iis,</strong></span> <span class='ocrx_word' id='word_1_124' title='bbox 1013 1967 1051 2031; x_wconf 93' lang='lat' dir='ltr'><strong>de</strong></span> <span class='ocrx_word' id='word_1_125' title='bbox 1074 1967 1189 2049; x_wconf 90' lang='lat' dir='ltr'><strong>quibus</strong></span> <span class='ocrx_word' id='word_1_126' title='bbox 1211 1984 1296 2030; x_wconf 91' lang='lat' dir='ltr'><strong>nuno</strong></span> <span class='ocrx_word' id='word_1_127' title='bbox 1319 1965 1425 2050; x_wconf 93' lang='lat' dir='ltr'><strong>dispu-</strong></span> 
     </span>
     <span class='ocr_line' id='line_1_16' title="bbox 204 2067 1117 2145; baseline 0.002 -15"><span class='ocrx_word' id='word_1_128' title='bbox 204 2067 337 2132; x_wconf 91' lang='lat' dir='ltr'><strong>tandum</strong></span> <span class='ocrx_word' id='word_1_129' title='bbox 361 2069 424 2145; x_wconf 85' lang='lat' dir='ltr'><strong>est,</strong></span> <span class='ocrx_word' id='word_1_130' title='bbox 448 2069 515 2131; x_wconf 85' lang='lat' dir='ltr'><strong>arto</strong></span> <span class='ocrx_word' id='word_1_131' title='bbox 539 2069 766 2133; x_wconf 87' lang='lat' dir='ltr'><strong>sententiarum</strong></span> <span class='ocrx_word' id='word_1_132' title='bbox 791 2088 909 2134; x_wconf 82' lang='lat' dir='ltr'><strong>oonern</strong></span> <span class='ocrx_word' id='word_1_133' title='bbox 933 2069 1117 2134; x_wconf 88' lang='lat' dir='ltr'><strong>oohaerent:</strong></span> 
     </span>
    </p>
   </div>
   <div class='ocr_carea' id='block_1_3' title="bbox 154 2205 1427 3010">
    <p class='ocr_par' dir='ltr' id='par_1_4' title="bbox 154 2205 1427 3010">
     <span class='ocr_line' id='line_1_17' title="bbox 462 2205 1172 2278; baseline 0.004 -10"><span class='ocrx_word' id='word_1_134' title='bbox 462 2205 538 2269; x_wconf 85' lang='lat' dir='ltr'><strong>Min.</strong></span> <span class='ocrx_word' id='word_1_135' title='bbox 813 2253 816 2278; x_wconf 86' lang='lat'>.</span> <span class='ocrx_word' id='word_1_136' title='bbox 1089 2207 1172 2272; x_wconf 83' lang='lat' dir='ltr'><strong>Tert</strong></span> 
     </span>
     <span class='ocr_line' id='line_1_18' title="bbox 289 2307 1427 2392; baseline 0.002 -22"><span class='ocrx_word' id='word_1_137' title='bbox 289 2307 331 2371; x_wconf 80' lang='lat' dir='ltr'><strong>nt</strong></span> <span class='ocrx_word' id='word_1_138' title='bbox 353 2309 459 2374; x_wconf 89' lang='lat' dir='ltr'><strong>tamen</strong></span> <span class='ocrx_word' id='word_1_139' title='bbox 483 2310 556 2372; x_wconf 87' lang='lat' dir='ltr'><strong>ante</strong></span> <span class='ocrx_word' id='word_1_140' title='bbox 579 2327 631 2372; x_wconf 89' lang='lat' dir='ltr'><strong>eos</strong></span> <span class='ocrx_word' id='word_1_141' title='bbox 654 2307 711 2390; x_wconf 80' lang='grc'>(99.</span> <span class='ocrx_word' id='word_1_142' title='bbox 728 2308 793 2372; x_wconf 87' lang='lat' dir='ltr'><strong>Ro·</strong></span> <span class='ocrx_word' id='word_1_143' title='bbox 912 2307 1005 2388; x_wconf 43' lang='lat' dir='ltr'><strong>,outo</strong></span> <span class='ocrx_word' id='word_1_144' title='bbox 1027 2309 1161 2374; x_wconf 85' lang='lat' dir='ltr'><strong>erratis?</strong></span> <span class='ocrx_word' id='word_1_145' title='bbox 1183 2310 1266 2392; x_wconf 92' lang='lat' dir='ltr'><strong>prior</strong></span> <span class='ocrx_word' id='word_1_146' title='bbox 1288 2313 1337 2374; x_wconf 91' lang='grc'><strong>991</strong></span> <span class='ocrx_word' id='word_1_147' title='bbox 1359 2309 1427 2391; x_wconf 91' lang='lat' dir='ltr'><strong>qui-</strong></span> 
     </span>
     <span class='ocr_line' id='line_1_19' title="bbox 154 2405 1425 2494; baseline 0.002 -22"><span class='ocrx_word' id='word_1_148' title='bbox 154 2405 155 2408; x_wconf 68' lang='grc'>’</span> <span class='ocrx_word' id='word_1_149' title='bbox 203 2411 348 2490; x_wconf 86' lang='lat' dir='ltr'><strong>manos)</strong></span> <span class='ocrx_word' id='word_1_150' title='bbox 384 2411 450 2475; x_wconf 92' lang='lat' dir='ltr'><strong>Deo</strong></span> <span class='ocrx_word' id='word_1_151' title='bbox 495 2411 695 2494; x_wconf 88' lang='lat' dir='ltr'><strong>dispensante</strong></span> <span class='ocrx_word' id='word_1_152' title='bbox 740 2412 792 2476; x_wconf 92' lang='grc'><strong>119</strong></span> <span class='ocrx_word' id='word_1_153' title='bbox 838 2411 972 2476; x_wconf 89' lang='lat' dir='ltr'><strong>busdam</strong></span> <span class='ocrx_word' id='word_1_154' title='bbox 983 2411 1049 2476; x_wconf 90' lang='lat' dir='ltr'><strong>deis</strong></span> <span class='ocrx_word' id='word_1_155' title='bbox 1060 2412 1125 2476; x_wconf 92' lang='lat' dir='ltr'><strong>suis</strong></span> <span class='ocrx_word' id='word_1_156' title='bbox 1138 2412 1425 2487; x_wconf 77' lang='lat' dir='ltr'><strong>silvestrisltoma,</strong></span> 
     </span>
     <span class='ocr_line' id='line_1_20' title="bbox 203 2515 1427 2600; baseline 0.004 -26"><span class='ocrx_word' id='word_1_157' title='bbox 203 2529 323 2591; x_wconf 86' lang='lat' dir='ltr'><strong>regna</strong></span> <span class='ocrx_word' id='word_1_158' title='bbox 371 2517 584 2578; x_wconf 90' lang='lat' dir='ltr'><strong>tennerunt</strong></span> <span class='ocrx_word' id='word_1_159' title='bbox 627 2515 792 2600; x_wconf 85' lang='lat' dir='ltr'><strong>Assyrii,</strong></span> <span class='ocrx_word' id='word_1_160' title='bbox 838 2515 1195 2597; x_wconf 86' lang='lat' dir='ltr'><strong>anteregnavitqnam</strong></span> <span class='ocrx_word' id='word_1_161' title='bbox 1219 2517 1427 2580; x_wconf 86' lang='lat' dir='ltr'><strong>tantumam·</strong></span> 
     </span>
     <span class='ocr_line' id='line_1_21' title="bbox 203 2613 1426 2701; baseline 0.003 -25"><span class='ocrx_word' id='word_1_162' title='bbox 203 2613 317 2691; x_wconf 86' lang='lat' dir='ltr'><strong>Medi,</strong></span> <span class='ocrx_word' id='word_1_163' title='bbox 344 2615 616 2692; x_wconf 82' lang='lat' dir='ltr'><strong>Pe1·sae,Grueoi</strong></span> <span class='ocrx_word' id='word_1_164' title='bbox 644 2617 740 2682; x_wconf 87' lang='lat' dir='ltr'><strong>etiam</strong></span> <span class='ocrx_word' id='word_1_165' title='bbox 763 2621 795 2684; x_wconf 88' lang='lat' dir='ltr'><strong>et</strong></span> <span class='ocrx_word' id='word_1_166' title='bbox 838 2618 941 2683; x_wconf 88' lang='lat' dir='ltr'><strong>bitum</strong></span> <span class='ocrx_word' id='word_1_167' title='bbox 969 2617 1112 2701; x_wconf 85' lang='lat' dir='ltr'><strong>Capitolii</strong></span> <span class='ocrx_word' id='word_1_168' title='bbox 1145 2617 1310 2681; x_wconf 84' lang='lat' dir='ltr'><strong>extrueret.</strong></span> <span class='ocrx_word' id='word_1_169' title='bbox 1361 2617 1426 2681; x_wconf 90' lang='lat' dir='ltr'><strong>Re·</strong></span> 
     </span>
     <span class='ocr_line' id='line_1_22' title="bbox 203 2719 1424 2804; baseline 0.002 -24"><span class='ocrx_word' id='word_1_170' title='bbox 203 2719 404 2801; x_wconf 83' lang='lat' dir='ltr'><strong>Aegyptii,</strong></span> <span class='ocrx_word' id='word_1_171' title='bbox 427 2738 509 2783; x_wconf 90' lang='lat' dir='ltr'><strong>enm</strong></span> <span class='ocrx_word' id='word_1_172' title='bbox 531 2719 795 2785; x_wconf 77' lang='lat' dir='ltr'><strong>Pontificeset</strong></span> <span class='ocrx_word' id='word_1_173' title='bbox 838 2723 1054 2804; x_wconf 86' lang='lat' dir='ltr'><strong>gnaverant</strong></span> <span class='ocrx_word' id='word_1_174' title='bbox 1088 2723 1120 2784; x_wconf 89' lang='grc'><strong>91</strong></span> <span class='ocrx_word' id='word_1_175' title='bbox 1153 2719 1318 2802; x_wconf 89' lang='lat' dir='ltr'><strong>Babylonii</strong></span> <span class='ocrx_word' id='word_1_176' title='bbox 1351 2723 1424 2784; x_wconf 88' lang='lat' dir='ltr'><strong>unte</strong></span> 
     </span>
     <span class='ocr_line' id='line_1_23' title="bbox 204 2821 1425 2900; baseline 0.002 -17"><span class='ocrx_word' id='word_1_177' title='bbox 204 2822 336 2885; x_wconf 87' lang='lat' dir='ltr'><strong>Arvales</strong></span> <span class='ocrx_word' id='word_1_178' title='bbox 360 2826 392 2885; x_wconf 91' lang='grc'><strong>91</strong></span> <span class='ocrx_word' id='word_1_179' title='bbox 414 2821 541 2886; x_wconf 88' lang='lat' dir='ltr'><strong>Salios</strong></span> <span class='ocrx_word' id='word_1_180' title='bbox 565 2826 602 2887; x_wconf 88' lang='grc'><strong>91</strong></span> <span class='ocrx_word' id='word_1_181' title='bbox 621 2821 793 2887; x_wconf 84' lang='lat' dir='ltr'><strong>Vestales</strong></span> <span class='ocrx_word' id='word_1_182' title='bbox 838 2823 1083 2900; x_wconf 77' lang='lat' dir='ltr'><strong>Pontiiioes,</strong></span> <span class='ocrx_word' id='word_1_183' title='bbox 1118 2825 1155 2886; x_wconf 90' lang='grc'>91</span> <span class='ocrx_word' id='word_1_184' title='bbox 1202 2821 1301 2886; x_wconf 85' lang='lat' dir='ltr'><strong>Medi</strong></span> <span class='ocrx_word' id='word_1_185' title='bbox 1352 2823 1425 2885; x_wconf 88' lang='grc'>9919</span> 
     </span>
     <span class='ocr_line' id='line_1_24' title="bbox 205 2921 1424 3010; baseline 0.001 -24"><span class='ocrx_word' id='word_1_186' title='bbox 205 2929 238 2986; x_wconf 89' lang='grc'><strong>91</strong></span> <span class='ocrx_word' id='word_1_187' title='bbox 270 2931 414 3006; x_wconf 85' lang='lat' dir='ltr'><strong>Augures</strong></span> <span class='ocrx_word' id='word_1_188' title='bbox 451 2943 513 2989; x_wconf 93' lang='lat' dir='ltr'><strong>non</strong></span> <span class='ocrx_word' id='word_1_189' title='bbox 550 2925 704 2990; x_wconf 89' lang='lat' dir='ltr'><strong>haberent</strong></span> <span class='ocrx_word' id='word_1_190' title='bbox 736 2943 794 2988; x_wconf 92' lang='lat' dir='ltr'><strong>neo</strong></span> <span class='ocrx_word' id='word_1_191' title='bbox 839 2924 1122 3005; x_wconf 82' lang='lat' dir='ltr'><strong>Quindeoimviros,</strong></span> <span class='ocrx_word' id='word_1_192' title='bbox 1172 2929 1204 2989; x_wconf 90' lang='lat' dir='ltr'><strong>et</strong></span> <span class='ocrx_word' id='word_1_193' title='bbox 1245 2921 1424 3010; x_wconf 86' lang='lat' dir='ltr'><strong>Aegyptii</strong></span> 
     </span>
    </p>
   </div>
   <div class='ocr_carea' id='block_1_4' title="bbox 204 3019 1426 3421">
    <p class='ocr_par' dir='ltr' id='par_1_5' title="bbox 204 3019 1426 3315">
     <span class='ocr_line' id='line_1_25' title="bbox 204 3019 1425 3111; baseline 0.002 -21"><span class='ocrx_word' id='word_1_194' title='bbox 204 3019 308 3109; x_wconf 90' lang='lat' dir='ltr'><strong>pullos</strong></span> <span class='ocrx_word' id='word_1_195' title='bbox 342 3045 437 3091; x_wconf 85' lang='lat' dir='ltr'><strong>eavea</strong></span> <span class='ocrx_word' id='word_1_196' title='bbox 469 3028 622 3102; x_wconf 87' lang='lat' dir='ltr'><strong>reolnsos,</strong></span> <span class='ocrx_word' id='word_1_197' title='bbox 660 3045 793 3109; x_wconf 89' lang='lat' dir='ltr'><strong>quorum</strong></span> <span class='ocrx_word' id='word_1_198' title='bbox 839 3032 911 3092; x_wconf 90' lang='lat' dir='ltr'><strong>ante</strong></span> <span class='ocrx_word' id='word_1_199' title='bbox 941 3027 1076 3106; x_wconf 86' lang='lat' dir='ltr'><strong>Salios,</strong></span> <span class='ocrx_word' id='word_1_200' title='bbox 1106 3032 1142 3093; x_wconf 92' lang='lat' dir='ltr'><strong>et</strong></span> <span class='ocrx_word' id='word_1_201' title='bbox 1169 3027 1321 3111; x_wconf 90' lang='lat' dir='ltr'><strong>Assyrii</strong></span> <span class='ocrx_word' id='word_1_202' title='bbox 1352 3031 1425 3092; x_wconf 87' lang='lat' dir='ltr'><strong>ante</strong></span> 
     </span>
     <span class='ocr_line' id='line_1_26' title="bbox 205 3115 1426 3214; baseline 0.002 -20"><span class='ocrx_word' id='word_1_203' title='bbox 205 3129 273 3194; x_wconf 89' lang='lat' dir='ltr'><strong>oibo</strong></span> <span class='ocrx_word' id='word_1_204' title='bbox 318 3115 366 3193; x_wconf 79' lang='lat' dir='ltr'><strong>uel</strong></span> <span class='ocrx_word' id='word_1_205' title='bbox 411 3129 537 3194; x_wconf 81' lang='lat' dir='ltr'><strong>fastidio</strong></span> <span class='ocrx_word' id='word_1_206' title='bbox 581 3148 631 3193; x_wconf 91' lang='lat' dir='ltr'><strong>res</strong></span> <span class='ocrx_word' id='word_1_207' title='bbox 669 3130 794 3212; x_wconf 87' lang='lat' dir='ltr'><strong>publiea</strong></span> <span class='ocrx_word' id='word_1_208' title='bbox 838 3131 1005 3214; x_wconf 74' lang='lat' dir='ltr'><strong>Lupercos,</strong></span> <span class='ocrx_word' id='word_1_209' title='bbox 1028 3135 1060 3195; x_wconf 91' lang='lat' dir='ltr'><strong>et</strong></span> <span class='ocrx_word' id='word_1_210' title='bbox 1074 3134 1248 3196; x_wconf 85' lang='lat' dir='ltr'><strong>Amazones</strong></span> <span class='ocrx_word' id='word_1_211' title='bbox 1264 3131 1426 3196; x_wconf 86' lang='lat' dir='ltr'><strong>anteVir-</strong></span> 
     </span>
     <span class='ocr_line' id='line_1_27' title="bbox 205 3233 1425 3315; baseline 0.002 -18"><span class='ocrx_word' id='word_1_212' title='bbox 205 3251 330 3297; x_wconf 86' lang='lat' dir='ltr'><strong>summa</strong></span> <span class='ocrx_word' id='word_1_213' title='bbox 352 3233 521 3314; x_wconf 86' lang='lat' dir='ltr'><strong>regeretur.</strong></span> <span class='ocrx_word' id='word_1_214' title='bbox 838 3233 947 3315; x_wconf 86' lang='lat' dir='ltr'><strong>giues</strong></span> <span class='ocrx_word' id='word_1_215' title='bbox 975 3233 1161 3298; x_wconf 90' lang='lat' dir='ltr'><strong>Vestales.</strong></span> <span class='ocrx_word' id='word_1_216' title='bbox 1205 3233 1369 3298; x_wconf 91' lang='lat' dir='ltr'><strong>Postremo</strong></span> <span class='ocrx_word' id='word_1_217' title='bbox 1398 3237 1425 3299; x_wconf 92' lang='lat' dir='ltr'><strong>si</strong></span> 
     </span>
    </p>

    <p class='ocr_par' dir='ltr' id='par_1_6' title="bbox 837 3335 1426 3421">
     <span class='ocr_line' id='line_1_28' title="bbox 837 3335 1426 3421; baseline 0.005 -21"><span class='ocrx_word' id='word_1_218' title='bbox 837 3336 998 3400; x_wconf 88' lang='lat' dir='ltr'><strong>Romanae</strong></span> <span class='ocrx_word' id='word_1_219' title='bbox 1025 3335 1191 3418; x_wconf 85' lang='lat' dir='ltr'><strong>religiones</strong></span> <span class='ocrx_word' id='word_1_220' title='bbox 1218 3356 1316 3418; x_wconf 84' lang='lat' dir='ltr'><strong>regna</strong></span> <span class='ocrx_word' id='word_1_221' title='bbox 1337 3357 1426 3421; x_wconf 88' lang='lat' dir='ltr'><strong>prae-</strong></span> 
     </span>
    </p>
   </div>
   <div class='ocr_carea' id='block_1_5' title="bbox 813 3439 1426 4242">
    <p class='ocr_par' dir='ltr' id='par_1_7' title="bbox 813 3439 1426 4242">
     <span class='ocr_line' id='line_1_29' title="bbox 837 3439 1425 3520; baseline 0.007 -19"><span class='ocrx_word' id='word_1_222' title='bbox 837 3442 938 3515; x_wconf 88' lang='lat' dir='ltr'><strong>stant,</strong></span> <span class='ocrx_word' id='word_1_223' title='bbox 982 3457 1145 3520; x_wconf 92' lang='lat' dir='ltr'><strong>unuquam</strong></span> <span class='ocrx_word' id='word_1_224' title='bbox 1189 3443 1272 3504; x_wconf 91' lang='lat' dir='ltr'><strong>retro</strong></span> <span class='ocrx_word' id='word_1_225' title='bbox 1307 3439 1425 3505; x_wconf 89' lang='lat' dir='ltr'><strong>Iudaea</strong></span> 
     </span>
     <span class='ocr_line' id='line_1_30' title="bbox 814 3539 1423 3635; baseline 0.005 -30"><span class='ocrx_word' id='word_1_226' title='bbox 814 3539 816 3635; x_wconf 62' lang='grc'><strong>1</strong></span> <span class='ocrx_word' id='word_1_227' title='bbox 836 3543 999 3624; x_wconf 84' lang='lat' dir='ltr'><strong>regnasset</strong></span> <span class='ocrx_word' id='word_1_228' title='bbox 1022 3540 1195 3625; x_wconf 87' lang='lat' dir='ltr'><strong>despeetrix</strong></span> <span class='ocrx_word' id='word_1_229' title='bbox 1210 3545 1423 3608; x_wconf 88' lang='lat' dir='ltr'><strong>oommnuinm</strong></span> 
     </span>
     <span class='ocr_line' id='line_1_31' title="bbox 835 3643 1425 3722; baseline 0.003 -15"><span class='ocrx_word' id='word_1_230' title='bbox 835 3645 970 3708; x_wconf 84' lang='lat' dir='ltr'><strong>istarum</strong></span> <span class='ocrx_word' id='word_1_231' title='bbox 1007 3643 1222 3722; x_wconf 88' lang='lat' dir='ltr'><strong>divinitatum,</strong></span> <span class='ocrx_word' id='word_1_232' title='bbox 1268 3645 1356 3710; x_wconf 90' lang='grc'>99199</span> <span class='ocrx_word' id='word_1_233' title='bbox 1393 3651 1425 3711; x_wconf 88' lang='grc'><strong>91</strong></span> 
     </span>
     <span class='ocr_line' id='line_1_32' title="bbox 814 3747 1424 3832; baseline 0.002 -20"><span class='ocrx_word' id='word_1_234' title='bbox 814 3786 816 3826; x_wconf 65' lang='grc' dir='ltr'>Ι</span> <span class='ocrx_word' id='word_1_235' title='bbox 836 3747 930 3812; x_wconf 92' lang='lat' dir='ltr'><strong>deum</strong></span> <span class='ocrx_word' id='word_1_236' title='bbox 954 3747 1090 3811; x_wconf 78' lang='lat' dir='ltr'><strong>victimis</strong></span> <span class='ocrx_word' id='word_1_237' title='bbox 1113 3751 1147 3811; x_wconf 89' lang='lat' dir='ltr'><strong>et</strong></span> <span class='ocrx_word' id='word_1_238' title='bbox 1165 3747 1320 3832; x_wconf 88' lang='lat' dir='ltr'><strong>templum</strong></span> <span class='ocrx_word' id='word_1_239' title='bbox 1336 3748 1424 3814; x_wconf 91' lang='lat' dir='ltr'><strong>donis</strong></span> 
     </span>
     <span class='ocr_line' id='line_1_33' title="bbox 813 3840 1423 3933; baseline 0 -19"><span class='ocrx_word' id='word_1_240' title='bbox 813 3840 815 3850; x_wconf 79' lang='lat'>&#39;</span> <span class='ocrx_word' id='word_1_241' title='bbox 835 3854 868 3914; x_wconf 91' lang='grc'><strong>91</strong></span> <span class='ocrx_word' id='word_1_242' title='bbox 890 3854 1016 3932; x_wconf 89' lang='lat' dir='ltr'><strong>gentem</strong></span> <span class='ocrx_word' id='word_1_243' title='bbox 1039 3850 1215 3915; x_wconf 86' lang='lat' dir='ltr'><strong>foederibus</strong></span> <span class='ocrx_word' id='word_1_244' title='bbox 1231 3851 1423 3933; x_wconf 89' lang='lat' dir='ltr'><strong>aliquamdiu</strong></span> 
     </span>
     <span class='ocr_line' id='line_1_34' title="bbox 835 3953 1424 4035; baseline -0.003 -16"><span class='ocrx_word' id='word_1_245' title='bbox 835 3954 969 4019; x_wconf 84' lang='lat' dir='ltr'><strong>Romani</strong></span> <span class='ocrx_word' id='word_1_246' title='bbox 1014 3953 1205 4032; x_wconf 88' lang='lat' dir='ltr'><strong>honorastis,</strong></span> <span class='ocrx_word' id='word_1_247' title='bbox 1249 3972 1424 4035; x_wconf 88' lang='lat' dir='ltr'><strong>numquam</strong></span> 
     </span>
     <span class='ocr_line' id='line_1_35' title="bbox 837 4056 1426 4132; baseline 0 -12"><span class='ocrx_word' id='word_1_248' title='bbox 837 4057 1024 4121; x_wconf 90' lang='lat' dir='ltr'><strong>dominaturi</strong></span> <span class='ocrx_word' id='word_1_249' title='bbox 1047 4056 1130 4132; x_wconf 90' lang='lat' dir='ltr'><strong>eius,</strong></span> <span class='ocrx_word' id='word_1_250' title='bbox 1160 4056 1186 4120; x_wconf 94' lang='lat' dir='ltr'><strong>si</strong></span> <span class='ocrx_word' id='word_1_251' title='bbox 1209 4057 1266 4120; x_wconf 93' lang='lat' dir='ltr'><strong>deo</strong></span> <span class='ocrx_word' id='word_1_252' title='bbox 1289 4075 1350 4120; x_wconf 92' lang='lat' dir='ltr'><strong>non</strong></span> <span class='ocrx_word' id='word_1_253' title='bbox 1373 4056 1426 4120; x_wconf 92' lang='grc'><strong>19-</strong></span> 
     </span>
     <span class='ocr_line' id='line_1_36' title="bbox 815 4159 1365 4242; baseline 0.004 -18"><span class='ocrx_word' id='word_1_254' title='bbox 815 4184 818 4232; x_wconf 70' lang='grc'><strong>1</strong></span> <span class='ocrx_word' id='word_1_255' title='bbox 838 4159 982 4242; x_wconf 86' lang='lat' dir='ltr'><strong>liquisset</strong></span> <span class='ocrx_word' id='word_1_256' title='bbox 1003 4160 1114 4224; x_wconf 88' lang='lat' dir='ltr'><strong>ultimo</strong></span> <span class='ocrx_word' id='word_1_257' title='bbox 1137 4159 1169 4223; x_wconf 92' lang='lat' dir='ltr'><strong>in</strong></span> <span class='ocrx_word' id='word_1_258' title='bbox 1193 4159 1365 4226; x_wconf 84' lang='lat' dir='ltr'><strong>Christum.</strong></span> 
     </span>
    </p>
   </div>
   <div class='ocr_carea' id='block_1_6' title="bbox 206 4279 1518 4676">
    <p class='ocr_par' dir='ltr' id='par_1_8' title="bbox 206 4279 1518 4676">
     <span class='ocr_line' id='line_1_37' title="bbox 299 4279 1424 4349; baseline -0.005 0"><span class='ocrx_word' id='word_1_259' title='bbox 299 4285 463 4349; x_wconf 74' lang='lat' dir='ltr'><strong>Octavium</strong></span> <span class='ocrx_word' id='word_1_260' title='bbox 499 4282 714 4349; x_wconf 86' lang='lat' dir='ltr'><strong>Christianum</strong></span> <span class='ocrx_word' id='word_1_261' title='bbox 749 4299 920 4346; x_wconf 89' lang='lat' dir='ltr'><strong>memorem</strong></span> <span class='ocrx_word' id='word_1_262' title='bbox 954 4280 1066 4344; x_wconf 90' lang='lat' dir='ltr'><strong>borum</strong></span> <span class='ocrx_word' id='word_1_263' title='bbox 1098 4279 1224 4344; x_wconf 84' lang='lat' dir='ltr'><strong>Caeeilii</strong></span> <span class='ocrx_word' id='word_1_264' title='bbox 1258 4279 1424 4344; x_wconf 86' lang='lat' dir='ltr'><strong>verborum</strong></span> 
     </span>
     <span class='ocr_line' id='line_1_38' title="bbox 207 4373 1518 4470; baseline -0.003 -20"><span class='ocrx_word' id='word_1_265' title='bbox 207 4387 250 4468; x_wconf 85' lang='grc'>(6,</span> <span class='ocrx_word' id='word_1_266' title='bbox 275 4390 324 4470; x_wconf 87' lang='grc'><strong>2);</strong></span> <span class='ocrx_word' id='word_1_267' title='bbox 353 4386 440 4451; x_wconf 83' lang='lat' dir='ltr'><strong>‘dnm</strong></span> <span class='ocrx_word' id='word_1_268' title='bbox 468 4386 579 4451; x_wconf 89' lang='lat' dir='ltr'><strong>urbem</strong></span> <span class='ocrx_word' id='word_1_269' title='bbox 606 4385 754 4449; x_wconf 89' lang='lat' dir='ltr'><strong>muniunt</strong></span> <span class='ocrx_word' id='word_1_270' title='bbox 784 4402 944 4449; x_wconf 88' lang='lat' dir='ltr'><strong>saoromm</strong></span> <span class='ocrx_word' id='word_1_271' title='bbox 971 4381 1187 4466; x_wconf 88' lang='lat' dir='ltr'><strong>religionibus,</strong></span> <span class='ocrx_word' id='word_1_272' title='bbox 1215 4382 1332 4447; x_wconf 88' lang='grc'>999119</span> <span class='ocrx_word' id='word_1_273' title='bbox 1355 4382 1425 4446; x_wconf 89' lang='lat' dir='ltr'><strong>vir·</strong></span> <span class='ocrx_word' id='word_1_274' title='bbox 1515 4373 1518 4380; x_wconf 81' lang='grc'>’</span> 
     </span>
     <span class='ocr_line' id='line_1_39' title="bbox 206 4485 1424 4573; baseline -0.002 -21"><span class='ocrx_word' id='word_1_275' title='bbox 206 4490 379 4573; x_wconf 91' lang='lat' dir='ltr'><strong>ginibus,</strong></span> <span class='ocrx_word' id='word_1_276' title='bbox 402 4489 512 4553; x_wconf 91' lang='lat' dir='ltr'><strong>moltis</strong></span> <span class='ocrx_word' id='word_1_277' title='bbox 527 4487 696 4554; x_wconf 89' lang='lat' dir='ltr'><strong>honoribus</strong></span> <span class='ocrx_word' id='word_1_278' title='bbox 712 4506 749 4552; x_wconf 90' lang='lat' dir='ltr'><strong>ao</strong></span> <span class='ocrx_word' id='word_1_279' title='bbox 771 4485 987 4552; x_wconf 90' lang='lat' dir='ltr'><strong>nominibus</strong></span> <span class='ocrx_word' id='word_1_280' title='bbox 1011 4485 1264 4551; x_wconf 81' lang='lat' dir='ltr'><strong>saeerdotnm’</strong></span> <span class='ocrx_word' id='word_1_281' title='bbox 1280 4485 1424 4550; x_wconf 86' lang='grc'>999111919</span> 
     </span>
     <span class='ocr_line' id='line_1_40' title="bbox 208 4588 1423 4676; baseline -0.002 -20"><span class='ocrx_word' id='word_1_282' title='bbox 208 4593 363 4676; x_wconf 87' lang='lat' dir='ltr'><strong>virginum</strong></span> <span class='ocrx_word' id='word_1_283' title='bbox 398 4592 573 4657; x_wconf 90' lang='lat' dir='ltr'><strong>Vestalium</strong></span> <span class='ocrx_word' id='word_1_284' title='bbox 607 4591 712 4656; x_wconf 89' lang='lat' dir='ltr'><strong>inlusa</strong></span> <span class='ocrx_word' id='word_1_285' title='bbox 742 4589 806 4674; x_wconf 81' lang='grc'>(25,</span> <span class='ocrx_word' id='word_1_286' title='bbox 835 4591 889 4674; x_wconf 85' lang='grc'><strong>10)</strong></span> <span class='ocrx_word' id='word_1_287' title='bbox 923 4589 1101 4675; x_wconf 74' lang='grc'>9991111999,</span> <span class='ocrx_word' id='word_1_288' title='bbox 1132 4589 1277 4667; x_wconf 87' lang='lat' dir='ltr'><strong>Arvales,</strong></span> <span class='ocrx_word' id='word_1_289' title='bbox 1312 4588 1423 4667; x_wconf 85' lang='lat' dir='ltr'><strong>Salios,</strong></span> 
     </span>
    </p>
   </div>
   <div class='ocr_carea' id='block_1_7' title="bbox 0 0 1788 5242">
    <p class='ocr_par' dir='ltr' id='par_1_9' title="bbox 0 0 1788 5242">
     <span class='ocr_line' id='line_1_41' title="bbox 0 0 1788 5242; baseline 0 0"><span class='ocrx_word' id='word_1_290' title='bbox 0 0 1788 5242; x_wconf 95' lang='lat' dir='ltr'><strong> </strong></span> 
     </span>
    </p>
   </div>
  </div>
 </body>
</html>
