3560 5242
804 404 844 468 37

217 629 295 687 turn
324 645 439 709 magno
465 645 533 691 esse
562 627 695 710 gaudio
727 629 806 692 deri·
850 629 962 710 quirit,
991 631 1023 692 et
1049 626 1141 691 Isiaci
1167 627 1275 692 miseri
1298 613 1449 691 caedunt

217 727 311 790 sisset
334 731 390 801 (sc.
415 728 562 811 Seneca),
591 749 671 814 cum·
686 730 805 812 perdi·
825 774 827 793 ,
848 735 976 812 pectora
1003 731 1036 793 ct
1062 729 1231 793 dolorem
1258 727 1435 792 infelicissi-

217 830 267 894 tio
290 830 371 894 cius
392 832 640 913 inventioque
656 802 919 936 fingatuqlmec
953 833 1062 896 matris
1094 831 1314 895 imitantur:
1348 848 1432 893 mox

216 932 325 995 dolor
362 937 467 996 tamen
505 933 558 998 ille
597 936 690 1015 atque
727 935 804 998 laa-
845 935 1005 999 invento
1037 934 1166 1017 parvulo
1194 933 1335 1014 gaudet
1363 931 1433 1006 Isis,

216 1034 306 1098 titia
339 1036 378 1098 ab
413 1036 470 1110 eis,
507 1037 560 1117 qui
591 1036 689 1099 nihil
724 1055 803 1119 per·
846 1037 1023 1101 exultant
1062 1036 1253 1111 sacerdotes,
1295 1033 1434 1116 Cynoce-

216 1136 402 1200 dideruut
438 1137 614 1219 nihilque
652 1139 802 1202 invene·
846 1140 959 1222 phalas
992 1139 1136 1201 inventor
1170 1137 1337 1218 gloriatur,
1375 1155 1433 1199 nec

214 1242 318 1314 runt,
357 1241 509 1304 veraciter
546 1241 800 1322 exprimatur:
846 1243 994 1306 desinunt
1027 1240 1137 1303 annis
1173 1239 1349 1302 omnibus
1382 1237 1432 1301 vel

216 1339 308 1405 ‘Huic
331 1343 459 1418 tamen',
482 1343 592 1424 inquit,
615 1342 721 1406 ‘furori
737 1361 803 1406 cer·
823 1305 825 1407 l
845 1343 1006 1426 perdere
1029 1340 1129 1423 quod
1151 1341 1432 1404 inveniuntvcl

215 1445 512 1526 tumtempusest.
558 1445 803 1509 Tolerabilecst
847 1443 1380 1525 invenirequodpcrdunt.¹)

215 1545 332 1609 semel
355 1563 451 1609 anno
472 1547 630 1610 insanire'.

299 1647 357 1710 His
380 1650 427 1712 tot
446 1649 521 1712 locis
544 1668 617 1715 cum
640 1650 722 1732 apud
745 1649 975 1714 Tertullianum
997 1649 1076 1712 nibil
1099 1646 1298 1730 respondeat,
1321 1646 1434 1728 Apolo-

215 1749 353 1830 geticum
377 1749 426 1813 vix
449 1751 572 1816 ridetur
595 1771 631 1816 ex
654 1751 783 1817 Octavio
805 1753 940 1816 fluxisse.

299 1851 382 1929 Hoc,
406 1852 444 1915 ad
468 1871 563 1934 quem
585 1854 786 1919 tractandum
810 1875 894 1919 nunc
916 1855 1098 1928 transimus,
1122 1854 1188 1916 loco
1205 1851 1379 1916 Minucium
1394 1851 1433 1914 de

214 1955 433 2037 superstitione
463 1955 584 2037 dialogo
613 1975 705 2019 usum
734 1977 796 2022 non
825 1977 892 2022 esse
916 1959 1036 2040 primus
1059 1954 1217 2038 perspexit
1240 1958 1275 2018 A.
1300 1952 1430 2017 Reiffer-

213 2056 384 2120 scheidius:

257 2159 328 2222 Sen.
353 2158 390 2222 de
413 2165 545 2241 superat.
569 2160 650 2243 apud
666 2165 746 2244 Aug.
764 2163 798 2228 C.
887 2162 962 2225 Min.
992 2163 1078 2236 25,8
1106 2161 1318 2224 Romanorum
1347 2157 1432 2222 enim

212 2260 250 2323 D.
276 2259 321 2323 VI
338 2262 377 2323 10
403 2263 488 2336 Quid
503 2281 574 2344 cryc
591 2265 730 2340 tandem,
752 2266 799 2328 in·
843 2264 1027 2329 vernaculos
1059 2262 1134 2326 deos
1167 2262 1328 2324 novimus:
1367 2259 1432 2323 Ro-

213 2364 296 2444 quit,
334 2363 455 2426 veriora
490 2364 548 2427 tibi
586 2367 731 2431 videntur
763 2367 1017 2444 T.=mulus,²)
1058 2365 1190 2435 Picus,
1225 2362 1431 2426 Tiberinus

211 2465 292 2529 Tatii
322 2470 377 2528 aut
400 2465 525 2529 Romuli
553 2471 608 2531 aut
630 2469 712 2532 Tulli
735 2469 798 2534 Ho-
818 2424 820 2498 ¹
843 2473 875 2534 ct
906 2469 1027 2533 Consus
1057 2468 1089 2530 et
1111 2465 1277 2529 Pilumnus
1306 2483 1342 2527 ac
1371 2463 1433 2528 Vo-

212 2567 286 2630 stilii
310 2568 452 2632 somnia?
490 2568 710 2634 Cloacinam
736 2572 799 2635 Ta-
842 2574 971 2636 lemnus
1004 2571 1056 2633 dii.
1111 2567 1335 2633 Cloacinam
1368 2567 1432 2630 Ta-

211 2671 290 2733 tius
329 2670 486 2735 dedicavit
522 2671 628 2748 deam,
665 2672 797 2738 Picum
843 2675 921 2737 tius
945 2676 976 2738 et
998 2673 1117 2736 invenit
1139 2670 1294 2745 etcoluit,
1316 2668 1431 2733 Pavo-

210 2771 798 2855 Tiberinumquellomulusfflo-
842 2794 921 2840 rem
957 2774 1150 2839 Hostilius
1195 2776 1310 2854 atque
1347 2770 1429 2834 Pal·

211 2875 347 2938 stilins
369 2875 553 2940 Pavorem
580 2880 693 2958 atque
717 2877 798 2941 Pal·
843 2879 977 2953 lorem,
1000 2875 1226 2941 maranescio
1244 2894 1304 2956 quo
1320 2874 1429 2938 Febris

211 2975 330 3040 lorem
385 2980 581 3043 taeterrimus
633 2981 797 3044 hominum
843 2980 1000 3043 dedicata:
1047 2979 1123 3042 haec
1168 2977 1297 3042 alumna
1342 2976 1428 3040 urbis

281 3183 302 3246 ²)
322 3179 420 3235 Nescio
443 3197 479 3235 aa
503 3183 586 3236 etiam
604 3182 685 3250 haec,
710 3197 779 3250 quas
796 3181 909 3238 subinde
926 3189 1088 3248 sequuntur,
1112 3183 1206 3236 verba:
1225 3194 1332 3234 nonne
1350 3179 1425 3232 ridi·

209 3265 317 3318 culum
336 3271 391 3321 est
408 3267 459 3321 rel
476 3268 590 3336 lugere
609 3269 693 3336 quod
711 3267 803 3323 colas
821 3269 871 3323 rel
889 3267 1001 3322 colera
1020 3265 1105 3336 quod
1124 3265 1264 3333 lugeas?
1288 3265 1326 3319 ad
1345 3263 1427 3318 Sene·

209 3367 268 3405 carn
286 3351 429 3406 reserenda
446 3353 510 3409 sint.
546 3355 636 3424 Supra
654 3353 724 3408 enim
743 3356 778 3422 (p.
792 3355 826 3406 13
837 3367 875 3421 sq.
890 3352 952 3406 adn.
965 3354 992 3417 2)
1009 3353 1124 3406 diximus
1142 3351 1214 3404 inter
1226 3351 1346 3406 Senecae
1365 3348 1426 3402 libri

208 3437 242 3490 de
273 3436 466 3503 superstitione
492 3437 620 3508 reliquias
648 3439 752 3508 aliquot
778 3438 851 3508 apud
874 3437 1057 3506 Augustiuum
1081 3443 1205 3490 serratas
1233 3441 1262 3490 et
1287 3434 1425 3488 Plutarchi

208 3521 326 3576 libellum
346 3520 380 3576 de
398 3524 590 3590 superstitione
609 3530 715 3580 tantam
734 3524 938 3579 similitudinem
956 3522 1135 3586 intercedere,
1161 3527 1193 3576 ut
1210 3527 1322 3588 uterque
1341 3518 1426 3586 scrip·

209 3615 253 3660 tor
281 3607 316 3660 ab
343 3623 395 3662 uno
420 3609 567 3678 eodemque
589 3615 701 3665 auctore
726 3625 775 3664 sua
799 3609 947 3678 sumpsisse
970 3609 1102 3663 rideatur.
1144 3605 1223 3676 Apud
1249 3603 1425 3660 Plutarchum

208 3697 301 3745 autem
314 3691 359 3760 (de
377 3701 492 3762 superst.
507 3695 550 3765 13)
561 3696 688 3764 leguntur
705 3695 785 3750 haec:
804 3694 960 3765 Ξονοφάοης
978 3691 1007 3746 δὲ
1025 3693 1167 3763 ὁφοοικός
1183 3691 1246 3746 τοὺς
1258 3691 1426 3760 Αἰγοοετῐοος

208 3781 396 3844 κοπτομένους
413 3781 443 3830 ἐν
459 3785 520 3836 ταῖς
537 3782 644 3854 ἑορταῖς
662 3785 709 3834 καὶ
727 3779 901 3854 θρηνοῦντας
919 3779 1006 3852 ὁρῶν,
1024 3779 1181 3848 malornm
1198 3778 1315 3831 οἰκείως·
1336 3765 1422 3836 οὗτοι,

207 3867 302 3932 φησὶν,
325 3863 353 3914 εἰ
374 3866 436 3930 μὲν
458 3865 540 3918 θεοί
561 3867 643 3930 sicr,
666 3866 708 3933 μὴ
727 3866 890 3935 θρηνεῖτε
908 3863 1043 3920 αὐτούς·
1062 3865 1092 3915 εἰ
1109 3860 1143 3916 δέ
1162 3862 1362 3931 ἅνθρωποι,
1380 3859 1422 3928 μή

208 3945 312 4000 θύετε
335 3947 460 4004 αὐτοῖς.
495 3951 528 4005 cf.
553 3951 624 4007 Plut.
647 3953 682 4008 ls.
706 3953 751 4017 703
778 3951 912 4021 Athanaq.
936 3951 1027 4020 Suppl.
1055 3952 1099 4014 14;
1125 3949 1206 4004 Clam.
1231 3947 1306 4000 Alex.
1333 3945 1423 4000 Protr.

206 4035 230 4098 2,
243 4033 292 4100 24,
311 4033 394 4088 Firm.
413 4034 481 4089 Mat.
499 4035 533 4091 de
551 4051 634 4091 error.
653 4037 719 4106 prol.
741 4038 787 4091 rel.
806 4039 832 4103 8,
846 4037 870 4090 4.

275 4120 299 4184 ¹)
321 4119 425 4174 Iniuria
450 4121 625 4176 Schnenldus
651 4125 688 4192 (p.
706 4125 768 4190 275)
795 4122 923 4177 ‘Romuli’
946 4122 1018 4188 (cod.
1044 4121 1129 4175 Paris.
1153 4117 1316 4180 ‘Romulus’)
1339 4115 1422 4171 scribi

207 4203 294 4258 iussit.
329 4203 459 4260 Romulus
483 4207 553 4262 enim
577 4223 613 4262 ea
636 4209 696 4276 ipsa
719 4223 748 4262 re
772 4215 883 4276 praeter
906 4215 1011 4262 ceteros
1032 4221 1111 4274 reges
1129 4203 1250 4270 excellit,
1276 4202 1347 4270 quod
1365 4203 1426 4271 ipse

206 4288 272 4343 deus
290 4295 333 4343 est
350 4289 394 4358 (ci.
410 4289 476 4345 hlin.
489 4294 531 4355 21,
544 4294 571 4359 9)
590 4298 620 4347 et
636 4294 778 4362 aptissime
795 4309 855 4348 cum
874 4293 985 4361 reliquis
1002 4293 1060 4347 deis
1078 4291 1207 4358 iungitur.
1239 4289 1310 4344 llam
1329 4293 1358 4342 et
1370 4287 1424 4342 Ro-

205 4374 307 4426 mulum
335 4383 364 4430 et
385 4384 492 4432 ceteros
514 4377 579 4433 deos
601 4378 736 4433 Minucius
758 4379 860 4447 despici
883 4380 941 4434 vult
972 4383 1001 4434 et
1025 4375 1167 4433 contemni.
1208 4374 1242 4429 cl.
1261 4375 1326 4428 Min.
1345 4375 1424 4438 25,2

206 4457 292 4526 (Tert.
315 4462 351 4515 ad
374 4469 428 4516 nat.
449 4461 475 4516 ll
493 4464 510 4516 9
527 4479 553 4532 p.
572 4465 631 4530 196,
648 4465 682 4517 21
701 4463 777 4533 sqq).
819 4465 945 4519 Cetermn
964 4465 1022 4533 ipse
1041 4461 1215 4518 Schnenlriua
1239 4460 1342 4514 monuit
1368 4459 1425 4514 iam

206 4543 370 4612 cyprianum
389 4547 489 4615 legisse
507 4547 655 4603 ‘Romulus’
674 4549 760 4619 (Quod
778 4549 851 4606 idola
869 4551 908 4604 dii
920 4567 972 4606 non
985 4549 1068 4605 sintl
1088 4551 1140 4602 ‘est
1158 4547 1317 4601 Romulus
1335 4545 1428 4614 perie-

204 4632 285 4682 rante
304 4629 417 4686 Proculo
435 4631 521 4688 deus
538 4634 640 4700 iactus,
659 4641 688 4689 at
706 4635 785 4690 Picus
803 4641 833 4691 et
850 4636 993 4692 Tiberinus
1013 4675 1019 4689 .
1039 4677 1045 4690 .
1064 4635 1102 4700 .’l·
