3480 5230
937 403 977 466 58

855 492 1066 505 Μ

352 632 527 710 notionem,
556 631 618 695 iam
641 629 849 712 intellegitur,
879 632 1031 714 quomodo
1059 631 1365 714 Pseudo-Longinus
1388 623 1580 714 φαντασίαι·

354 737 457 822 ipsam
481 736 681 819 interpretari
703 736 840 820 potuerit
862 740 930 800 πᾶν
951 728 990 802 τὸ
1012 729 1164 800 ὁπωσοῦν
1187 733 1331 823 ἐννόημα.

439 840 710 922 Pseudo-Longini
740 840 835 906 verba
856 831 1035 926 γεννητικὸν
1055 835 1148 926 λόγου
1170 859 1264 924 supra
1286 839 1365 905 verti
1388 837 1579 915 „verborum

355 944 528 1018 efficiens“;
551 945 658 1009 Morus
683 944 722 1008 ad
738 945 766 1008 h.
782 945 803 1008 l.
827 943 947 1010 Graeca
967 946 1061 1010 verba
1084 945 1129 1010 sic
1146 945 1297 1028 explicat:
1321 944 1404 1027 quod
1426 943 1459 1006 in
1480 942 1581 1006 verba

353 1049 453 1131 possit
474 1067 646 1131 erumpere.
678 1045 760 1127 Quid
783 1048 842 1113 hoo
869 1048 929 1113 sibi
952 1049 1028 1114 velit
1050 1051 1082 1115 et
1103 1049 1207 1134 ipsum
1230 1047 1407 1114 Stoicorum
1434 1046 1580 1111 doctrina

354 1153 547 1236 explanatur.
592 1150 716 1216 Diocles
738 1152 821 1216 enim
845 1151 975 1234 Magnes
999 1152 1080 1236 apud
1103 1153 1193 1232 Diog.
1216 1152 1251 1214 L.
1274 1150 1335 1215 VII
1350 1151 1391 1214 49
1413 1151 1447 1214 in
1469 1169 1582 1214 recen·

355 1255 459 1319 sendis
492 1254 684 1344 philosophis
716 1253 793 1319 haec
823 1254 934 1319 refert:
969 1246 1098 1338 ἀρέσκει
1132 1257 1201 1332 τοῖς
1228 1255 1384 1332 Στωὶνοῖς
1413 1244 1471 1318 τὸν
1499 1248 1579 1336 περί

354 1353 537 1442 φαντασίας
563 1355 616 1420 καί
645 1351 835 1442 αἰσθήσεως
861 1354 1054 1439 προτάττειν
1081 1354 1173 1444 λόγον
1189 1393 1203 1405 -
1216 1393 1231 1405 ·
1248 1359 1441 1442 προηγεῖται
1470 1346 1531 1440 γάρ
1562 1347 1580 1436 ί,

355 1454 529 1544 φαντασία,
552 1451 618 1524 elc'
643 1453 662 1543 ἡ
684 1456 845 1524 διάνοια
868 1457 1098 1546 ἐκλαλητικὴ
1121 1454 1361 1544 ὑπάρχουσα,
1383 1447 1402 1524 3
1426 1455 1578 1538 πάσχει

357 1553 435 1627 ὑπὸ
461 1566 532 1646 τῆς
559 1557 790 1646 φαντασίας,
818 1567 931 1628 τοῦτο
953 1561 1110 1648 ἐκφέρει
1132 1559 1239 1647 λόγῳ.
1284 1563 1388 1627 Etiam
1410 1563 1460 1628 his
1482 1563 1583 1642 sigui·

357 1666 470 1729 ficator
502 1660 686 1749 φαντασίαν
721 1685 789 1730 esse
827 1667 992 1730 verborum
1026 1667 1228 1742 efficientem,
1264 1661 1358 1750 λόγον
1388 1662 1581 1750 perpurum.

355 1769 467 1850 Itaque
490 1769 521 1830 in
545 1767 723 1832 definitione
746 1768 1016 1851 Pseudo-Longini
1038 1771 1144 1834 omnia
1167 1771 1281 1852 optime
1303 1774 1483 1850 congruunt
1505 1788 1581 1832 cum

356 1859 546 1956 praeceptis,
584 1889 662 1952 quae
694 1871 733 1935 da
766 1867 933 1958 φαντασίᾳ
966 1873 1164 1955 protulerunt
1195 1871 1301 1938 Stoici.
1357 1873 1429 1936 Huc
1459 1871 1583 1936 accedit

359 1974 441 2056 quod
469 1975 658 2039 vocabulum
685 1969 854 2058 φαντασία
881 1975 919 2039 ad
942 1976 971 2038 id
997 1976 1079 2056 quod
1101 1994 1157 2040 uos
1181 1976 1314 2040 dicimus
1338 1975 1585 2054 „Vorstellung‘

359 2077 573 2142 denotandum
606 2095 625 2142 a
653 2077 765 2140 Stoicis
793 2075 920 2141 demum
949 2079 1141 2162 philosophis
1169 2079 1365 2144 sollemniter
1391 2079 1583 2159 usurpatum

359 2182 416 2245 est.
455 2179 617 2244 Noverunt
640 2197 716 2244 saue
739 2179 821 2245 haue
843 2199 950 2244 vocem
966 2181 1058 2245 Plato
1080 2183 1112 2246 et
1127 2182 1328 2254 Aristotelem
1351 2181 1406 2246 sed
1429 2181 1483 2244 ille
1506 2199 1581 2243 oum

359 2283 428 2346 aliis
451 2281 623 2359 uocabulis,
652 2282 749 2346 veluti
773 2277 930 2364 αἰσθήσει
953 2286 986 2348 at
1006 2278 1100 2370 δόξῃ,
1130 2284 1306 2366 promiscuo
1329 2301 1367 2347 ca
1389 2283 1502 2358 utitor,
1530 2282 1583 2345 hio

359 2385 459 2449 tribus
482 2384 611 2449 diuersis
632 2385 810 2451 notionibus
833 2387 900 2449 vult
922 2404 990 2450 esse
1013 2381 1210 2470 φαντασίαν,
1234 2405 1312 2468 quas
1334 2387 1379 2450 aie
1402 2385 1581 2468 germanice

357 2487 491 2552 reddidit
512 2487 724 2551 Freudenthol
752 2488 872 2568 (Ueber
898 2488 958 2553 den
982 2489 1102 2569 Begriff
1121 2489 1176 2553 des
1200 2489 1322 2554 Wortes
1345 2483 1509 2574 φαντασία
1531 2489 1580 2552 bei

359 2590 556 2666 Aristoteles,
596 2590 763 2671 Gottingae
795 2592 877 2656 1863
900 2613 928 2674 p.
956 2590 1024 2674 58l:
1068 2592 1101 2674 l)
1131 2595 1256 2657 iussere
1286 2591 1516 2674 Ersebeinung‚
1551 2593 1582 2664 2)

360 2691 486 2768 Schein,
510 2694 540 2770 3)
563 2693 670 2758 inuere
692 2693 923 2773 Erecheiuung,
946 2694 1159 2777 Vorstelluug.

446 2795 515 2859 Iam
544 2815 616 2861 vero
644 2797 684 2860 ad
710 2815 817 2861 vocem
840 2790 1053 2861 εἰδωλοιιοιία
1075 2800 1281 2863 transeamus.
1324 2797 1583 2879 Circumspicien-

360 2899 444 2962 tibus
475 2899 545 2980 quis
568 2899 766 2981 potissimum
793 2901 942 2964 vocabulo
969 2894 1101 2966 εἴδωλον
1129 2919 1206 2964 usus
1229 2901 1279 2976 sit,
1307 2900 1461 2983 llpieurus
1490 2900 1579 2963 nobis

362 3001 510 3074 occurrit,
537 3002 589 3084 qui
605 3002 821 3066 Democritum
844 3005 971 3067 secutus
994 3003 1090 3067 etiam
1104 3003 1259 3068 idolorum
1275 3003 1451 3068 doctrinam
1467 3002 1581 3066 Demo-

362 3103 491 3168 criteum
515 3105 667 3187 recepit.¹)
706 3105 844 3170 Censent
866 3105 962 3188 igitur
976 3107 1119 3188 Epicurei
1143 3105 1318 3190 philosophi
1332 3124 1443 3170 omnes
1458 3107 1580 3170 nostras

361 3201 548 3291 φαντασίας
577 3213 669 3289 (quas
692 3208 818 3272 easdem
841 3202 1002 3293 ἐναργείας
1024 3211 1114 3272 vocat
1135 3208 1339 3292 Epicurual²l
1362 3211 1395 3272 et
1418 3208 1581 3272 sensibiles

362 3312 394 3374 et
414 3309 633 3391 intellegibiles
656 3311 723 3374 lieri
745 3313 776 3374 et
798 3312 924 3376 excitari
948 3311 980 3374 in
1003 3312 1092 3376 nobis
1115 3331 1170 3395 per
1194 3313 1248 3377 illa
1270 3303 1431 3394 e’r‘rlaola.³)

447 3412 538 3476 Hane
566 3413 740 3477 doctrinam
768 3415 862 3478 etiam
891 3415 944 3496 qui
971 3417 1080 3498 postea
1107 3416 1231 3498 Epicuri
1259 3413 1488 3498 philosophiam
1516 3431 1583 3476 am·

362 3515 580 3596 plectebantur
601 3515 793 3592 retinebant,
816 3520 847 3580 et
864 3516 1020 3582 Ciceronis
1036 3517 1099 3581 iere
1115 3519 1309 3601 temporibus
1323 3516 1433 3583 Catius
1448 3514 1582 3579 Insuber

363 3617 533 3700 Epicureus
556 3618 595 3683 de
617 3617 721 3694 idolis,
751 3638 831 3701 quae
852 3619 919 3703 ipse
941 3621 1094 3702 sp'ectra
1115 3619 1392 3704 interpretabatur,
1417 3619 1582 3702 praecepit.

364 3719 434 3783 Huc
464 3720 627 3785 referenda
653 3724 729 3785 sunt
756 3723 850 3788 verba
876 3721 1092 3798 Ciceroniana,
1121 3741 1200 3805 quae
1229 3724 1337 3786 extant
1358 3720 1390 3784 in
1413 3722 1502 3804 epist.
1524 3719 1582 3784 XV

365 3822 419 3885 16:
453 3823 509 3899 „fit
542 3823 625 3887 enim
651 3824 755 3889 nescio
783 3825 851 3906 qui,
885 3827 921 3888 ot
948 3825 1037 3906 quasi
1068 3844 1172 3889 eoram
1200 3825 1309 3890 adesse
1337 3822 1476 3898 videare,
1510 3841 1582 3887 cum

364 3975 573 3986 ---——.--

435 4039 457 4098 ιλ
475 4036 508 4093 σί.
527 4035 617 4093 ΖοΙΙοι·
633 4039 649 4092 Ι.
669 4053 692 4093 c.
710 4040 749 4095 lll
770 4039 784 4091 l
803 4054 828 4106 p.
848 4038 896 4092 491
915 4053 971 4106 sqq.

433 4125 454 4190 ¹)
474 4124 548 4180 Sext
567 4124 646 4192 Emp.
665 4123 724 4178 adv.
743 4124 828 4179 math.
847 4122 904 4178 VH
921 4125 980 4178 aba.

434 4211 455 4277 ³)
474 4209 564 4277 Quint.
589 4210 657 4272 ila,
677 4211 721 4278 15;
746 4209 823 4277 Diog.
843 4209 874 4263 L.
891 4210 918 4264 X
934 4211 969 4264 46
977 4212 1045 4263 -50,
1063 4211 1097 4264 52
1115 4225 1167 4278 aq.;
1191 4210 1265 4264 Sext.
1286 4207 1388 4276 Emplr.
1412 4207 1472 4262 adv.
1497 4205 1581 4263 math

365 4295 422 4352 vn
446 4297 498 4350 206
518 4312 570 4363 sq.;
596 4294 670 4350 Stob.
694 4296 767 4350 autb.
788 4295 802 4348 I
821 4311 845 4365 p.
864 4297 915 4350 474
933 4295 1069 4349 Wacbam.
1092 4296 1139 4361 (=
1158 4293 1242 4360 Diels,
1261 4293 1377 4360 Dorogr.
1396 4294 1443 4348 Gr.
1462 4310 1489 4362 p.
1506 4295 1583 4360 395);

365 4381 526 4436 Λιίιιιντποσ
547 4380 715 4453 Δημόκριτοι·
731 4381 894 4450 Ἐπίκουρος
915 4382 967 4448 τὴν
990 4381 1159 4446 αἴσθησιν
1181 4385 1227 4432 καὶ
1250 4379 1301 4446 τὴν
1318 4377 1438 4444 νόησιν
1453 4379 1583 4448 γίνεσθαι

366 4465 487 4520 εἰδώλων
512 4465 621 4527 theutes
645 4465 830 4538 προσιόντων,
858 4463 953 4535 μηδενὶ
979 4466 1031 4538 γάρ
1061 4463 1219 4532 ἐπιβάλλειν
1246 4461 1399 4534 μηδετέραν
1424 4467 1510 4534 χωρίς
1535 4465 1585 4516 τοῦ

366 4558 602 4622 προσπίπτοντος.
632 4552 729 4607 Confer
746 4552 830 4606 etlam
850 4551 904 4606 Cic.
922 4551 956 4606 da
975 4551 1020 4606 fin.
1032 4550 1109 4608 121:
1128 4550 1278 4620 „imagines
1297 4565 1366 4618 quaa
1383 4545 1484 4602 εἴδωλα
1502 4550 1584 4604 nomi·

366 4643 446 4708 aaut,
465 4653 576 4712 quarum
596 4637 746 4694 incursione
766 4653 818 4692 nou
838 4637 924 4694 solum
942 4635 1128 4708 rideamus,
1147 4635 1194 4691 sed
1214 4636 1295 4694 etiam
1314 4635 1523 4708 cogitandae
