3514 5244
704 389 748 453 45

42 613 45 656 r
93 587 228 672 prima,
252 591 287 650 ut
311 583 553 669 supradictum
577 590 635 666 est,
659 583 780 649 omissa
804 582 974 667 supplevit.
1020 581 1186 664 aliquanto
1209 579 1340 646 maioris

42 731 45 766 e
95 693 268 758 momenti
296 699 354 776 est,
387 689 474 774 quod
501 689 616 757 eadem
642 711 740 756 mauu
766 689 862 774 idern,
895 686 982 772 quod
1010 687 1044 753 in
1066 688 1237 756 Nicetiano
1261 686 1342 752 etl*

42 835 46 876 ,ι
98 807 280 867 servatum
304 820 377 865 esse
405 799 470 864 iam
498 798 646 882 vidimus,
675 798 811 863 lacunae
839 797 927 863 illius
955 795 1115 882 epistulae
1143 795 1215 860 libri
1247 794 1342 880 primi

99 929 221 974 nonae
245 907 503 993 supplementum
526 904 725 990 adscriptum
749 912 806 972 est.
853 904 963 987 itaque
987 903 1156 988 probabile
1186 909 1236 968 est
1258 901 1342 967 banc

42 1055 45 1094 ‚
100 1015 359 1080 adnotationem
383 1033 422 1078 cx
445 1012 626 1096 Nicotiauo,
650 1013 683 1076 in
707 1032 769 1095 quo
794 1011 921 1096 etipse
946 1015 1036 1076 intumo
1059 1032 1140 1091 nero,
1165 1031 1237 1075 cum
1259 1009 1293 1073 in
1315 1009 1342 1072 F

43 1165 44 1172 κ
100 1123 231 1188 vocula
255 1145 325 1187 vero
349 1121 448 1205 desit,
477 1121 653 1204 legebatur,
681 1119 734 1185 vel
759 1120 887 1185 analio
912 1119 1063 1204 quopiam
1085 1116 1167 1182 libro
1192 1118 1222 1182 ei
1246 1117 1343 1183 simili

42 1283 43 1312 2
102 1228 257 1295 fluxisse.
316 1237 457 1294 ceterum
499 1226 691 1312 Opsopoeus
733 1227 836 1292 virum
877 1226 967 1291 illum
1012 1225 1171 1292 cruditum
1212 1226 1342 1292 Petrum

104 1336 287 1402 Danielem
319 1337 421 1403 fuisse
453 1336 523 1402 iure
556 1335 741 1401 existimare
773 1334 908 1400 videtur.
964 1332 1118 1398 simillimi
1151 1333 1235 1398 enim
1270 1339 1344 1399 sunt

41 1489 45 1532 t
106 1443 233 1510 ductus
261 1443 309 1507 illi
338 1442 615 1526 adnotationibus,
645 1461 729 1525 quae
757 1440 844 1508 haud
869 1441 964 1506 dubie
987 1461 1085 1506 manu
1108 1440 1178 1506 eius
1202 1440 1344 1526 scriptae

41 1581 45 1642 p
107 1551 143 1616 in
169 1551 282 1616 multis
306 1549 472 1616 codicibus
487 1549 645 1616 Parisinis
668 1557 701 1614 et
715 1549 883 1614 Vaticanis
907 1554 1102 1632 comparent
1142 1568 1212 1612 eum
1236 1557 1343 1614 autem

41 1711 45 1752 Ι
107 1657 235 1723 Daniel
264 1656 320 1722 diu
348 1657 515 1722 Aureliani
543 1654 671 1740 degerit
699 1663 732 1721 et
760 1656 792 1720 in
820 1655 934 1721 ultima
958 1654 1079 1721 codicis
1103 1655 1225 1739 pagina
1247 1677 1344 1721 manu

41 1825 43 1848 1
109 1766 258 1849 quadam
282 1765 404 1831 saeculi
427 1765 491 1830 Xll
519 1773 594 1849 post
622 1763 826 1830 hexametros
855 1763 1026 1830 nonnullos
1053 1763 1151 1829 medii
1179 1763 1261 1848 acui,
1289 1763 1343 1847 qui

111 1873 275 1958 incipiunt
308 1894 328 1937 a
361 1873 482 1938 verbis:
521 1873 621 1936 lleres
647 1874 766 1956 percuti
795 1881 909 1937 nutura
931 1873 1021 1953 filius
1052 1874 1098 1934 ire
1134 1869 1198 1937 duo
1230 1891 1343 1937 versus

112 1981 234 2046 litteris
265 1979 332 2045 lere
360 1979 542 2046 obscuratis
571 1979 683 2064 scripti
713 1979 785 2064 sint,
818 1978 851 2044 iu
879 1978 994 2062 quibus
1018 1985 1050 2044 et
1073 1979 1153 2064 ipsis
1177 1977 1343 2044 Aureliani

41 2161 43 2172 Ι
112 2087 236 2153 mentio
259 2087 352 2172 fit,²⁸)
380 2107 444 2152 non
472 2086 605 2151 multum
629 2106 649 2151 a
672 2105 748 2151 vero
772 2086 900 2152 aberret
927 2086 969 2169 is,
999 2085 1053 2168 qui
1082 2085 1225 2151 codicem
1248 2086 1299 2151 Pr.
1323 2087 1343 2151 b

41 2261 42 2264 ,
116 2193 151 2259 in
177 2193 236 2259 illa
260 2195 337 2259 urbe
362 2201 528 2259 exaratum
553 2201 609 2258 aut
632 2193 747 2258 saltem
770 2211 829 2279 per
852 2191 1052 2275 aliquantum
1070 2193 1223 2278 temporis
1239 2213 1342 2260 asser-

41 2373 42 2376 *
115 2309 227 2366 vatum
255 2299 356 2367 luisse
389 2301 536 2366 coniciat.
586 2307 689 2367 restat
722 2307 756 2364 ut
788 2299 878 2365 locos
907 2299 1077 2366 nonnullos
1104 2299 1277 2366 afferamus
1300 2337 1344 2346 -

116 2429 193 2473 nam
231 2407 402 2473 continuae
441 2406 626 2474 collationis
663 2406 838 2492 specimine
875 2413 951 2492 post
985 2407 1140 2472 librorum
1171 2407 1343 2472 Xl-XIII

40 2509 41 2514 ’
115 2515 274 2580 lectiones
307 2535 327 2579 a
361 2513 564 2580 Chatelainio
597 2514 743 2600 prolatas
777 2514 840 2579 iam
873 2533 955 2599 opus
986 2535 1051 2579 nou
1080 2521 1130 2580 cst
1159 2553 1197 2562 —
1228 2515 1343 2598 quibus

40 2617 41 2700 J
117 2622 202 2688 Pub
225 2623 382 2688 veriorem
406 2643 502 2706 quum
524 2621 639 2705 reliqui
664 2621 794 2688 codices
818 2611 1008 2706 scripturam
1030 2641 1179 2688 servasse
1193 2621 1344 2688 videatur

118 2737 175 2794 aut
199 2751 270 2795 eam
293 2738 390 2813 certe,
419 2749 502 2813 quae
530 2728 573 2794 ad
602 2728 645 2814 id,
678 2729 764 2812 quod
788 2729 942 2794 Senecam
971 2728 1142 2813 scripsisse
1166 2729 1344 2814 putandum

119 2843 179 2920 est,
202 2837 335 2922 propius
358 2857 455 2920 quam
478 2835 526 2901 illi
550 2835 695 2901 accedat.
741 2836 809 2921 18,
833 2839 853 2901 3
876 2835 958 2901 haee
981 2835 1143 2919 leguntur:
1173 2846 1200 2900 et
1217 2842 1293 2922 sero
1317 2846 1344 2902 et

40 2925 41 2950 ³
117 2947 210 3028 piacla
231 2967 285 3028 sps
306 2946 409 3028 aliquo
432 2945 596 3007 oblectante
618 2945 777 3027 decipitur.
814 2966 942 3007 munero
965 2947 1024 3008 istu
1041 2948 1192 3028 fortunae
1210 2949 1344 3028 putatis?

40 3131 41 3146 χ
122 3053 249 3114 inuidiae
275 3058 355 3114 suut.
402 3053 537 3134 priapeia
566 3059 697 3114 uestrum
725 3058 820 3114 tutum
848 3073 938 3133 opere
964 3055 1056 3115 eitum
1085 3054 1168 3130 uolet,
1198 3061 1344 3135 (paruulum

40 3157 41 3168 ¹
120 3161 284 3241 pulttruruuur
302 3164 402 3241 potest
425 3159 484 3220 isla
508 3160 621 3220 cisrulu
644 3158 787 3238 beneficio
809 3159 924 3222 devitet.
967 3161 1000 3220 iu
1022 3159 1129 3241 quibus
1151 3161 1207 3222 hoe
1229 3182 1345 3243 qutuprtc

123 3267 286 3328 arriserriuui
298 3267 457 3348 fallimur:
480 3265 668 3328 lutheranus
685 3273 841 3348 putaturus,
865 3268 1062 3329 luceremus.
1095 3285 1153 3350 pro
1174 3268 1342 3348 luseramus,

125 3369 207 3454 quod
230 3377 280 3436 est
302 3369 335 3435 in
349 3371 375 3434 P
389 3392 411 3455 p
426 3371 452 3434 F
476 3370 560 3456 aliis,
584 3377 674 3436 extat
697 3371 729 3435 in
744 3371 830 3436 Pub
853 3375 1053 3436 laceremur.
1096 3371 1129 3436 in
1153 3371 1213 3437 boe
1237 3381 1343 3438 autem

126 3477 200 3542 nihil
223 3476 312 3542 aliud
336 3478 437 3543 latere
466 3486 543 3562 puto
570 3477 634 3544 nisi
661 3481 845 3560 habemur,
880 3477 965 3561 quod
998 3484 1086 3544 reete
1113 3479 1283 3561 legebatur
1311 3479 1343 3544 in

127 3585 315 3652 editionibus
352 3584 545 3668 quibusdam
580 3585 726 3652 vetustis.
786 3607 885 3670 aegre
917 3586 1001 3652 eninr
1032 3585 1136 3652 altera
1169 3587 1264 3652 lectio
1298 3587 1344 3652 ita

40 3681 42 3706 '
128 3692 312 3778 defenditur,
344 3701 380 3758 ut
412 3695 537 3760 Seneca
570 3693 611 3760 de
643 3692 799 3780 exemplis
838 3715 936 3779 supra
974 3694 1084 3760 allatis
1121 3695 1259 3761 ferarum
1291 3696 1343 3761 vel

40 3785 41 3822 ³
128 3800 255 3886 piscium
280 3799 383 3866 hamis
406 3801 458 3866 vel
483 3801 558 3867 aliis
580 3801 686 3868 modis
702 3813 870 3886 captarum
888 3801 1052 3884 cogitasse
1067 3800 1207 3886 dicatur3
1232 3812 1345 3868 contra

40 3897 41 3902 ἵ
130 3907 216 3973 baec:
245 3909 356 3973 bebere
382 3931 439 3974 uos
462 3918 608 3994 patrunus
636 3917 668 3974 et
696 3911 842 3974 luitbertus·
869 3929 940 3975 eam
968 3927 1051 3992 quac
1073 3909 1245 3994 requiritur
1273 3931 1343 3978 sen-

131 4015 255 4081 tentiam
281 4014 381 4081 multo
411 4016 519 4101 aptius
549 4016 730 4101 exprimunt
757 4025 790 4081 et
817 4017 985 4082 verborum
1007 4015 1080 4082 lusu
1105 4017 1247 4102 iusignia
1270 4025 1344 4084 suut

132 4123 246 4188 Seneca
274 4121 474 4208 dignissimo,
507 4125 560 4207 qui
588 4122 672 4189 redit
700 4124 732 4188 in
760 4123 1001 4189 narratiuncula
1028 4122 1085 4188 illa
1112 4123 1153 4190 de
1177 4124 1343 4211 Aristippo

132 4228 234 4296 Laidis
261 4250 403 4295 amorem
436 4229 486 4295 his
514 4231 621 4296 verbis
649 4237 838 4296 excusante:
872 4232 974 4309 babeo,
1002 4253 1065 4295 unu
1091 4233 1213 4296 bobum.
1261 4233 1344 4298 banc

133 4338 205 4402 eninr
238 4337 270 4402 in
303 4341 562 4403 entier-tutioribus
598 4338 695 4403 bodie
732 4337 910 4423 deperditis
947 4337 1081 4402 allatam
1119 4337 1232 4422 fuisse,
1269 4339 1344 4404 licet

213 4515 248 4584 ¹⁸)
267 4517 335 4571 baec
353 4519 464 4572 tuntum
483 4517 574 4586 legere
592 4517 681 4586 potui:

397 4645 404 4660 .
424 4645 430 4659 .
449 4615 459 4660 t
479 4647 486 4660 .
505 4647 511 4660 .
532 4647 538 4660 .
558 4610 677 4676 uupuuu's
695 4624 771 4676 quern
787 4609 908 4675 perdidit
926 4609 1078 4661 aurelianis

397 4738 403 4750 .
424 4739 429 4750 .
450 4736 457 4750 .
477 4739 483 4750 .
502 4705 589 4752 mator
606 4699 618 4750 ι’
637 4737 665 4750 ..
685 4736 692 4750 .
712 4701 765 4752 tatu
782 4713 898 4749 nouerca
916 4699 979 4762 suit.
