<?xml version="1.0" encoding="UTF-8"?>
<!DOCTYPE html PUBLIC "-//W3C//DTD XHTML 1.0 Transitional//EN"
    "http://www.w3.org/TR/xhtml1/DTD/xhtml1-transitional.dtd">
<html xmlns="http://www.w3.org/1999/xhtml" xml:lang="en" lang="en">
 <head>
  <title>
</title>
<meta http-equiv="Content-Type" content="text/html;charset=utf-8" />
  <meta name='ocr-system' content='tesseract 3.04.00' />
  <meta name='ocr-capabilities' content='ocr_page ocr_carea ocr_par ocr_line ocrx_word'/>
</head>
<body>
  <div class='ocr_page' id='page_1' title='image "./destoicorumstud00strigoog_0514.png"; bbox 0 0 3560 5242; ppageno 0'>
   <div class='ocr_carea' id='block_1_1' title="bbox 796 395 836 459">
    <p class='ocr_par' dir='ltr' id='par_1_1' title="bbox 796 395 836 459">
     <span class='ocr_line' id='line_1_1' title="bbox 796 395 836 459; baseline -0.025 0"><span class='ocrx_word' id='word_1_1' title='bbox 796 395 836 459; x_wconf 83' lang='lat'>25</span> 
     </span>
    </p>
   </div>
   <div class='ocr_carea' id='block_1_2' title="bbox 711 486 921 496">
    <p class='ocr_par' dir='ltr' id='par_1_2' title="bbox 711 486 921 496">
     <span class='ocr_line' id='line_1_2' title="bbox 711 486 921 496; baseline -0.01 0"><span class='ocrx_word' id='word_1_2' title='bbox 711 486 921 496; x_wconf 49' lang='lat'>*—</span> 
     </span>
    </p>
   </div>
   <div class='ocr_carea' id='block_1_3' title="bbox 203 615 1431 2436">
    <p class='ocr_par' dir='ltr' id='par_1_3' title="bbox 203 615 1428 1530">
     <span class='ocr_line' id='line_1_3' title="bbox 204 615 1423 704; baseline -0.004 -18"><span class='ocrx_word' id='word_1_3' title='bbox 204 621 305 686; x_wconf 89' lang='lat' dir='ltr'>multo</span> <span class='ocrx_word' id='word_1_4' title='bbox 336 623 409 686; x_wconf 89' lang='lat' dir='ltr'>ante</span> <span class='ocrx_word' id='word_1_5' title='bbox 433 619 539 686; x_wconf 82' lang='lat' dir='ltr'>Sullae</span> <span class='ocrx_word' id='word_1_6' title='bbox 563 621 700 685; x_wconf 88' lang='lat' dir='ltr'>aetatem</span> <span class='ocrx_word' id='word_1_7' title='bbox 724 619 837 704; x_wconf 77' lang='lat' dir='ltr'>uiguit,</span> <span class='ocrx_word' id='word_1_8' title='bbox 865 618 1008 701; x_wconf 71' lang='lat' dir='ltr'>quamuis</span> <span class='ocrx_word' id='word_1_9' title='bbox 1031 618 1102 684; x_wconf 91' lang='lat' dir='ltr'>inde</span> <span class='ocrx_word' id='word_1_10' title='bbox 1126 619 1253 684; x_wconf 87' lang='lat' dir='ltr'>demum</span> <span class='ocrx_word' id='word_1_11' title='bbox 1277 637 1295 680; x_wconf 92' lang='lat' dir='ltr'>a</span> <span class='ocrx_word' id='word_1_12' title='bbox 1318 615 1423 684; x_wconf 85' lang='lat' dir='ltr'>Sullae</span> 
     </span>
     <span class='ocr_line' id='line_1_4' title="bbox 204 719 1426 806; baseline -0.003 -20"><span class='ocrx_word' id='word_1_13' title='bbox 204 723 397 806; x_wconf 75' lang='lat' dir='ltr'>temporibus</span> <span class='ocrx_word' id='word_1_14' title='bbox 425 743 461 788; x_wconf 84' lang='lat' dir='ltr'>ex</span> <span class='ocrx_word' id='word_1_15' title='bbox 490 722 668 806; x_wconf 88' lang='lat' dir='ltr'>quindecim</span> <span class='ocrx_word' id='word_1_16' title='bbox 691 723 765 788; x_wconf 87' lang='lat' dir='ltr'>viris</span> <span class='ocrx_word' id='word_1_17' title='bbox 788 723 955 788; x_wconf 90' lang='lat' dir='ltr'>constaret.</span> <span class='ocrx_word' id='word_1_18' title='bbox 967 725 991 803; x_wconf 84' lang='grc'>1)</span> <span class='ocrx_word' id='word_1_19' title='bbox 1036 721 1180 804; x_wconf 86' lang='lat' dir='ltr'>Denique</span> <span class='ocrx_word' id='word_1_20' title='bbox 1201 722 1280 786; x_wconf 87' lang='lat' dir='ltr'>bene</span> <span class='ocrx_word' id='word_1_21' title='bbox 1302 719 1426 784; x_wconf 79' lang='lat' dir='ltr'>momatt</span> 
     </span>
     <span class='ocr_line' id='line_1_5' title="bbox 204 822 1426 909; baseline -0.004 -19"><span class='ocrx_word' id='word_1_22' title='bbox 204 827 365 892; x_wconf 88' lang='lat' dir='ltr'>Hartelius</span> <span class='ocrx_word' id='word_1_23' title='bbox 398 825 586 900; x_wconf 87' lang='lat' dir='ltr'>Minucium,</span> <span class='ocrx_word' id='word_1_24' title='bbox 620 830 656 890; x_wconf 88' lang='lat' dir='ltr'>ut</span> <span class='ocrx_word' id='word_1_25' title='bbox 689 826 859 892; x_wconf 79' lang='lat' dir='ltr'>transitum</span> <span class='ocrx_word' id='word_1_26' title='bbox 893 825 952 890; x_wconf 92' lang='lat' dir='ltr'>sibi</span> <span class='ocrx_word' id='word_1_27' title='bbox 990 827 1116 909; x_wconf 87' lang='lat' dir='ltr'>pararet</span> <span class='ocrx_word' id='word_1_28' title='bbox 1144 825 1183 890; x_wconf 88' lang='lat' dir='ltr'>ad</span> <span class='ocrx_word' id='word_1_29' title='bbox 1216 822 1365 906; x_wconf 83' lang='lat' dir='ltr'>‘auspicia</span> <span class='ocrx_word' id='word_1_30' title='bbox 1393 823 1426 886; x_wconf 94' lang='lat' dir='ltr'>et</span> 
     </span>
     <span class='ocr_line' id='line_1_6' title="bbox 208 925 1426 1013; baseline -0.004 -20"><span class='ocrx_word' id='word_1_31' title='bbox 208 929 347 1012; x_wconf 75' lang='lat' dir='ltr'>auguria&#39;</span> <span class='ocrx_word' id='word_1_32' title='bbox 371 929 516 994; x_wconf 87' lang='lat' dir='ltr'>Romana</span> <span class='ocrx_word' id='word_1_33' title='bbox 532 926 614 1009; x_wconf 87' lang='lat' dir='ltr'>(Oet.</span> <span class='ocrx_word' id='word_1_34' title='bbox 632 927 683 1006; x_wconf 82' lang='lat'>26,</span> <span class='ocrx_word' id='word_1_35' title='bbox 701 929 745 1010; x_wconf 82' lang='lat' dir='ltr'>l),</span> <span class='ocrx_word' id='word_1_36' title='bbox 769 948 905 1012; x_wconf 79' lang='lat' dir='ltr'><strong>augures</strong></span> <span class='ocrx_word' id='word_1_37' title='bbox 927 926 1177 1013; x_wconf 82' lang='lat' dir='ltr'>praetermittere</span> <span class='ocrx_word' id='word_1_38' title='bbox 1199 946 1262 992; x_wconf 94' lang='lat' dir='ltr'>non</span> <span class='ocrx_word' id='word_1_39' title='bbox 1277 925 1426 1010; x_wconf 87' lang='lat' dir='ltr'>potuisse,</span> 
     </span>
     <span class='ocr_line' id='line_1_7' title="bbox 205 1027 1426 1111; baseline -0.005 -15"><span class='ocrx_word' id='word_1_40' title='bbox 205 1031 401 1098; x_wconf 83' lang='lat' dir='ltr'>Tertulliano</span> <span class='ocrx_word' id='word_1_41' title='bbox 416 1051 472 1098; x_wconf 87' lang='lat' dir='ltr'>cur</span> <span class='ocrx_word' id='word_1_42' title='bbox 488 1035 749 1098; x_wconf 87' lang='lat' dir='ltr'>commemoraret</span> <span class='ocrx_word' id='word_1_43' title='bbox 763 1033 885 1098; x_wconf 90' lang='lat' dir='ltr'>nullam</span> <span class='ocrx_word' id='word_1_44' title='bbox 900 1031 997 1098; x_wconf 87' lang='lat' dir='ltr'>fuisso</span> <span class='ocrx_word' id='word_1_45' title='bbox 1012 1048 1141 1097; x_wconf 85' lang='lat' dir='ltr'>causam</span> <span class='ocrx_word' id='word_1_46' title='bbox 1156 1029 1286 1111; x_wconf 87' lang='lat' dir='ltr'>ideoque</span> <span class='ocrx_word' id='word_1_47' title='bbox 1303 1027 1426 1094; x_wconf 88' lang='lat' dir='ltr'>silentio</span> 
     </span>
     <span class='ocr_line' id='line_1_8' title="bbox 205 1129 1426 1221; baseline -0.004 -23"><span class='ocrx_word' id='word_1_48' title='bbox 205 1135 441 1217; x_wconf 88' lang='lat' dir='ltr'>praetermissos</span> <span class='ocrx_word' id='word_1_49' title='bbox 454 1154 532 1201; x_wconf 91' lang='lat' dir='ltr'>esse.</span> <span class='ocrx_word' id='word_1_50' title='bbox 561 1134 709 1202; x_wconf 83' lang='lat' dir='ltr'>Ceterum</span> <span class='ocrx_word' id='word_1_51' title='bbox 722 1140 852 1221; x_wconf 88' lang='lat' dir='ltr'>apparet</span> <span class='ocrx_word' id='word_1_52' title='bbox 862 1134 1037 1200; x_wconf 87' lang='lat' dir='ltr'>Minucium</span> <span class='ocrx_word' id='word_1_53' title='bbox 1049 1133 1150 1218; x_wconf 87' lang='lat' dir='ltr'>eapite</span> <span class='ocrx_word' id='word_1_54' title='bbox 1167 1133 1207 1196; x_wconf 87' lang='grc'>26</span> <span class='ocrx_word' id='word_1_55' title='bbox 1220 1151 1257 1198; x_wconf 83' lang='lat' dir='ltr'>ex</span> <span class='ocrx_word' id='word_1_56' title='bbox 1269 1129 1426 1198; x_wconf 77' lang='lat' dir='ltr'>Ciceronis</span> 
     </span>
     <span class='ocr_line' id='line_1_9' title="bbox 206 1233 1425 1322; baseline -0.004 -22"><span class='ocrx_word' id='word_1_57' title='bbox 206 1236 293 1302; x_wconf 88' lang='lat' dir='ltr'>libris</span> <span class='ocrx_word' id='word_1_58' title='bbox 316 1235 354 1302; x_wconf 93' lang='lat' dir='ltr'>de</span> <span class='ocrx_word' id='word_1_59' title='bbox 378 1238 567 1304; x_wconf 80' lang='lat' dir='ltr'>divinatione</span> <span class='ocrx_word' id='word_1_60' title='bbox 590 1239 674 1322; x_wconf 82' lang='lat' dir='ltr'>(vida</span> <span class='ocrx_word' id='word_1_61' title='bbox 697 1240 832 1304; x_wconf 91' lang='lat' dir='ltr'>indicem</span> <span class='ocrx_word' id='word_1_62' title='bbox 854 1240 997 1303; x_wconf 89' lang='lat' dir='ltr'>nostrum</span> <span class='ocrx_word' id='word_1_63' title='bbox 1019 1257 1049 1321; x_wconf 93' lang='lat' dir='ltr'>p.</span> <span class='ocrx_word' id='word_1_64' title='bbox 1070 1235 1169 1320; x_wconf 73' lang='lat' dir='ltr'>deq.)</span> <span class='ocrx_word' id='word_1_65' title='bbox 1192 1254 1250 1300; x_wconf 89' lang='lat' dir='ltr'>sua</span> <span class='ocrx_word' id='word_1_66' title='bbox 1271 1233 1425 1299; x_wconf 88' lang='lat' dir='ltr'>hausisse.</span> 
     </span>
     <span class='ocr_line' id='line_1_10' title="bbox 203 1334 1428 1427; baseline -0.004 -24"><span class='ocrx_word' id='word_1_67' title='bbox 203 1338 317 1422; x_wconf 87' lang='lat' dir='ltr'>Itaque</span> <span class='ocrx_word' id='word_1_68' title='bbox 345 1341 428 1424; x_wconf 91' lang='lat' dir='ltr'>apud</span> <span class='ocrx_word' id='word_1_69' title='bbox 449 1341 693 1422; x_wconf 82' lang='lat' dir='ltr'>Tertullianum,</span> <span class='ocrx_word' id='word_1_70' title='bbox 721 1343 834 1427; x_wconf 87' lang='lat' dir='ltr'>quippe</span> <span class='ocrx_word' id='word_1_71' title='bbox 858 1340 911 1424; x_wconf 92' lang='lat' dir='ltr'>qui</span> <span class='ocrx_word' id='word_1_72' title='bbox 940 1339 1069 1408; x_wconf 89' lang='lat' dir='ltr'>bllnucii</span> <span class='ocrx_word' id='word_1_73' title='bbox 1090 1338 1233 1404; x_wconf 92' lang='lat' dir='ltr'>libellum</span> <span class='ocrx_word' id='word_1_74' title='bbox 1254 1356 1317 1402; x_wconf 91' lang='lat' dir='ltr'>non</span> <span class='ocrx_word' id='word_1_75' title='bbox 1341 1334 1428 1400; x_wconf 86' lang='lat' dir='ltr'>adbi-</span> 
     </span>
     <span class='ocr_line' id='line_1_11' title="bbox 205 1441 791 1530; baseline 0.005 -23"><span class='ocrx_word' id='word_1_76' title='bbox 205 1441 315 1521; x_wconf 79' lang='lat' dir='ltr'>bnerit,</span> <span class='ocrx_word' id='word_1_77' title='bbox 337 1443 430 1528; x_wconf 88' lang='lat' dir='ltr'>capiti</span> <span class='ocrx_word' id='word_1_78' title='bbox 451 1443 497 1508; x_wconf 94' lang='lat' dir='ltr'>illi</span> <span class='ocrx_word' id='word_1_79' title='bbox 518 1445 685 1530; x_wconf 87' lang='lat' dir='ltr'>respondet</span> <span class='ocrx_word' id='word_1_80' title='bbox 706 1446 791 1510; x_wconf 88' lang='lat' dir='ltr'>nihil.</span> 
     </span>
    </p>

    <p class='ocr_par' dir='ltr' id='par_1_4' title="bbox 205 1542 1431 2436">
     <span class='ocr_line' id='line_1_12' title="bbox 291 1542 1426 1632; baseline -0.005 -22"><span class='ocrx_word' id='word_1_81' title='bbox 291 1544 360 1625; x_wconf 75' lang='lat' dir='ltr'>Quo</span> <span class='ocrx_word' id='word_1_82' title='bbox 386 1546 485 1630; x_wconf 82' lang='lat' dir='ltr'>igitur</span> <span class='ocrx_word' id='word_1_83' title='bbox 513 1547 605 1613; x_wconf 92' lang='lat' dir='ltr'>modo</span> <span class='ocrx_word' id='word_1_84' title='bbox 632 1548 816 1632; x_wconf 85' lang='lat' dir='ltr'>explicanda</span> <span class='ocrx_word' id='word_1_85' title='bbox 843 1551 892 1613; x_wconf 89' lang='lat' dir='ltr'>est</span> <span class='ocrx_word' id='word_1_86' title='bbox 919 1546 1089 1612; x_wconf 87' lang='lat' dir='ltr'>similitudo</span> <span class='ocrx_word' id='word_1_87' title='bbox 1115 1546 1254 1611; x_wconf 91' lang='lat' dir='ltr'>locorum</span> <span class='ocrx_word' id='word_1_88' title='bbox 1276 1542 1426 1607; x_wconf 79' lang='lat' dir='ltr'>illorum?</span> 
     </span>
     <span class='ocr_line' id='line_1_13' title="bbox 205 1644 1429 1732; baseline -0.007 -16"><span class='ocrx_word' id='word_1_89' title='bbox 205 1648 297 1716; x_wconf 88' lang='lat' dir='ltr'>Unde</span> <span class='ocrx_word' id='word_1_90' title='bbox 330 1648 542 1714; x_wconf 84' lang='lat' dir='ltr'>Tertullianus</span> <span class='ocrx_word' id='word_1_91' title='bbox 574 1651 706 1717; x_wconf 78' lang='lat' dir='ltr'>adscivit</span> <span class='ocrx_word' id='word_1_92' title='bbox 737 1651 864 1717; x_wconf 90' lang='lat' dir='ltr'>nomina</span> <span class='ocrx_word' id='word_1_93' title='bbox 901 1649 1198 1732; x_wconf 87' lang='lat' dir='ltr'>Babyloniorum</span> <span class='ocrx_word' id='word_1_94' title='bbox 1232 1647 1269 1710; x_wconf 90' lang='lat' dir='ltr'>et</span> <span class='ocrx_word' id='word_1_95' title='bbox 1297 1644 1429 1708; x_wconf 88' lang='lat' dir='ltr'>Indae·</span> 
     </span>
     <span class='ocr_line' id='line_1_14' title="bbox 207 1749 1428 1833; baseline -0.003 -17"><span class='ocrx_word' id='word_1_96' title='bbox 207 1769 329 1828; x_wconf 90' lang='lat' dir='ltr'>orum,</span> <span class='ocrx_word' id='word_1_97' title='bbox 358 1751 471 1833; x_wconf 91' lang='lat' dir='ltr'>quibus</span> <span class='ocrx_word' id='word_1_98' title='bbox 501 1753 658 1818; x_wconf 85' lang='lat' dir='ltr'>Minucius</span> <span class='ocrx_word' id='word_1_99' title='bbox 687 1757 792 1820; x_wconf 84' lang='lat' dir='ltr'>caret?</span> <span class='ocrx_word' id='word_1_100' title='bbox 836 1751 897 1818; x_wconf 89' lang='lat' dir='ltr'>Hic</span> <span class='ocrx_word' id='word_1_101' title='bbox 923 1770 997 1817; x_wconf 81' lang='lat' dir='ltr'>vero</span> <span class='ocrx_word' id='word_1_102' title='bbox 1026 1753 1076 1817; x_wconf 91' lang='lat' dir='ltr'>cui</span> <span class='ocrx_word' id='word_1_103' title='bbox 1099 1752 1193 1816; x_wconf 92' lang='lat' dir='ltr'>debet</span> <span class='ocrx_word' id='word_1_104' title='bbox 1214 1749 1428 1824; x_wconf 87' lang='lat' dir='ltr'>Persarum,</span> 
     </span>
     <span class='ocr_line' id='line_1_15' title="bbox 207 1850 1430 1941; baseline -0.003 -24"><span class='ocrx_word' id='word_1_105' title='bbox 207 1855 246 1917; x_wconf 87' lang='lat' dir='ltr'>et</span> <span class='ocrx_word' id='word_1_106' title='bbox 274 1851 482 1919; x_wconf 88' lang='lat' dir='ltr'>Graeorum</span> <span class='ocrx_word' id='word_1_107' title='bbox 510 1857 638 1921; x_wconf 89' lang='lat' dir='ltr'>nomina</span> <span class='ocrx_word' id='word_1_108' title='bbox 664 1858 697 1920; x_wconf 92' lang='lat' dir='ltr'>in</span> <span class='ocrx_word' id='word_1_109' title='bbox 720 1857 919 1941; x_wconf 78' lang='lat' dir='ltr'>Apologetico</span> <span class='ocrx_word' id='word_1_110' title='bbox 947 1855 1084 1920; x_wconf 82' lang='lat' dir='ltr'>omissa?</span> <span class='ocrx_word' id='word_1_111' title='bbox 1128 1854 1307 1934; x_wconf 89' lang='lat' dir='ltr'>Utrumque</span> <span class='ocrx_word' id='word_1_112' title='bbox 1334 1850 1430 1932; x_wconf 82' lang='lat' dir='ltr'>scrip·</span> 
     </span>
     <span class='ocr_line' id='line_1_16' title="bbox 210 1950 1429 2044; baseline -0.005 -24"><span class='ocrx_word' id='word_1_113' title='bbox 210 1955 311 2020; x_wconf 91' lang='lat' dir='ltr'>torem</span> <span class='ocrx_word' id='word_1_114' title='bbox 350 1957 492 2040; x_wconf 88' lang='lat' dir='ltr'>suspicor</span> <span class='ocrx_word' id='word_1_115' title='bbox 529 1960 710 2044; x_wconf 80' lang='lat' dir='ltr'>apologetae</span> <span class='ocrx_word' id='word_1_116' title='bbox 747 1958 912 2024; x_wconf 88' lang='lat' dir='ltr'>cuiusdam</span> <span class='ocrx_word' id='word_1_117' title='bbox 947 1957 1081 2040; x_wconf 81' lang='lat' dir='ltr'>vestigia</span> <span class='ocrx_word' id='word_1_118' title='bbox 1113 1954 1278 2040; x_wconf 88' lang='lat' dir='ltr'>pressisse,</span> <span class='ocrx_word' id='word_1_119' title='bbox 1314 1952 1364 2017; x_wconf 91' lang='lat' dir='ltr'>eni</span> <span class='ocrx_word' id='word_1_120' title='bbox 1396 1950 1429 2014; x_wconf 94' lang='lat' dir='ltr'>hi</span> 
     </span>
     <span class='ocr_line' id='line_1_17' title="bbox 209 2054 1428 2146; baseline -0.004 -24"><span class='ocrx_word' id='word_1_121' title='bbox 209 2077 317 2124; x_wconf 84' lang='lat' dir='ltr'>versus</span> <span class='ocrx_word' id='word_1_122' title='bbox 344 2061 539 2126; x_wconf 88' lang='lat' dir='ltr'>oraculomm</span> <span class='ocrx_word' id='word_1_123' title='bbox 564 2061 786 2146; x_wconf 86' lang='lat' dir='ltr'>Sibyllinorum</span> <span class='ocrx_word' id='word_1_124' title='bbox 809 2063 933 2146; x_wconf 90' lang='lat' dir='ltr'>praesto</span> <span class='ocrx_word' id='word_1_125' title='bbox 957 2060 1087 2138; x_wconf 82' lang='lat' dir='ltr'>suerint,</span> <span class='ocrx_word' id='word_1_126' title='bbox 1120 2059 1234 2142; x_wconf 89' lang='lat' dir='ltr'>quibus</span> <span class='ocrx_word' id='word_1_127' title='bbox 1264 2093 1306 2102; x_wconf 96' lang='lat'><em>-</em></span> <span class='ocrx_word' id='word_1_128' title='bbox 1334 2057 1360 2118; x_wconf 93' lang='lat' dir='ltr'>si</span> <span class='ocrx_word' id='word_1_129' title='bbox 1390 2054 1428 2118; x_wconf 90' lang='lat' dir='ltr'>ab</span> 
     </span>
     <span class='ocr_line' id='line_1_18' title="bbox 208 2161 1430 2249; baseline -0.003 -25"><span class='ocrx_word' id='word_1_130' title='bbox 208 2161 418 2227; x_wconf 84' lang='lat' dir='ltr'>Amazonibus</span> <span class='ocrx_word' id='word_1_131' title='bbox 447 2165 625 2244; x_wconf 87' lang='lat' dir='ltr'>recesseris,</span> <span class='ocrx_word' id='word_1_132' title='bbox 655 2183 733 2248; x_wconf 90' lang='lat' dir='ltr'>quas</span> <span class='ocrx_word' id='word_1_133' title='bbox 759 2165 865 2249; x_wconf 91' lang='lat' dir='ltr'>ipsum</span> <span class='ocrx_word' id='word_1_134' title='bbox 887 2163 1117 2228; x_wconf 87' lang='lat' dir='ltr'>Tertullianum</span> <span class='ocrx_word' id='word_1_135' title='bbox 1140 2162 1245 2226; x_wconf 89' lang='lat' dir='ltr'>eiusve</span> <span class='ocrx_word' id='word_1_136' title='bbox 1268 2161 1430 2223; x_wconf 88' lang='lat' dir='ltr'>auctorem</span> 
     </span>
     <span class='ocr_line' id='line_1_19' title="bbox 210 2263 1431 2351; baseline -0.004 -23"><span class='ocrx_word' id='word_1_137' title='bbox 210 2263 366 2330; x_wconf 87' lang='lat' dir='ltr'>addidisse</span> <span class='ocrx_word' id='word_1_138' title='bbox 384 2267 471 2349; x_wconf 91' lang='lat' dir='ltr'>puto,</span> <span class='ocrx_word' id='word_1_139' title='bbox 490 2305 527 2314; x_wconf 97' lang='lat'><em>-</em></span> <span class='ocrx_word' id='word_1_140' title='bbox 546 2267 687 2334; x_wconf 89' lang='lat' dir='ltr'>omnium</span> <span class='ocrx_word' id='word_1_141' title='bbox 703 2268 845 2351; x_wconf 84' lang='lat' dir='ltr'>gentium</span> <span class='ocrx_word' id='word_1_142' title='bbox 862 2286 881 2332; x_wconf 89' lang='lat' dir='ltr'>a</span> <span class='ocrx_word' id='word_1_143' title='bbox 895 2267 1034 2332; x_wconf 88' lang='lat' dir='ltr'>Minucio</span> <span class='ocrx_word' id='word_1_144' title='bbox 1050 2268 1082 2330; x_wconf 90' lang='lat' dir='ltr'>et</span> <span class='ocrx_word' id='word_1_145' title='bbox 1096 2263 1288 2329; x_wconf 88' lang='lat' dir='ltr'>Tertulliano</span> <span class='ocrx_word' id='word_1_146' title='bbox 1303 2277 1431 2326; x_wconf 86' lang='lat' dir='ltr'>enume-</span> 
     </span>
     <span class='ocr_line' id='line_1_20' title="bbox 207 2367 560 2436; baseline 0.014 -7"><span class='ocrx_word' id='word_1_147' title='bbox 207 2367 348 2432; x_wconf 87' lang='lat' dir='ltr'>ratcrnm</span> <span class='ocrx_word' id='word_1_148' title='bbox 369 2371 487 2435; x_wconf 89' lang='lat' dir='ltr'>mentio</span> <span class='ocrx_word' id='word_1_149' title='bbox 508 2371 560 2436; x_wconf 89' lang='lat' dir='ltr'>fit:</span> 
     </span>
    </p>
   </div>
   <div class='ocr_carea' id='block_1_4' title="bbox 207 2493 415 2580">
    <p class='ocr_par' dir='ltr' id='par_1_5' title="bbox 207 2493 415 2580">
     <span class='ocr_line' id='line_1_21' title="bbox 207 2493 415 2580; baseline 0 -20"><span class='ocrx_word' id='word_1_150' title='bbox 207 2493 257 2560; x_wconf 92' lang='lat' dir='ltr'>III</span> <span class='ocrx_word' id='word_1_151' title='bbox 273 2496 334 2560; x_wconf 84' lang='lat'>158</span> <span class='ocrx_word' id='word_1_152' title='bbox 346 2513 415 2580; x_wconf 90' lang='lat' dir='ltr'>sqq.</span> 
     </span>
    </p>
   </div>
   <div class='ocr_carea' id='block_1_5' title="bbox 318 2593 1348 2997">
    <p class='ocr_par' dir='ltr' id='par_1_6' title="bbox 318 2593 1348 2997">
     <span class='ocr_line' id='line_1_22' title="bbox 510 2593 1231 2690; baseline -0.006 -24"><span class='ocrx_word' id='word_1_153' title='bbox 510 2593 629 2690; x_wconf 79' lang='grc' dir='ltr'><strong><em>Αίπὰρ</em></strong></span> <span class='ocrx_word' id='word_1_154' title='bbox 651 2595 781 2684; x_wconf 77' lang='grc' dir='ltr'><strong><em>ἔπειτα,</em></strong></span> <span class='ocrx_word' id='word_1_155' title='bbox 804 2605 917 2688; x_wconf 87' lang='grc' dir='ltr'><strong><em>χρόνου</em></strong></span> <span class='ocrx_word' id='word_1_156' title='bbox 939 2595 1231 2686; x_wconf 66' lang='grc' dir='ltr'><strong><em>περιτελλομένοιο,</em></strong></span> 
     </span>
     <span class='ocr_line' id='line_1_23' title="bbox 318 2693 1261 2792; baseline -0.002 -26"><span class='ocrx_word' id='word_1_157' title='bbox 318 2697 533 2788; x_wconf 75' lang='grc' dir='ltr'>Αἰγύπτου</span> <span class='ocrx_word' id='word_1_158' title='bbox 555 2703 721 2788; x_wconf 66' lang='grc' dir='ltr'><strong><em>βασίλειον</em></strong></span> <span class='ocrx_word' id='word_1_159' title='bbox 743 2699 911 2792; x_wconf 70' lang='grc' dir='ltr'><strong><em>ἐγείροιτο·</em></strong></span> <span class='ocrx_word' id='word_1_160' title='bbox 935 2695 1007 2769; x_wconf 80' lang='grc' dir='ltr'><strong><em>εἶτα</em></strong></span> <span class='ocrx_word' id='word_1_161' title='bbox 1028 2693 1068 2768; x_wconf 86' lang='grc' dir='ltr'>τὸ</span> <span class='ocrx_word' id='word_1_162' title='bbox 1090 2702 1261 2790; x_wconf 81' lang='grc' dir='ltr'><strong><em>Περσῶν,</em></strong></span> 
     </span>
     <span class='ocr_line' id='line_1_24' title="bbox 321 2801 1348 2892; baseline -0.002 -22"><span class='ocrx_word' id='word_1_163' title='bbox 321 2801 485 2891; x_wconf 76' lang='grc' dir='ltr'><strong><em>Μήδων,</em></strong></span> <span class='ocrx_word' id='word_1_164' title='bbox 507 2802 701 2874; x_wconf 76' lang='grc' dir='ltr'>Αἰθιόπων</span> <span class='ocrx_word' id='word_1_165' title='bbox 722 2829 772 2884; x_wconf 84' lang='grc' dir='ltr'>το,</span> <span class='ocrx_word' id='word_1_166' title='bbox 795 2805 849 2872; x_wconf 85' lang='grc' dir='ltr'>καὶ</span> <span class='ocrx_word' id='word_1_167' title='bbox 870 2801 1081 2892; x_wconf 79' lang='grc' dir='ltr'><strong><em>Ἀσσυρίης</em></strong></span> <span class='ocrx_word' id='word_1_168' title='bbox 1103 2801 1348 2886; x_wconf 78' lang='grc' dir='ltr'><strong><em>Βαβυλῶνος,</em></strong></span> 
     </span>
     <span class='ocr_line' id='line_1_25' title="bbox 318 2897 1304 2997; baseline -0.004 -23"><span class='ocrx_word' id='word_1_169' title='bbox 318 2897 403 2974; x_wconf 76' lang='lat' dir='ltr'>Eira</span> <span class='ocrx_word' id='word_1_170' title='bbox 424 2906 659 2997; x_wconf 79' lang='grc' dir='ltr'><strong><em>Μακηδονίιυν,</em></strong></span> <span class='ocrx_word' id='word_1_171' title='bbox 682 2907 784 2976; x_wconf 83' lang='grc' dir='ltr'><strong><em>πάλιν</em></strong></span> <span class='ocrx_word' id='word_1_172' title='bbox 807 2915 846 2974; x_wconf 94' lang='grc' dir='ltr'><strong><em>Α</em></strong></span> <span class='ocrx_word' id='word_1_173' title='bbox 853 2904 1036 2995; x_wconf 77' lang='grc' dir='ltr'><strong><em>ίγύπτον,</em></strong></span> <span class='ocrx_word' id='word_1_174' title='bbox 1058 2904 1133 2974; x_wconf 80' lang='grc' dir='ltr'><strong><em>τότε</em></strong></span> <span class='ocrx_word' id='word_1_175' title='bbox 1153 2899 1304 2991; x_wconf 85' lang='grc' dir='ltr'><strong><em>Ῥώμης.</em></strong></span> 
     </span>
    </p>
   </div>
   <div class='ocr_carea' id='block_1_6' title="bbox 279 3077 1364 3890">
    <p class='ocr_par' dir='ltr' id='par_1_7' title="bbox 279 3077 1364 3271">
     <span class='ocr_line' id='line_1_26' title="bbox 279 3077 431 3164; baseline 0.02 -23"><span class='ocrx_word' id='word_1_176' title='bbox 279 3077 338 3141; x_wconf 81' lang='grc'>167</span> <span class='ocrx_word' id='word_1_177' title='bbox 363 3099 431 3164; x_wconf 88' lang='lat' dir='ltr'>sqq.</span> 
     </span>
     <span class='ocr_line' id='line_1_27' title="bbox 409 3163 1364 3271; baseline -0.006 -23"><span class='ocrx_word' id='word_1_178' title='bbox 409 3173 524 3262; x_wconf 82' lang='grc' dir='ltr'><strong><em>Οίκος</em></strong></span> <span class='ocrx_word' id='word_1_179' title='bbox 544 3181 604 3267; x_wconf 78' lang='grc' dir='ltr'>μὲν</span> <span class='ocrx_word' id='word_1_180' title='bbox 626 3177 687 3271; x_wconf 75' lang='grc' dir='ltr'>γὰρ</span> <span class='ocrx_word' id='word_1_181' title='bbox 710 3181 897 3270; x_wconf 72' lang='grc' dir='ltr'><strong><em>πρώτιστος</em></strong></span> <span class='ocrx_word' id='word_1_182' title='bbox 919 3177 1171 3265; x_wconf 79' lang='grc' dir='ltr'><strong><em>Σολομοίνιος</em></strong></span> <span class='ocrx_word' id='word_1_183' title='bbox 1192 3173 1282 3266; x_wconf 79' lang='grc' dir='ltr'><strong><em>ι’ίρξει</em></strong></span> <span class='ocrx_word' id='word_1_184' title='bbox 1361 3163 1364 3169; x_wconf 35' lang='lat'><strong>⁴</strong></span> 
     </span>
    </p>

    <p class='ocr_par' dir='ltr' id='par_1_8' title="bbox 323 3277 1182 3374">
     <span class='ocr_line' id='line_1_28' title="bbox 323 3277 1182 3374; baseline -0.002 -24"><span class='ocrx_word' id='word_1_185' title='bbox 323 3289 477 3372; x_wconf 75' lang='grc' dir='ltr'><strong><em>Φοινίκης</em></strong></span> <span class='ocrx_word' id='word_1_186' title='bbox 498 3279 527 3350; x_wconf 82' lang='grc' dir='ltr'>τ’</span> <span class='ocrx_word' id='word_1_187' title='bbox 549 3279 661 3374; x_wconf 82' lang='grc' dir='ltr'><strong><em>Ἀσίης</em></strong></span> <span class='ocrx_word' id='word_1_188' title='bbox 683 3284 896 3374; x_wconf 76' lang='grc' dir='ltr'><strong><em>ἐπιβήτορας,</em></strong></span> <span class='ocrx_word' id='word_1_189' title='bbox 919 3277 978 3362; x_wconf 80' lang='grc' dir='ltr'>ἠδὲ</span> <span class='ocrx_word' id='word_1_190' title='bbox 1000 3283 1056 3350; x_wconf 88' lang='grc' dir='ltr'>καί</span> <span class='ocrx_word' id='word_1_191' title='bbox 1077 3277 1182 3351; x_wconf 68' lang='grc' dir='ltr'><strong><em>ἄλλων</em></strong></span> 
     </span>
    </p>

    <p class='ocr_par' dir='ltr' id='par_1_9' title="bbox 321 3385 1338 3684">
     <span class='ocr_line' id='line_1_29' title="bbox 322 3385 1338 3476; baseline -0.004 -24"><span class='ocrx_word' id='word_1_192' title='bbox 322 3385 456 3473; x_wconf 84' lang='grc' dir='ltr'><strong><em>Νήσων,</em></strong></span> <span class='ocrx_word' id='word_1_193' title='bbox 480 3387 672 3476; x_wconf 74' lang='grc' dir='ltr'><strong><em>Παμφύλων</em></strong></span> <span class='ocrx_word' id='word_1_194' title='bbox 690 3413 725 3454; x_wconf 87' lang='grc' dir='ltr'>τε</span> <span class='ocrx_word' id='word_1_195' title='bbox 747 3386 851 3475; x_wconf 77' lang='grc' dir='ltr'><strong><em>γένος,</em></strong></span> <span class='ocrx_word' id='word_1_196' title='bbox 874 3391 1040 3474; x_wconf 82' lang='grc' dir='ltr'><strong><em>Περσῶν</em></strong></span> <span class='ocrx_word' id='word_1_197' title='bbox 1061 3409 1113 3464; x_wconf 85' lang='grc' dir='ltr'>το,</span> <span class='ocrx_word' id='word_1_198' title='bbox 1140 3389 1272 3472; x_wconf 75' lang='grc' dir='ltr'><strong><em>Φρυγῶν</em></strong></span> <span class='ocrx_word' id='word_1_199' title='bbox 1294 3407 1338 3461; x_wconf 86' lang='grc' dir='ltr'>τε,</span> 
     </span>
     <span class='ocr_line' id='line_1_30' title="bbox 321 3487 1253 3578; baseline -0.002 -24"><span class='ocrx_word' id='word_1_200' title='bbox 321 3493 456 3578; x_wconf 83' lang='grc' dir='ltr'><strong><em>Καρῶν,</em></strong></span> <span class='ocrx_word' id='word_1_201' title='bbox 479 3489 534 3556; x_wconf 89' lang='grc' dir='ltr'>καί</span> <span class='ocrx_word' id='word_1_202' title='bbox 558 3495 690 3574; x_wconf 84' lang='grc' dir='ltr'><strong><em>Μυσῶν,</em></strong></span> <span class='ocrx_word' id='word_1_203' title='bbox 715 3491 841 3557; x_wconf 78' lang='grc' dir='ltr'><strong><em>Λυδῶν</em></strong></span> <span class='ocrx_word' id='word_1_204' title='bbox 863 3515 898 3556; x_wconf 86' lang='grc' dir='ltr'>τε</span> <span class='ocrx_word' id='word_1_205' title='bbox 921 3489 1009 3578; x_wconf 80' lang='grc' dir='ltr'><strong><em>γένος</em></strong></span> <span class='ocrx_word' id='word_1_206' title='bbox 1032 3487 1253 3576; x_wconf 83' lang='grc' dir='ltr'><strong><em>πολυχρύσων.</em></strong></span> 
     </span>
     <span class='ocr_line' id='line_1_31' title="bbox 324 3583 1241 3684; baseline 0 -28"><span class='ocrx_word' id='word_1_207' title='bbox 324 3585 444 3679; x_wconf 75' lang='grc' dir='ltr'><strong><em>Αὐτὰρ</em></strong></span> <span class='ocrx_word' id='word_1_208' title='bbox 468 3588 582 3660; x_wconf 75' lang='grc' dir='ltr'><strong><em>ἔπειθ’</em></strong></span> <span class='ocrx_word' id='word_1_209' title='bbox 599 3590 779 3684; x_wconf 68' lang='grc' dir='ltr'><strong><em>’Έλληνες</em></strong></span> <span class='ocrx_word' id='word_1_210' title='bbox 802 3589 998 3680; x_wconf 74' lang='grc' dir='ltr'><strong><em>ὑπερφίαλοι</em></strong></span> <span class='ocrx_word' id='word_1_211' title='bbox 1021 3591 1076 3658; x_wconf 87' lang='grc' dir='ltr'>καὶ</span> <span class='ocrx_word' id='word_1_212' title='bbox 1098 3583 1241 3678; x_wconf 74' lang='grc' dir='ltr'><strong><em>ίίναρνοι,</em></strong></span> 
     </span>
    </p>

    <p class='ocr_par' dir='ltr' id='par_1_10' title="bbox 318 3687 1180 3786">
     <span class='ocr_line' id='line_1_32' title="bbox 318 3687 1180 3786; baseline -0.001 -26"><span class='ocrx_word' id='word_1_213' title='bbox 318 3687 417 3760; x_wconf 81' lang='grc' dir='ltr'>Ἀλλὰ</span> <span class='ocrx_word' id='word_1_214' title='bbox 441 3693 655 3786; x_wconf 79' lang='grc' dir='ltr'><strong><em>Μακηδονίης</em></strong></span> <span class='ocrx_word' id='word_1_215' title='bbox 678 3693 776 3778; x_wconf 72' lang='grc' dir='ltr'><strong><em>ἔθνος</em></strong></span> <span class='ocrx_word' id='word_1_216' title='bbox 798 3697 883 3784; x_wconf 82' lang='grc' dir='ltr'><strong><em>μέγα</em></strong></span> <span class='ocrx_word' id='word_1_217' title='bbox 905 3691 1058 3762; x_wconf 87' lang='grc' dir='ltr'><strong><em>ποικίλον</em></strong></span> <span class='ocrx_word' id='word_1_218' title='bbox 1080 3687 1180 3783; x_wconf 79' lang='grc' dir='ltr'><strong><em>ίίρξοι,</em></strong></span> 
     </span>
    </p>

    <p class='ocr_par' dir='ltr' id='par_1_11' title="bbox 317 3791 1187 3890">
     <span class='ocr_line' id='line_1_33' title="bbox 317 3791 1187 3890; baseline -0.001 -26"><span class='ocrx_word' id='word_1_219' title='bbox 317 3795 363 3864; x_wconf 72' lang='grc' dir='ltr'>Οἳ</span> <span class='ocrx_word' id='word_1_220' title='bbox 381 3791 521 3888; x_wconf 80' lang='grc' dir='ltr'><strong><em>φοβερὸν</em></strong></span> <span class='ocrx_word' id='word_1_221' title='bbox 544 3799 704 3884; x_wconf 77' lang='grc' dir='ltr'><strong><em>πολέμοιο</em></strong></span> <span class='ocrx_word' id='word_1_222' title='bbox 726 3799 825 3890; x_wconf 84' lang='grc' dir='ltr'><strong><em>νέφος</em></strong></span> <span class='ocrx_word' id='word_1_223' title='bbox 848 3791 961 3889; x_wconf 72' lang='grc' dir='ltr'><strong><em>ξίξουσι</em></strong></span> <span class='ocrx_word' id='word_1_224' title='bbox 982 3801 1187 3886; x_wconf 69' lang='grc' dir='ltr'><strong><em>βροτοῖσιν.’)</em></strong></span> 
     </span>
    </p>
   </div>
   <div class='ocr_carea' id='block_1_7' title="bbox 216 3928 1437 4119">
    <p class='ocr_par' dir='ltr' id='par_1_12' title="bbox 216 3928 1437 4119">
     <span class='ocr_line' id='line_1_34' title="bbox 299 3928 1436 4015; baseline -0.003 -22"><span class='ocrx_word' id='word_1_225' title='bbox 299 3928 370 3993; x_wconf 89' lang='lat' dir='ltr'>Iam</span> <span class='ocrx_word' id='word_1_226' title='bbox 398 3931 522 3996; x_wconf 90' lang='lat' dir='ltr'>nullum</span> <span class='ocrx_word' id='word_1_227' title='bbox 545 3931 763 4015; x_wconf 87' lang='lat' dir='ltr'>spe10Eberti</span> <span class='ocrx_word' id='word_1_228' title='bbox 787 3934 819 3995; x_wconf 92' lang='lat' dir='ltr'>et</span> <span class='ocrx_word' id='word_1_229' title='bbox 840 3929 1049 3995; x_wconf 87' lang='lat' dir='ltr'>Bonwetscbii</span> <span class='ocrx_word' id='word_1_230' title='bbox 1072 3928 1245 3993; x_wconf 90' lang='lat' dir='ltr'>sententiae</span> <span class='ocrx_word' id='word_1_231' title='bbox 1268 3929 1436 4009; x_wconf 88' lang='lat' dir='ltr'>patronum</span> 
     </span>
     <span class='ocr_line' id='line_1_35' title="bbox 216 4030 1437 4119; baseline -0.004 -23"><span class='ocrx_word' id='word_1_232' title='bbox 216 4049 450 4112; x_wconf 88' lang='lat' dir='ltr'>remansurum,</span> <span class='ocrx_word' id='word_1_233' title='bbox 472 4053 546 4099; x_wconf 89' lang='lat' dir='ltr'>enm</span> <span class='ocrx_word' id='word_1_234' title='bbox 568 4033 752 4119; x_wconf 86' lang='lat' dir='ltr'>praesertim</span> <span class='ocrx_word' id='word_1_235' title='bbox 774 4051 870 4116; x_wconf 90' lang='lat' dir='ltr'>quarn</span> <span class='ocrx_word' id='word_1_236' title='bbox 891 4032 971 4097; x_wconf 88' lang='lat' dir='ltr'>falso</span> <span class='ocrx_word' id='word_1_237' title='bbox 992 4031 1045 4098; x_wconf 89' lang='lat' dir='ltr'>illa</span> <span class='ocrx_word' id='word_1_238' title='bbox 1066 4030 1251 4096; x_wconf 85' lang='lat' dir='ltr'>iudicaverit</span> <span class='ocrx_word' id='word_1_239' title='bbox 1272 4047 1437 4111; x_wconf 84' lang='lat' dir='ltr'>argumen-</span> 
     </span>
    </p>
   </div>
   <div class='ocr_carea' id='block_1_8' title="bbox 218 4214 1437 4629">
    <p class='ocr_par' dir='ltr' id='par_1_13' title="bbox 218 4214 1437 4375">
     <span class='ocr_line' id='line_1_36' title="bbox 292 4214 1437 4286; baseline -0.005 -12"><span class='ocrx_word' id='word_1_240' title='bbox 292 4219 314 4286; x_wconf 89' lang='lat'>¹)</span> <span class='ocrx_word' id='word_1_241' title='bbox 344 4218 411 4274; x_wconf 87' lang='lat' dir='ltr'>Post</span> <span class='ocrx_word' id='word_1_242' title='bbox 435 4237 535 4276; x_wconf 87' lang='lat' dir='ltr'>annum</span> <span class='ocrx_word' id='word_1_243' title='bbox 561 4221 611 4274; x_wconf 77' lang='grc'>367</span> <span class='ocrx_word' id='word_1_244' title='bbox 636 4237 660 4274; x_wconf 86' lang='lat' dir='ltr'>a.</span> <span class='ocrx_word' id='word_1_245' title='bbox 689 4219 751 4274; x_wconf 78' lang='lat' dir='ltr'>Chr.</span> <span class='ocrx_word' id='word_1_246' title='bbox 778 4219 921 4274; x_wconf 83' lang='lat' dir='ltr'>decemviri</span> <span class='ocrx_word' id='word_1_247' title='bbox 954 4225 1046 4285; x_wconf 86' lang='lat' dir='ltr'>erant,</span> <span class='ocrx_word' id='word_1_248' title='bbox 1072 4218 1149 4273; x_wconf 87' lang='lat' dir='ltr'>initio</span> <span class='ocrx_word' id='word_1_249' title='bbox 1175 4215 1290 4272; x_wconf 84' lang='lat' dir='ltr'>duovirl:</span> <span class='ocrx_word' id='word_1_250' title='bbox 1314 4233 1337 4270; x_wconf 87' lang='lat' dir='ltr'>v.</span> <span class='ocrx_word' id='word_1_251' title='bbox 1364 4214 1437 4268; x_wconf 88' lang='lat' dir='ltr'>Mar·</span> 
     </span>
     <span class='ocr_line' id='line_1_37' title="bbox 218 4305 810 4375; baseline -0.002 -16"><span class='ocrx_word' id='word_1_252' title='bbox 218 4305 325 4373; x_wconf 86' lang='lat' dir='ltr'>quardt.</span> <span class='ocrx_word' id='word_1_253' title='bbox 344 4307 423 4361; x_wconf 81' lang='lat' dir='ltr'>Rom.</span> <span class='ocrx_word' id='word_1_254' title='bbox 443 4307 615 4360; x_wconf 78' lang='lat' dir='ltr'>Staatsverw.</span> <span class='ocrx_word' id='word_1_255' title='bbox 635 4305 810 4375; x_wconf 74' lang='lat' dir='ltr'>nupsere.</span> 
     </span>
    </p>

    <p class='ocr_par' dir='ltr' id='par_1_14' title="bbox 218 4387 1437 4629">
     <span class='ocr_line' id='line_1_38' title="bbox 293 4387 1437 4460; baseline -0.004 -14"><span class='ocrx_word' id='word_1_256' title='bbox 293 4393 316 4457; x_wconf 83' lang='lat'>⁸)</span> <span class='ocrx_word' id='word_1_257' title='bbox 335 4391 401 4446; x_wconf 82' lang='lat' dir='ltr'>cnm</span> <span class='ocrx_word' id='word_1_258' title='bbox 419 4391 462 4446; x_wconf 88' lang='lat' dir='ltr'>bis</span> <span class='ocrx_word' id='word_1_259' title='bbox 479 4391 600 4447; x_wconf 80' lang='lat' dir='ltr'>versibus</span> <span class='ocrx_word' id='word_1_260' title='bbox 618 4393 651 4447; x_wconf 83' lang='lat' dir='ltr'>cl.</span> <span class='ocrx_word' id='word_1_261' title='bbox 671 4391 750 4446; x_wconf 87' lang='lat' dir='ltr'>Orac.</span> <span class='ocrx_word' id='word_1_262' title='bbox 770 4390 867 4460; x_wconf 82' lang='lat' dir='ltr'>Sibyll.</span> <span class='ocrx_word' id='word_1_263' title='bbox 887 4389 923 4444; x_wconf 92' lang='lat' dir='ltr'>1v</span> <span class='ocrx_word' id='word_1_264' title='bbox 943 4389 978 4444; x_wconf 88' lang='grc'>49</span> <span class='ocrx_word' id='word_1_265' title='bbox 995 4406 1052 4459; x_wconf 86' lang='lat' dir='ltr'>sqq.</span> <span class='ocrx_word' id='word_1_266' title='bbox 1072 4419 1104 4430; x_wconf 92' lang='lat'>—</span> <span class='ocrx_word' id='word_1_267' title='bbox 1123 4387 1247 4444; x_wconf 80' lang='lat' dir='ltr'>Eundem</span> <span class='ocrx_word' id='word_1_268' title='bbox 1265 4387 1437 4456; x_wconf 75' lang='lat' dir='ltr'>apologetem</span> 
     </span>
     <span class='ocr_line' id='line_1_39' title="bbox 220 4475 1437 4544; baseline -0.003 -13"><span class='ocrx_word' id='word_1_269' title='bbox 220 4477 410 4534; x_wconf 84' lang='lat' dir='ltr'>Tertullianus</span> <span class='ocrx_word' id='word_1_270' title='bbox 434 4477 499 4532; x_wconf 90' lang='lat' dir='ltr'>mibi</span> <span class='ocrx_word' id='word_1_271' title='bbox 522 4477 629 4534; x_wconf 81' lang='lat' dir='ltr'>ridetur</span> <span class='ocrx_word' id='word_1_272' title='bbox 652 4483 762 4532; x_wconf 82' lang='lat' dir='ltr'>secutus</span> <span class='ocrx_word' id='word_1_273' title='bbox 780 4491 840 4532; x_wconf 87' lang='lat' dir='ltr'>esse</span> <span class='ocrx_word' id='word_1_274' title='bbox 858 4477 893 4531; x_wconf 84' lang='lat' dir='ltr'>ad</span> <span class='ocrx_word' id='word_1_275' title='bbox 912 4480 969 4531; x_wconf 87' lang='lat' dir='ltr'>nat.</span> <span class='ocrx_word' id='word_1_276' title='bbox 988 4475 1015 4530; x_wconf 95' lang='lat' dir='ltr'>ll</span> <span class='ocrx_word' id='word_1_277' title='bbox 1035 4477 1067 4530; x_wconf 75' lang='lat'>17</span> <span class='ocrx_word' id='word_1_278' title='bbox 1086 4491 1112 4544; x_wconf 92' lang='lat' dir='ltr'>p.</span> <span class='ocrx_word' id='word_1_279' title='bbox 1131 4477 1192 4540; x_wconf 77' lang='lat'>213,</span> <span class='ocrx_word' id='word_1_280' title='bbox 1212 4477 1242 4527; x_wconf 89' lang='lat' dir='ltr'>ll</span> <span class='ocrx_word' id='word_1_281' title='bbox 1264 4490 1336 4542; x_wconf 79' lang='lat' dir='ltr'>sqq,</span> <span class='ocrx_word' id='word_1_282' title='bbox 1359 4489 1437 4542; x_wconf 82' lang='lat' dir='ltr'>qoem</span> 
     </span>
     <span class='ocr_line' id='line_1_40' title="bbox 218 4560 1437 4629; baseline -0.002 -13"><span class='ocrx_word' id='word_1_283' title='bbox 218 4563 308 4619; x_wconf 88' lang='lat' dir='ltr'>locum</span> <span class='ocrx_word' id='word_1_284' title='bbox 333 4561 454 4619; x_wconf 80' lang='lat' dir='ltr'>restituit</span> <span class='ocrx_word' id='word_1_285' title='bbox 477 4565 513 4618; x_wconf 89' lang='lat' dir='ltr'>M.</span> <span class='ocrx_word' id='word_1_286' title='bbox 533 4563 731 4620; x_wconf 80' lang='lat' dir='ltr'>liluasmauuus</span> <span class='ocrx_word' id='word_1_287' title='bbox 750 4563 811 4618; x_wconf 85' lang='lat' dir='ltr'>Cur.</span> <span class='ocrx_word' id='word_1_288' title='bbox 830 4562 942 4618; x_wconf 86' lang='lat' dir='ltr'>Tertull.</span> <span class='ocrx_word' id='word_1_289' title='bbox 968 4567 1039 4629; x_wconf 84' lang='lat' dir='ltr'>part.</span> <span class='ocrx_word' id='word_1_290' title='bbox 1059 4566 1121 4615; x_wconf 86' lang='lat' dir='ltr'>tros.</span> <span class='ocrx_word' id='word_1_291' title='bbox 1146 4560 1345 4628; x_wconf 89' lang='lat' dir='ltr'>Rudolpbopoli</span> <span class='ocrx_word' id='word_1_292' title='bbox 1372 4561 1437 4614; x_wconf 76' lang='grc'>1886</span> 
     </span>
    </p>
   </div>
   <div class='ocr_carea' id='block_1_9' title="bbox 0 0 1797 5242">
    <p class='ocr_par' dir='ltr' id='par_1_15' title="bbox 0 0 1797 5242">
     <span class='ocr_line' id='line_1_41' title="bbox 0 0 1797 5242; baseline 0 0"><span class='ocrx_word' id='word_1_293' title='bbox 0 0 1797 5242; x_wconf 95' lang='lat' dir='ltr'> </span> 
     </span>
    </p>
   </div>
  </div>
 </body>
</html>
