3568 5238
810 415 846 475 ll

224 637 252 700 ei
276 637 342 722 (in)
362 637 500 700 ambitus
523 636 637 700 iudicio
657 637 691 700 P.
708 638 852 702 Valerius
872 639 934 702 Leo
956 640 988 702 et
1003 637 1059 702 Cn.
1076 637 1232 700 Domitius
1249 635 1305 700 Cn.
1326 635 1347 698 f.
1368 635 1444 699 Post

225 757 342 822 paucos
365 739 431 802 dies
454 758 577 820 quoque
591 739 666 802 Milo
690 741 771 822 apud
796 741 838 803 M.
863 741 1034 804 Favonium
1060 739 1269 821 quaesitorem
1292 739 1329 802 de
1354 739 1444 802 soda-

225 841 305 905 liciis
321 842 491 905 damnatus
507 844 557 904 est
572 847 741 906 accusante
758 843 792 906 P.
808 843 917 907 Parlvio
933 843 1062 916 Nerato,
1086 843 1135 906 cui
1152 843 1252 922 alege
1268 843 1442 924 praemium

225 945 334 1008 datum
359 947 416 1006 est.
469 943 591 1007 Deinde
621 945 701 1027 apud
731 945 766 1008 L.
787 946 919 1008 Fabium
950 945 1160 1026 quaesitorem
1188 945 1301 1008 iterum
1330 946 1443 1008 absens

225 1047 393 1110 damnatus
417 1050 466 1110 est
489 1047 526 1110 de
549 1049 594 1110 ri:
619 1049 777 1112 accusarit
799 1048 833 1111 L.
858 1048 1040 1114 Comificius
1065 1049 1095 1110 et
1111 1045 1147 1124 Q.
1162 1047 1331 1111 Patulcius.
1368 1047 1444 1110 Milo

226 1151 406 1214 inexilium
429 1149 601 1214 Massiliam
629 1150 713 1214 intra
734 1145 938 1233 paucissimos
966 1151 1032 1214 dies
1059 1149 1216 1232 proiectus
1243 1152 1299 1212 est.
1356 1148 1444 1213 Bona

226 1253 293 1316 eius
316 1255 440 1335 propter
463 1254 542 1316 aeris
566 1253 658 1317 alieni
681 1253 932 1334 magnitudinem
956 1253 1117 1316 semuncia
1140 1253 1311 1316 venierunt.

312 1355 387 1419 Post
420 1356 570 1420 Milonem
603 1357 712 1420 eadem
747 1358 815 1437 lege
853 1356 1001 1438 Pompeia
1033 1355 1153 1436 primus
1190 1359 1239 1418 est
1276 1358 1443 1419 accusatus

225 1460 267 1522 M.
294 1459 438 1522 Saufeius
459 1458 501 1521 Μ.
529 1458 566 1532 l..
591 1460 643 1540 qui
667 1459 728 1522 dux
752 1457 855 1523 fuerat
876 1461 909 1522 in
932 1457 1140 1540 expugnanda
1161 1459 1291 1522 taberna
1314 1458 1443 1522 Bouillis

226 1566 258 1626 et
274 1561 380 1626 Clodio
402 1561 610 1630 occidendo¹t
651 1564 887 1625 Accusaverunt
914 1580 987 1625 eum
1010 1559 1044 1624 L.
1061 1559 1198 1635 Cassius,
1225 1561 1259 1624 L.
1283 1561 1443 1624 Fulcinius

227 1665 261 1730 C.
285 1665 317 1738 f,
341 1664 374 1728 C.
389 1663 546 1736 Valerius3
570 1664 778 1727 defenderunt
800 1665 841 1728 Μ.
859 1663 977 1737 Cicero,
1001 1663 1043 1725 M.
1067 1662 1202 1734 Caelius,
1225 1664 1442 1726 obtinuerunt-

227 1787 287 1848 que
311 1769 346 1830 ut
370 1785 432 1829 una
455 1767 611 1829 sententia
638 1768 860 1831 absolveretur.
898 1767 1193 1830 Condemnareruut
1221 1770 1380 1830 senatores
1404 1767 1441 1842 X,

228 1870 429 1934 absolverunt
443 1867 535 1940 VIII;
559 1868 847 1932 condemnaverunt
869 1869 991 1950 equites
1014 1868 1147 1931 Romani
1162 1867 1218 1940 IX,
1241 1869 1444 1932 absolverunt

227 1971 318 2044 Vlll;
347 1972 399 2035 sed
425 1990 460 2034 es
488 1972 622 2034 tribunis
655 1971 781 2034 aerariis
810 1971 838 2034 X
876 1971 1089 2046 absolverunt,
1126 1969 1168 2032 Vl
1197 1971 1442 2036 damnaverunt:

228 2073 508 2154 (manifestumque
548 2074 653 2138 odium
681 2073 768 2138 Clodi
796 2073 890 2136 saluti
920 2072 1045 2136 Saufeio
1079 2072 1152 2147 luit,
1191 2092 1262 2136 curn
1294 2075 1360 2136 eius
1394 2075 1443 2138 vel

226 2179 311 2260 peior
333 2195 428 2240 causa
451 2195 545 2257 quam
562 2177 687 2240 Milonis
700 2175 820 2250 fuisset,
838 2177 920 2258 quod
936 2177 1042 2258 aperte
1059 2175 1120 2237 dux
1139 2175 1241 2239 fuerat
1261 2195 1442 2258 expugnan-

228 2281 285 2343 dae
308 2280 482 2358 taberuae).
531 2279 693 2362 Repetitus
721 2278 831 2342 deinde
860 2283 930 2361 post
956 2297 1071 2361 pariens
1099 2278 1165 2341 dies
1194 2279 1277 2361 apud
1306 2278 1340 2343 C.
1364 2279 1444 2342 Con-

227 2383 373 2462 sidinm²l
391 2381 600 2462 quaesitorem
623 2383 672 2445 est
699 2380 905 2462 legePlautia
927 2382 964 2444 de
987 2381 1025 2455 ri,
1050 2381 1276 2462 subscriptione
1304 2400 1340 2444 ea
1363 2383 1445 2462 quod

226 2487 294 2550 loca
314 2485 442 2566 publiea
466 2489 650 2566 occupasset
673 2486 800 2546 etcum
823 2484 886 2547 telo
911 2483 1037 2556 fuisset3
1060 2501 1135 2546 nam
1150 2483 1221 2544 (lum
1242 2483 1350 2565 suerat
1374 2503 1445 2566 ope·

226 2607 333 2652 rarum
363 2585 497 2650 Milonis.
550 2588 786 2650 Accusaverunt
814 2585 846 2650 C.
873 2587 995 2662 Fidius,
1023 2586 1079 2650 Cn.
1102 2587 1241 2668 Aponius
1270 2585 1326 2648 Cn.
1350 2585 1379 2652 f..
1403 2587 1444 2650 M.

227 2691 317 2753 Seius
334 2736 606 2754 ............
630 2687 699 2752 Sex.
718 2688 788 2771 <s.>;
813 2688 1020 2752 defenderunt
1036 2687 1077 2751 M.
1094 2689 1211 2762 Cicero,
1227 2685 1269 2748 M.
1282 2688 1445 2750 Terentius

224 2793 321 2856 Varro
345 2793 456 2856 Gibba.
495 2793 666 2855 Absolutus
691 2798 735 2852 est
757 2793 917 2853 sententiis
939 2793 1063 2875 plenius
1087 2811 1182 2872 quam
1204 2791 1310 2875 prius:
1335 2808 1445 2872 graues

224 2894 335 2956 babuit
350 2895 433 2969 lllll,
457 2895 664 2958 absolutorias
681 2893 758 2956 duas
776 2897 808 2956 et
822 2893 925 2963 XXX;
949 2895 1003 2958 sed
1021 2915 1037 2958 e
1054 2895 1208 2958 contrario
1224 2894 1283 2957 boc
1299 2912 1335 2956 ao
1345 2893 1446 2975 priore

223 2996 336 3060 iudicio
353 2996 483 3060 accidit:
508 2997 629 3076 equites
652 2997 736 3058 enim
760 3015 797 3059 ao
820 2999 979 3060 senatores
1003 3015 1075 3060 eum
1097 2997 1307 3071 absolverunt,
1330 2996 1446 3059 tribuni

225 3099 335 3162 aerarii
359 3099 599 3162 damnaverunt.

312 3201 381 3266 Sex.
405 3205 509 3264 autern
535 3199 671 3272 Clodius,
700 3220 760 3282 quo
784 3205 910 3265 auctore
933 3221 1046 3284 corpus
1071 3201 1158 3266 Clodi
1181 3202 1213 3263 in
1237 3200 1356 3264 curiam
1380 3201 1448 3263 illa·

225 3309 293 3368 tum
320 3305 423 3381 fuiti),
457 3303 677 3366 accusantibus
705 3303 738 3368 C.
763 3303 933 3368 Caesennio
956 3304 1096 3378 Philone,
1125 3304 1167 3366 M.
1191 3303 1312 3375 sifidio,
1341 3303 1448 3366 defen-

225 3407 318 3472 dente
338 3407 371 3470 T.
386 3405 561 3481 Flacconio,
584 3423 699 3486 magno
715 3425 870 3471 consensu
893 3407 1059 3470 damnatus
1082 3410 1140 3482 est,
1164 3405 1327 3470 sententiis
1348 3424 1400 3470 sex
1416 3409 1453 3468 et*

224 3509 507 3586 XL3absolutorias
518 3509 655 3590 quinque
667 3509 791 3574 omnino
801 3511 920 3584 babuit,
934 3511 1207 3582 duassenatorum,
1219 3513 1282 3572 tres
1295 3509 1446 3590 equitum.

310 3612 400 3675 Multi
436 3614 597 3695 praeterea
631 3615 662 3674 et
692 3616 873 3694 praesentes
908 3616 940 3676 et
968 3631 1041 3676 cum
1068 3612 1154 3676 citati
1183 3630 1244 3675 non
1273 3611 1448 3694 respondis-

224 3717 296 3776 sent
317 3713 456 3777 damnati
480 3717 603 3794 sunt⁴):
637 3734 674 3778 ex
697 3715 811 3796 quibus
833 3714 971 3778 maxima
992 3735 1064 3798 pars
1092 3715 1151 3778 furit
1171 3713 1446 3790 Clodianorum.'⁵)

436 3884 571 3985 caput
599 3885 664 3966 lll.
706 3885 770 3958 De
797 3842 986 3982 reliquis
1015 3888 1234 3958 fontibus.
1342 3919 1350 3936 ·

310 4021 476 4086 Praeterea
512 4024 665 4086 Asconius
697 4023 855 4086 consuluit
881 4021 1031 4087 Tironis
1063 4025 1187 4086 ‘vitam
1223 4023 1447 4097 Ciceronis,

226 4124 314 4187 ouius
338 4125 453 4188 librum
477 4123 521 4187 IV
544 4144 576 4188 se
599 4125 770 4208 inspexisse
794 4126 957 4207 profitetur
979 4147 1007 4209 p.
1023 4129 1074 4194 43.
1101 4128 1148 4188 10.
1175 4127 1224 4188 ll.
1270 4126 1337 4204 Quo
1359 4125 1444 4190 Cice·

295 4282 315 4335 1)
334 4275 367 4328 of.
390 4277 451 4330 Asc.
470 4293 495 4346 p.
515 4277 557 4342 28,
575 4277 668 4330 6-11.

295 4365 317 4422 l)
336 4361 370 4416 of.
389 4360 652 4431 Kisssling·Soh0ell
670 4361 750 4432 praef
773 4379 799 4432 p.
818 4361 913 4416 XLII.

293 4451 314 4512 ³)
333 4448 367 4502 of.
386 4447 450 4501 Asc.
469 4464 495 4517 p.
515 4449 539 4514 7,
557 4449 636 4512 2-5;
656 4449 697 4510 29,
717 4451 742 4502 2.
761 4450 785 4502 3.

293 4535 314 4595 *l
333 4533 368 4586 cs.
387 4533 507 4586 Dionem
526 4532 580 4586 XL
602 4535 687 4600 55,1.

292 4623 312 4685 ὕ)
332 4620 483 4674 ‘Actorum’
502 4620 617 4690 vestigia
635 4619 749 4673 fortusse
767 4636 900 4690 agnoscas
918 4620 1000 4674 etiam
1019 4620 1047 4673 in
1066 4619 1108 4686 iis,
1126 4637 1197 4690 quae
1214 4621 1347 4692 leguntur
1365 4620 1439 4690 apud

224 4708 288 4760 Asc.
307 4721 333 4776 p.
352 4707 395 4771 42,
412 4706 513 4759 20-27
532 4711 560 4759 et
578 4705 652 4775 apud
672 4704 764 4760 Schol.
784 4704 853 4758 Bcb.
871 4722 897 4775 p.
912 4707 972 4772 330,
990 4707 1108 4768 20-23;
1126 4706 1187 4772 336,
1206 4707 1336 4772 26-337,
1353 4709 1377 4760 2.
