3634 5240
974 302 1016 364 24

383 525 480 614 λόγον
502 520 653 614 εἰρημένα
674 521 786 609 μόνον,
809 520 978 613 τητοίμενα
1003 527 1131 612 ῥυθμοῦ
1152 546 1188 590 τε
1209 523 1262 590 καί
1286 519 1444 612 ἁρμονίας
1461 576 1468 589 .
1486 575 1494 588 .
1511 577 1518 591 .
1536 575 1545 590 .
1564 529 1623 589 At-

384 653 444 717 que
474 633 541 715 ipse
564 631 747 695 Aristoteles
769 632 890 708 monet,
919 649 958 694 nc
980 649 1092 714 poema
1113 630 1169 694 fiat
1190 631 1287 696 oratio
1309 633 1474 713 poetarum
1502 649 1624 694 nume·

383 737 426 800 ris
450 736 598 799 distincte
620 735 670 797 vel
692 735 805 817 potius,
829 753 901 798 cum
924 734 1034 798 vitium
1055 735 1087 798 id
1114 735 1156 798 sit
1177 735 1332 810 orationis
1355 734 1482 798 foedata
1506 735 1622 809 (Rhet.

384 839 467 904 1118
486 838 583 900 1408l
600 837 668 914 30):
686 828 813 920 ῥυθμὸν
836 835 885 901 δεῖ
901 830 983 917 ἔχειν
1003 827 1177 922 τὸνλόγον,
1199 835 1317 920 μέτρον
1338 835 1375 902 δέ
1395 833 1456 920 μή·
1482 832 1626 923 ποίημα

385 935 446 1030 γὰρ
470 935 576 1015 έσταμ
600 940 689 1005 ouius
712 940 900 1005 sententiam
919 939 1016 1005 refert
1036 939 1153 1005 Marius
1178 941 1356 1008 Victorinus
1371 961 1400 1024 p.
1416 942 1529 1020 113,1
1551 963 1624 1024 sqq.

386 1047 425 1112 Κ.
450 1044 571 1110 Similia
593 1043 683 1108 docet
709 1044 877 1127 Dionysius
899 1043 999 1133 Halic.
1022 1062 1121 1126 comp.
1148 1045 1232 1108 verb.
1259 1064 1284 1108 c.
1312 1046 1353 1106 25
1380 1064 1410 1127 p.
1434 1047 1500 1108 382
1528 1045 1625 1110 Sch:

386 1140 422 1212 ου’·
451 1143 584 1212 δίναται
614 1142 696 1232 ψιλὴ
723 1144 810 1226 λέξις
838 1139 934 1227 ὁμοία
963 1143 1120 1230 γενέσθαι
1147 1150 1187 1232 τῇ
1213 1143 1362 1232 ἐμμέτρῳ
1383 1144 1443 1210 -καί
1469 1144 1625 1230 ἐμμελεῖ,

388 1242 443 1315 htv
469 1247 514 1334 μὴ
537 1246 670 1335 περιέχῃ
692 1246 795 1335 μέτρα
817 1247 871 1313 καὶ
895 1245 1040 1332 ῥυθμούς
1062 1271 1152 1326 τινας
1174 1245 1514 1334 έγκαταμεμιγμένους
1536 1243 1626 1336 ἀδή-

387 1353 460 1430 λως.
489 1345 524 1416 σι’·
550 1347 660 1433 μέντοι
690 1348 849 1438 προσήκει
874 1342 902 1436 γ’
931 1344 1089 1435 ἔμμετρον
1116 1343 1183 1416 οὐδ’
1213 1346 1375 1439 ἔρρυθμον
1400 1343 1506 1437 αὐτὴν
1535 1346 1623 1418 εἶναι

390 1455 508 1520 δοκεῖν·
543 1450 670 1540 ποίημα
702 1445 763 1539 γὰρ
793 1449 892 1531 οῖτως
922 1447 1016 1517 ἔσται
1038 1451 1092 1518 καὶ
1115 1451 1240 1537 μέλος.
1264 1503 1271 1518 .
1295 1503 1302 1518 .
1324 1455 1516 1538 Dionysium
1540 1457 1628 1520 Her-

389 1576 550 1640 mogenes,
574 1577 647 1622 cum
669 1558 752 1623 idem
774 1558 966 1641 praeciperet
998 1557 1041 1638 (p.
1065 1559 1173 1634 291‚2
1196 1557 1236 1619 W
1251 1560 1382 1634 :340,
1400 1559 1439 1621 16
1464 1559 1522 1642 Sp.
1550 1561 1627 1624 coll.

392 1661 475 1726 Cast.
503 1661 602 1724 Rhod.
628 1659 678 1724 ΠΙ
713 1661 843 1738 713,14
865 1660 933 1739 W),
967 1661 1093 1724 secutus
1121 1679 1189 1724 esso
1215 1661 1340 1726 videtur
1365 1661 1476 1726 Ioanni
1510 1661 1627 1726 Siculo

391 1763 436 1826 VI
459 1763 531 1838 350,
548 1762 588 1825 30
612 1782 679 1844 sqq.
703 1763 752 1825 W.
797 1762 844 1827 Cf.
868 1762 932 1827 Cic.
956 1761 1043 1827 Orat.
1067 1763 1145 1838 220;
1173 1761 1357 1842 Quintilian.
1381 1766 1426 1829 lX
1443 1769 1473 1843 4,
1493 1767 1547 1830 56.
1568 1768 1625 1836 72;

388 1866 447 1930 Iul.
470 1865 620 1930 Victorin.
641 1887 672 1950 p.
696 1868 769 1945 433,
793 1867 812 1929 9
835 1865 881 1930 ed.
904 1849 1009 1929 Halm.

476 1970 596 2033 Tamen
619 1969 703 2034 idom
724 1969 908 2033 Aristotcles
930 1967 1008 2031 illud
1031 1968 1113 2032 inter
1127 1987 1254 2052 prosam
1268 1972 1439 2036 orationem
1456 1975 1491 2036 ct
1507 1975 1625 2056 possin

391 2073 558 2138 discrimen
581 2091 599 2136 o
621 2072 720 2137 formo
742 2071 876 2154 petitum
898 2073 982 2134 recte
1008 2072 1103 2136 statui
1118 2074 1224 2154 neget,
1248 2093 1442 2156 quamquam
1457 2075 1530 2159 ipse
1548 2095 1624 2140 cum

391 2178 555 2258 vulgarem
583 2175 746 2238 hominum
774 2173 949 2256 opinionem
980 2191 1048 2238 esse
1077 2174 1154 2239 dicit
1175 2175 1262 2240 Poet.
1285 2196 1312 2240 c.
1338 2177 1353 2238 1
1381 2177 1477 2239 14473
1504 2181 1567 2242 13:
1593 2173 1623 2242 σί

392 2270 570 2366 δνθρωντοί
596 2299 631 2362 γε
653 2272 867 2352 συνάπτοντες
887 2276 934 2360 τῷ
957 2272 1066 2362 μίτρην
1088 2268 1128 2342 τὸ
1151 2280 1258 2343 ποιεῖν
1280 2269 1523 2363 έλεγειοποιοίς
1545 2273 1626 2358 τοὺς

395 2379 432 2447 δέ
447 2371 631 2459 ἐποποιοῖς
645 2371 867 2462 ὀνομάζουσιν,
891 2370 947 2458 οὐχ
968 2371 1012 2457 ὥς
1033 2370 1117 2442 κατὰ
1139 2376 1197 2464 τὴν
1217 2375 1357 2466 μίμησιν
1372 2375 1518 2469 ποιητὰς
1535 2374 1624 2448 ἀλλὰ

394 2487 485 2570 κοινῇ
511 2474 595 2547 κατὰ
621 2474 660 2550 τὸ
687 2481 807 2569 μέτρον
834 2477 1134 2568 προσαγορεύοντες.
1190 2484 1317 2549 Etenim
1346 2503 1418 2550 cum
1444 2505 1511 2550 non
1546 2507 1625 2569 quc-

395 2579 502 2663 modo‚
530 2587 584 2650 sed
612 2587 686 2668 quid
715 2586 850 2662 dicatur,
880 2587 997 2649 summi
1026 2585 1067 2649 sit
1094 2587 1244 2651 momenti
1272 2589 1399 2670 totaque
1421 2607 1473 2652 ars
1496 2591 1625 2672 poetica

396 2690 461 2754 solo
489 2691 611 2754 constet
636 2689 825 2767 imitatione,
859 2688 1012 2772 poematis
1038 2689 1165 2753 nomine
1194 2689 1289 2772 digna
1311 2709 1379 2755 esse
1402 2691 1498 2754 etium
1523 2694 1624 2758 verba

396 2793 461 2856 sino
489 2792 636 2875 rhythmo
664 2793 849 2875 composita,
887 2792 1055 2856 dummodo
1082 2792 1217 2858 imitatio
1240 2793 1281 2857 sit
1301 2793 1475 2877 probando,
1507 2801 1623 2860 contre

396 2897 422 2960 si
448 2894 669 2978 improbanda,
698 2915 737 2959 ne
763 2894 982 2978 pulcherrimis
1011 2894 1138 2976 quidem
1164 2897 1305 2960 versibus
1333 2899 1508 2978 genuinum
1538 2899 1623 2963 effici

397 3017 539 3064 carmen:
563 2997 649 3061 Poet.
673 3015 699 3062 c.
725 2999 740 3059 1
767 2999 862 3060 1447·
885 2999 940 3060 28:
968 2989 988 3082 ἦ
1090 2993 1254 3062 έποποιία
1283 2993 1383 3081 μόνον
1409 3001 1481 3077 τοῖς
1509 2997 1624 3086 λόγοις

398 3100 510 3185 ψιλοῖς
531 3091 552 3185 ἢ
574 3101 644 3177 τοῖς
664 3096 797 3184 μέτροις
813 3101 986 3182 (μιμεῖται)
1004 3150 1010 3165 .
1026 3148 1033 3164 .
1051 3150 1058 3164 .
1075 3091 1166 3165 οἰδὲν
1181 3090 1241 3186 γὰρ
1256 3091 1437 3183 ι’λνέχσιμεν
1452 3093 1621 3186 δνομοίσαι

397 3194 503 3268 κοινὸν
525 3194 598 3279 τοὺς
624 3199 795 3287 Σώφρονος
817 3200 872 3267 καὶ
893 3198 1053 3289 Ξενάρχου
1078 3198 1198 3286 μίμους
1220 3200 1275 3268 καὶ
1300 3201 1376 3282 τοὺς
1397 3204 1625 3291 Σωκρατικοῖς

397 3302 517 3391 λόγους,
544 3296 618 3369 οδδέ
646 3298 748 3384 εἴτις
771 3302 828 3371 διὰ
849 3302 1029 3392 τριμέτρων
1056 3297 1078 3392 ἢ
1100 3301 1244 3392 ἐλεγείων
1266 3296 1286 3392 ί)
1307 3309 1371 3370 τῶν
1393 3297 1500 3373 lilim
1522 3319 1623 3378 τινοῖν

397 3411 463 3472 τῶν
492 3403 647 3474 τοιοίτων
679 3411 812 3473 ποιοῖτο
844 3399 901 3494 τὴν
930 3404 1083 3494 μίμησιν·
1107 3457 1114 3472 .
1136 3457 1144 3472 .
1166 3457 1173 3471 .
1197 3399 1290 3473 closo
1321 3405 1359 3473 δέ
1392 3409 1498 3478 κοινόν
1532 3411 1624 3481 ἔστιν

287 3511 289 3516 ’
396 3505 523 3597 Ὁμήρῳ
546 3507 601 3574 καῖ
621 3501 836 3593 Ἐμπεδοκλεῖ
858 3507 944 3596 πλὴν
964 3502 1003 3576 τὸ
1023 3508 1215 3597 μέτρον...
1234 3506 1354 3595 ὁμοίως
1376 3511 1413 3578 δέ
1435 3507 1495 3580 κᾶν
1518 3511 1555 3580 εἷ’
1572 3543 1624 3597 τις

399 3607 532 3678 ἅπαντα
557 3607 600 3676 τὰ
625 3611 730 3701 μέτρα
750 3611 888 3700 μιγνύων
911 3616 1042 3679 ποιοῖτο
1064 3606 1121 3699 τὴν
1142 3607 1282 3700 μίμησιν
1370 3615 1456 3697 ,καὶ
1480 3615 1625 3708 ποιητίμ

400 3713 682 3804 προσαγορευτέον
709 3718 762 3800 (dc
790 3719 902 3783 horum
932 3719 1095 3782 verborum
1123 3719 1354 3784 constructione
1381 3741 1409 3785 v.
1438 3674 1624 3790 Vahlelum

397 3823 432 3885 in
454 3821 574 3937 edflp.
599 3821 638 3883 92
662 3822 739 3904 sq.;)
763 3841 788 3886 c.
813 3822 950 3884 91451
974 3823 1029 3884 38:
1052 3812 1152 3906 ὁγὰρ
1175 3813 1338 3908 ἱστορικὸς
1359 3819 1415 3888 καὶ
1438 3815 1456 3888 5
1478 3819 1625 3914 ποιητὴς

400 3916 435 3987 οὐ
462 3926 508 4010 τῷ
539 3914 559 4010 τ)
588 3916 730 4046 ἔμμετρα
755 3916 908 4009 λέγειν”
888 3949 907 4009 η
939 3913 1062 4046 ίίμετρα
1091 3920 1317 4042 διαφέρουσιν·
1351 3919 1399 4011 είη
1421 3917 1486 4047 γὰρ
1514 3921 1557 3992 δν
1585 3924 1627 3994 τὰ

399 3985 629 4113 Ηροδδτου’
601 4049 648 4105 εις
669 4024 773 4112 μέτρα
793 4030 945 4112 τεθῆναι,
980 4023 1034 4090 καί
1057 4010 1189 4092 οὐδέν
1170 4049 1265 4112 ηττον
1287 4052 1328 4092 αν
1349 4021 1397 4115 ε’ίη
1421 4023 1554 4114 ἱστορία
1575 4057 1626 4113 τις

403 4120 485 4213 μετὰ
507 4125 628 4214 μέτρου
650 4121 670 4215 ἢ
692 4121 765 4194 δνευ
787 4127 923 4217 μέτρων.
930 4133 954 4211 3)

401 4305 448 4354 καὶ
474 4299 577 4354 πάντες
605 4297 633 4351 σι’
658 4301 739 4371 πεζῇ
766 4298 865 4371 μριίσει
892 4303 1061 4370 κεχρημένοι.
1105 4301 1191 4368 Quam
1213 4299 1249 4354 ad
1275 4299 1459 4354 definitionem
1484 4304 1623 4370 quodrnnt

402 4388 484 4443 verbo
507 4385 827 4441 Pseudo-Demosthenis
851 4385 971 4454 epitaph.
994 4402 1020 4453 p.
1048 4386 1122 4449 1391,
1145 4385 1175 4437 15
1193 4385 1231 4439 R:
1318 4389 1364 4435 καὶ
1385 4385 1450 4441 τοὺς
1477 4391 1625 4460 ἐμμέτροις

403 4477 448 4524 καὶ
468 4472 531 4526 τοδε
548 4473 607 4522 τῶν
625 4468 769 4537 ᾀδομένων
787 4471 903 4536 ποιητὰε
922 4475 968 4521 καί
987 4467 1103 4524 πολλοῖς
1121 4469 1179 4521 τοῖν
1197 4473 1417 4542 συγγραφέων

472 4563 495 4624 3)
514 4559 607 4611 Rol'ert
626 4559 780 4612 Aristotelis
799 4558 975 4624 seutentiam,
994 4555 1117 4626 Dionysii
1136 4557 1249 4610 Thracis
1268 4555 1351 4612 verbu
1368 4555 1428 4608 τῶν
1446 4561 1524 4627 παρὰ
1549 4580 1625 4628 ποιη-
