3546 5236
739 537 745 540 ,
816 445 884 542 113,
926 538 950 542 -

228 638 315 702 ,latit
343 640 498 703 adventas
527 643 562 704 ia
591 639 726 705 Italiam
754 651 814 707 cst:
846 665 923 707 111111
952 645 989 707 de
1019 647 1060 708 iis
1084 643 1295 729 temporibus,
1322 665 1458 730 quorum

228 745 404 810 historiam
429 747 606 811 Sallustius
629 751 831 833 conscripsit,
856 751 922 813 dici
946 771 1011 814 noa
1030 757 1161 834 poterut
1185 753 1346 815 ceritatem
1372 761 1459 816 retro

232 852 360 917 obiisse.
407 850 527 934 ambigi
560 851 660 934 igitur
686 859 795 937 potest
823 860 927 918 utrum
956 853 1113 919 bellorum
1136 853 1308 936 civilinm³)
1333 857 1460 920 nomine

227 955 331 1020 ctiam
354 957 441 1022 helle
465 958 624 1023 sociorum
647 965 680 1024 et
704 958 871 1025 Sullanum
895 959 1209 1045 comprehendantur
1232 981 1274 1025 111
1290 961 1460 1028 Caesaria-

229 1081 307 1127 num
344 1063 448 1130 solum
485 1073 517 1129 et
553 1066 818 1131 Antoninianum:
866 1075 954 1132 reete
995 1074 1103 1132 autem
1140 1065 1335 1133 Niebuhrius
1371 1067 1461 1131 litem

228 1169 399 1235 enuntiato
427 1177 513 1238 1111111
535 1178 682 1258 primum
711 1179 831 1241 veritos
861 1186 946 1241 retro
971 1176 1052 1240 obiit
1076 1172 1183 1238 dirimi
1206 1175 1380 1260 perspexit.
1426 1182 1462 1238 at

228 1276 416 1347 enimnnm
440 1279 508 1342 inre
533 1278 597 1344 dici
620 1286 748 1364 poterat
772 1281 1007 1346 aansariano
1031 1279 1158 1346 demum
1182 1280 1267 1346 bello
1291 1281 1461 1347 veritatem

231 1389 317 1448 retro
333 1385 476 1451 abiisse?
505 1405 611 1452 nonne
634 1386 699 1451 iem
722 1386 797 1452 inde
822 1387 1051 1453 aGraochana
1070 1386 1230 1453 seditione
1250 1397 1347 1471 atque
1363 1389 1461 1454 etiam

232 1491 338 1574 magis
362 1513 382 1555 a
407 1491 519 1558 Sullae
542 1493 740 1578 temporibus
763 1495 903 1578 partium
928 1493 1068 1560 studium
1100 1495 1132 1558 in
1162 1513 1267 1560 rernm
1296 1503 1462 1578 gestarum

231 1598 420 1664 narratione
455 1597 628 1683 plurimum
665 1600 789 1665 valuit?
853 1601 1055 1668 notissimum
1094 1609 1145 1666 est
1185 1600 1259 1667 hinc
1297 1600 1462 1684 Scaurum,

233 1703 386 1768 Rutilium
411 1705 537 1784 Rufum,
562 1707 726 1772 Lutatium
752 1707 909 1792 Catulum,
938 1708 1043 1794 ipsum
1068 1708 1192 1774 Sullam
1216 1709 1462 1791 Corneliumque

232 1809 427 1894 Epicadum,
465 1812 553 1879 illinc
589 1813 748 1880 Licinium
785 1814 928 1880 Macrum
966 1816 1105 1882 stetisse.
1173 1835 1272 1898 qnare
1314 1815 1463 1900 quamvis

230 1917 411 1984 Sallustius
439 1919 472 1984 in
500 1918 645 1987 historiis
673 1928 705 1986 ct
733 1921 766 1986 in
790 1921 882 1986 libris
905 1921 1082 1988 minorihus
1105 1922 1247 2006 priorum
1271 1922 1463 2008 scriptorum

233 2024 314 2089 vitia
345 2026 468 2092 evitare
496 2027 669 2107 studuerit,
699 2035 807 2092 tamen
835 2029 868 2092 in
896 2028 961 2094 illis
989 2029 1114 2094 initium
1143 2050 1162 2094 1
1191 2028 1302 2095 Sullae
1335 2029 1463 2094 demum

232 2139 335 2197 morte
360 2133 447 2218 oepit
471 2143 511 2217 et,
536 2155 607 2200 curn
624 2135 759 2200 Caesari
775 2135 991 2202 amicissimus
1015 2135 1140 2214 luisset,
1165 2135 1274 2219 utique
1299 2137 1329 2202 ei
1353 2137 1464 2201 iuvere

230 2237 384 2305 debehat.
429 2241 540 2324 itaque
564 2242 657 2306 unico
681 2241 742 2306 hoc
767 2243 913 2327 exemplo
938 2243 1105 2328 scriptoris
1133 2243 1281 2309 veritatis
1309 2250 1463 2326 qnantum

234 2345 355 2411 licebat
388 2347 528 2413 amantis
561 2346 595 2412 id
624 2348 709 2430 qnod
737 2349 933 2415 Niebuhrius
962 2349 1065 2415 voluit
1092 2371 1156 2416 non
1184 2351 1347 2436 probatur.
1398 2350 1463 2414 iam

233 2452 316 2517 nihil
340 2452 430 2518 aliud
449 2454 640 2538 relinquitur
663 2455 726 2522 nisi
740 2462 776 2520 ut
790 2455 916 2522 Seneca
930 2476 994 2522 non
1009 2457 1112 2522 solum
1126 2457 1293 2523 historiam
1307 2456 1462 2522 bellorum

231 2559 378 2625 civilium
402 2561 485 2628 inter
499 2562 686 2648 Pompeium
712 2571 744 2628 et
760 2563 942 2647 Caesarem,
966 2564 1050 2630 inter
1064 2565 1236 2629 Antonium
1261 2574 1293 2630 et
1313 2563 1463 2629 Octavia-

234 2688 310 2733 num
325 2675 489 2752 gestorum
507 2688 680 2752 eorumque
695 2689 778 2754 quae
793 2669 940 2736 insecuta
958 2679 1032 2736 sunt
1046 2678 1224 2757 temporum
1239 2671 1464 2756 composuerit,

232 2773 295 2842 sed
323 2775 430 2840 omnia
457 2775 569 2860 populi
596 2777 732 2841 Romani
760 2776 847 2843 bella
876 2777 986 2842 civilia
1014 2779 1202 2863 narraverit,
1235 2798 1319 2861 qnae
1351 2779 1415 2842 iam
1443 2797 1464 2842 a

235 2888 337 2946 morte
365 2882 487 2947 Tiberii
516 2883 655 2948 Gracchi
683 2884 808 2949 initium
838 2885 965 2969 cepisse
992 2884 1139 2950 historici
1165 2885 1301 2950 Romani
1334 2882 1465 2950 tradere

233 2989 350 3054 solent.
402 2990 492 3056 cuius
525 2990 573 3055 rei
605 2990 901 3058 manifestissimum
935 2991 1153 3057 testimonium
1185 2989 1273 3076 apud
1305 2990 1464 3056 Velleinm

237 3096 442 3161 Paterculnm
465 3095 496 3159 11
521 3100 596 3176 3‚3
630 3104 728 3182 extat,
761 3099 816 3181 qni
849 3097 890 3162 de
921 3089 1023 3163 morte
1056 3097 1178 3163 Tiberii
1212 3097 1350 3163 Gracchi
1382 3098 1465 3164 haec

234 3203 329 3268 dicit:
358 3205 415 3271 hoc
443 3209 575 3270 initiam
604 3210 640 3272 ia
663 3207 1194 3292 1111111111111111111119111111
1216 3208 1466 3294 pladiorumquc

238 3315 444 3398 imperatoris
466 3314 544 3394 ferit.
582 3311 694 3395 itaque
717 3311 854 3378 similem
869 3311 992 3377 Seneca
1016 3319 1109 3396 pater
1128 3310 1296 3377 materiam
1312 3311 1465 3376 tractavit

235 3426 336 3502 atque
352 3417 530 3502 Appianas,
550 3416 638 3502 apud
664 3439 758 3502 quem
773 3419 815 3484 ab
830 3418 890 3484 hoc
905 3419 977 3505 ipso
992 3427 1136 3504 tempore
1158 3415 1312 3506 Ῥωμαικὰ
1335 3420 1466 3507 apphiae

237 3525 363 3591 initium
391 3525 531 3611 capiunt,
560 3533 592 3590 et
616 3526 741 3610 Florus,
772 3525 827 3609 qui
861 3547 932 3591 oum
965 3525 1045 3591 libro
1075 3526 1177 3610 primo
1211 3525 1298 3590 bella
1330 3533 1464 3590 externa

237 3653 339 3716 usque
363 3631 406 3695 ad
430 3631 615 3698 Parthicum
639 3632 750 3698 Crassi
774 3640 964 3718 persecutns
988 3643 1085 3717 esset,
1113 3632 1215 3698 altero
1244 3633 1331 3698 bella
1355 3631 1464 3696 civilia

236 3738 418 3805 rectissime
442 3737 505 3803 iam
526 3738 756 3804 aGraechana
781 3737 940 3805 seditione
965 3759 1098 3805 exorsus
1122 3758 1224 3824 usque
1248 3738 1292 3803 ad
1316 3738 1385 3804 eius
1410 3739 1464 3822 qui

235 3847 333 3912 finem
344 3845 384 3912 iis
395 3846 549 3928 imposuit
557 3846 698 3930 Augusti
712 3854 859 3932 tempora
869 3845 1050 3932 descripsit.
1069 3847 1169 3912 multo
1180 3866 1257 3912 vero
1271 3845 1465 3931 prolixiores

330 4094 351 4164 ³)
371 4097 447 4150 cie-ile
465 4097 560 4149 bellum
579 4099 641 4164 post
660 4095 784 4150 Caesaris
803 4096 1013 4150 commentarios
1032 4095 1178 4166 praecipue
1197 4095 1225 4149 id
1243 4097 1317 4165 quod
1335 4095 1383 4150 ille
1402 4115 1463 4150 cunr

238 4185 368 4256 Pompeio
391 4184 477 4254 gessit
500 4185 666 4253 appellatur.
703 4185 797 4240 eodem
820 4184 931 4239 nomine
955 4185 1026 4239 hirii
1050 4185 1132 4239 libros
1156 4187 1335 4239 centesimum
1362 4203 1464 4240 nonum

236 4295 325 4344 usque
340 4275 374 4329 ad
394 4274 573 4329 centesimum
592 4273 727 4329 decimum
747 4279 862 4338 sentum,
886 4275 986 4342 quibus
1004 4291 1046 4328 res
1064 4274 1129 4328 inde
1147 4275 1182 4328 ab
1202 4275 1323 4329 adventu
1342 4275 1466 4329 Caesaris

238 4365 268 4418 in
286 4365 398 4420 Italiam
423 4381 509 4431 nsque
533 4363 568 4417 ad
592 4363 650 4418 eius
673 4363 782 4418 caedem
806 4368 901 4431 gestae
924 4364 1132 4427 enurrabantnr,
1157 4364 1363 4433 comprehensos
1382 4365 1466 4417 inisse

235 4473 271 4509 ex
286 4453 421 4523 periochis
435 4454 543 4508 scimus.
562 4469 652 4520 neque
666 4453 759 4508 obstat
773 4453 845 4521 quod
856 4456 997 4521 Augustus
1011 4453 1041 4506 in
1054 4451 1144 4507 indice
1158 4469 1249 4506 rernm
1260 4469 1314 4506 111
1323 4458 1466 4521 gesturum

236 4544 286 4604 (Vl
313 4547 352 4606 13)
371 4545 438 4598 hello
456 4545 550 4597 11111111
569 4561 586 4598 a
604 4559 632 4596 sc
651 4541 775 4596 extincta
792 4558 849 4597 esse
872 4541 941 4596 dicit
964 4543 1006 4609 (ci.
1027 4541 1038 4596 l
1061 4545 1092 4596 13
1111 4545 1139 4596 11
1159 4541 1184 4595 11
1202 4541 1255 4609 ro).
1293 4547 1372 4610 patet
1391 4543 1466 4595 eninr

238 4634 289 4687 illo
312 4633 423 4687 nomine
446 4649 502 4686 non
525 4631 715 4686 Antonianum
744 4635 869 4696 1111111111,
896 4631 942 4686 sed
970 4632 1056 4686 etiam
1079 4649 1111 4686 ea-
1134 4648 1206 4700 quae
1233 4648 1296 4685 cnm
1324 4631 1409 4686 Bruto
1437 4637 1467 4686 et

236 4723 333 4777 Cassio
352 4727 380 4778 11
398 4721 458 4777 Sex.
479 4721 609 4791 Pompeio
628 4725 750 4790 gesserat
768 4725 797 4775 et
814 4722 928 4776 tortasse
948 4720 1033 4775 etiem
1051 4722 1143 4790 priora
1161 4720 1319 4791 significari.

1223 4861 1226 4868 1
1256 4810 1305 4862 11*
