3568 5238
795 407 836 468 47

236 628 384 692 erwaehnt
407 629 456 693 dio
479 629 534 692 des
557 629 726 714 Antonius,
750 629 830 692 ohne
853 633 948 694 etwas
974 647 1036 692 ron
1058 629 1262 695 Unaeohtheit
1288 651 1326 694 zu
1353 649 1457 712 sagon,

236 732 302 795 und
324 735 427 796 Ascon
450 732 491 796 ist
513 735 608 794 etuas
631 750 670 794 zu
692 731 932 813 eingenommen
955 731 1024 795 fuer
1046 731 1162 807 Cicero,
1196 752 1250 797 um
1272 733 1339 798 hier
1361 733 1459 796 unba-

237 833 344 914 dingto
367 833 534 898 Antoritaet
556 852 593 896 zu
617 833 685 897 sein
707 871 762 902 -.
791 853 826 898 so
850 834 970 899 duerlte
993 833 1072 898 doch
1096 834 1314 900 thatsaeohlioh
1336 834 1391 898 der
1411 834 1459 897 in·

236 936 375 1017 quilinus
403 936 504 1000 neban
533 936 605 999 dem
636 936 731 1001 homo
758 956 858 1001 novus
880 937 912 1000 in
936 936 1089 1002 Catilinas
1111 937 1197 1001 Rode
1224 937 1313 1000 nicht
1339 935 1459 1018 gelehlt

236 1039 339 1103 haben
363 1039 437 1120 (vgl.
462 1038 525 1102 Cic.
549 1058 604 1121 pro
621 1038 700 1102 Sull.
718 1041 746 1113 7,
769 1041 810 1100 22
833 1039 936 1121 sqq.).'
980 1042 1024 1102 At
1044 1040 1198 1104 Asconius
1222 1039 1370 1104 discernit
1391 1056 1459 1101 ora-

237 1142 339 1206 tiones
373 1160 462 1206 veras
496 1146 528 1206 et
561 1141 743 1206 subditicios
765 1144 962 1222 testaturque
985 1140 1153 1206 Catilinam
1176 1144 1208 1206 et
1230 1141 1402 1206 Antonium
1424 1159 1457 1205 re

241 1263 316 1307 uera
341 1245 373 1308 in
401 1244 559 1309 Ciceronis
581 1245 756 1309 novitatem
782 1245 921 1308 invectos
944 1263 1027 1320 esse,
1061 1244 1182 1308 everis
1204 1245 1310 1307 tamen
1333 1243 1459 1308 illorum

235 1347 427 1411 orationibus
438 1347 576 1410 diversas
589 1347 686 1410 luisse
702 1365 765 1421 eas,
782 1364 861 1427 quae
878 1345 1065 1411 atheronis
1081 1346 1341 1410 obtrectatoribus
1357 1346 1458 1410 editae

235 1468 294 1512 sua
316 1451 418 1513 aetate
441 1447 591 1512 ferantur.

320 1567 431 1650 Itaque
446 1568 517 1632 illos
537 1569 756 1650 competitores
773 1587 811 1632 ro
827 1584 916 1632 vera
933 1567 1074 1633 Ciceroni
1090 1567 1312 1631 contumelioso
1333 1586 1460 1650 respon·

237 1671 320 1736 disse
353 1673 408 1734 aut
438 1689 474 1734 er
505 1672 645 1754 ipsorum
682 1671 872 1735 orationibus
907 1671 997 1734 scirit
1033 1672 1260 1734 commentator
1286 1671 1342 1733 aut
1375 1668 1458 1752 apud

235 1775 419 1857 scriptorem
442 1774 579 1854 aliquem
602 1773 694 1855 legit3
718 1773 771 1854 qui
794 1774 819 1836 si
843 1773 997 1838 orationes
1020 1774 1103 1856 ipsas
1127 1772 1263 1846 adiisset,
1286 1789 1324 1836 ex
1338 1775 1458 1851 moro1)

235 1895 291 1940 suo
314 1877 345 1939 id
368 1875 587 1956 algnifioasset,
610 1878 705 1958 atque
728 1874 905 1940 cumidem
929 1877 961 1939 in
983 1875 1166 1939 universum
1188 1874 1353 1949 crationes,
1377 1893 1457 1956 quae

234 1980 300 2042 suis
315 1979 508 2060 temporibus
526 1977 678 2052 serantur,
699 1996 763 2041 non
787 1978 826 2040 ab
848 1979 923 2060 ipsis
939 1979 1081 2061 scriptas,
1103 1978 1159 2041 sed
1181 1977 1308 2041 nomino
1331 1979 1459 2040 tantum

238 2081 365 2144 illorum
388 2081 518 2144 emissas
541 2098 610 2142 esse
639 2080 792 2162 expressis
815 2080 917 2144 verbis
940 2079 1088 2156 affirmet,
1120 2080 1274 2161 genuinae
1302 2079 1458 2144 orationes

234 2185 304 2246 tum
328 2183 455 2247 omnino
479 2181 626 2244 ridentur
646 2183 710 2246 iam
734 2183 872 2264 periisse.

320 2301 493 2365 Asconium
517 2304 623 2364 autern
646 2302 672 2365 si
695 2301 764 2383 quis
787 2301 884 2366 nimio
907 2321 982 2384 erga
1003 2301 1184 2366 Ciceronem
1208 2303 1312 2366 studio
1335 2301 1381 2365 ita
1404 2301 1456 2365 de-

235 2408 361 2487 ceptum
382 2421 451 2468 esse
483 2404 625 2479 oonioIat,
653 2407 690 2467 ut
711 2404 782 2468 illas
805 2403 961 2468 orationes
983 2405 1096 2468 iniuria
1122 2403 1218 2469 falsas
1241 2423 1310 2470 esse
1334 2403 1458 2480 diceret,

236 2509 264 2571 ei
286 2508 390 2572 obstet
412 2507 468 2569 riri
500 2505 725 2587 religiosissimi
748 2506 934 2587 doctriw).
977 2507 1061 2570 Nam
1085 2507 1209 2571 etiamsi
1231 2509 1315 2591 apud
1337 2504 1460 2585 Quinti-

233 2611 354 2673 lianum
383 2609 418 2690 (l.
442 2617 481 2682 o.)
512 2608 726 2690 fragmentum
759 2608 843 2672 illius
876 2608 911 2672 C.
934 2610 1060 2674 Antonii
1083 2610 1230 2674 orationis
1258 2613 1371 2685 exstat,
1399 2608 1459 2672 hoo

234 2710 403 2794 suppositis
433 2711 625 2775 orationibus
648 2711 851 2775 tribuendum
878 2729 946 2776 esse
968 2715 1094 2796 propter
1122 2713 1189 2777 eius
1210 2711 1350 2777 indolem
1372 2711 1459 2775 Mad·

234 2815 370 2895 rigius⁸)
397 2813 573 2895 suspicatus
596 2815 645 2876 est
667 2816 699 2876 et
721 2832 758 2877 er
779 2815 825 2889 iis,
848 2832 929 2894 quae
953 2814 1099 2896 equidem
1122 2815 1263 2890 disserui,
1287 2815 1397 2879 elucet.

318 2931 386 2995 lam
399 2931 545 3012 quoniam
558 2933 728 2996 Ascanium
744 2932 781 2996 de
791 2933 851 2996 hao
866 2952 899 2996 re
912 2933 1093 3016 scriptorem
1109 2934 1248 3017 aliquem
1263 2933 1457 2999 consuluisse

234 3033 393 3108 uidemus,
416 3051 456 3096 ne
478 3034 658 3115 Appianum
682 3035 808 3116 quidem
832 3053 890 3098 sua
912 3052 948 3098 ex
971 3037 1103 3101 subditis
1132 3037 1325 3101 orationibus
1347 3071 1387 3082 -
1419 3036 1458 3099 do

236 3137 349 3218 quibus
373 3135 446 3200 solis
470 3136 502 3198 in
524 3135 577 3199 illo
600 3135 745 3200 historico
769 3137 898 3219 cogitari
920 3138 1020 3219 possit
1048 3175 1088 3186 -
1121 3139 1350 3222 deprompsisse
1381 3137 1459 3201 reri·

235 3239 338 3303 simile
354 3241 416 3312 est3
441 3240 534 3319 atque
558 3236 634 3302 adeo
658 3241 826 3321 utrumque.
850 3242 1010 3304 auctorem
1033 3259 1070 3304 cr
1092 3242 1250 3305 communi
1272 3240 1357 3305 fonte
1380 3241 1459 3304 hau-

235 3341 349 3422 sissel)
373 3341 528 3423 suspicor3
553 3341 605 3422 qui
628 3344 735 3405 tamen
760 3344 867 3408 utrum
890 3341 995 3406 Livius
1018 3341 1111 3408 fuerIt
1134 3363 1173 3408 an
1197 3344 1286 3419 alius,
1309 3344 1342 3406 in
1358 3342 1453 3406 dubio

235 3444 476 3528 relinquendum
499 3447 556 3507 est.

527 3751 663 3853 Caput
688 3752 767 3833 ΙΙΙ.
820 3753 885 3828 De
920 3752 1159 3830 Sallustio

323 3939 530 4004 Sallustianos
558 3939 742 4004 historias
771 3942 810 4005 ab
838 3942 986 4018 Asconio,
1020 3943 1164 4024 quamuis
1198 3944 1297 4008 semel
1330 3945 1456 4008 tantum

236 4061 300 4106 una
323 4062 394 4106 oum
418 4043 504 4107 Lirio
527 4047 560 4108 et
579 4043 758 4108 Fenestella
779 4043 921 4108 Sallustii
943 4045 1138 4110 mentionem
1160 4046 1278 4122 iniciat,
1301 4065 1363 4110 non
1386 4065 1455 4111 esse

235 4145 396 4226 neglectas
430 4145 484 4208 sed
518 4146 705 4228 compluries
733 4146 888 4212 adhibitas
916 4166 935 4211 a
961 4148 1141 4224 scholiasta,
1179 4167 1383 4231 quaecunque
1417 4149 1455 4212 ad

306 4405 325 4460 ¹t
344 4398 378 4452 of.
397 4401 462 4454 Aoo.
479 4417 506 4470 p.
524 4401 568 4466 23,
587 4400 632 4464 1a;
650 4399 694 4466 36,
713 4401 758 4465 12;
776 4401 952 4466 54,12-15;
970 4402 1013 4468 82,
1031 4403 1073 4457 16.
1101 4403 1142 4456 17.

305 4485 326 4550 ¹)
345 4481 425 4538 Idem
442 4485 567 4540 iudicant
584 4484 726 4557 Kiersling
745 4489 774 4540 et
792 4483 1004 4556 Sohoell'praof.
1023 4504 1049 4558 p.
1068 4487 1138 4542 XII.

305 4571 328 4637 ⁸)
346 4569 363 4624 1.
382 4585 405 4623 o.
424 4587 450 4640 p.
469 4571 503 4625 75
520 4585 559 4640 sq.
598 4570 744 4626 Praeterea
761 4572 795 4626 of.
809 4569 946 4642 Spuldiug
963 4571 999 4626 ad
1012 4571 1109 4639 Quint.
1128 4573 1172 4627 IV
1191 4575 1216 4641 1,
1233 4575 1282 4640 683
1300 4573 1346 4627 IX
1363 4575 1389 4638 3,
1407 4572 1450 4628 94.

308 4659 330 4722 ⁴)
350 4653 548 4725 SchIIeplraolre
565 4655 583 4708 l.
601 4673 624 4710 o.
642 4655 694 4711 hoo
710 4663 801 4728 negat
