3480 5230
777 399 816 459 37

692 484 900 496 —m

190 627 272 708 quot
293 643 333 690 cx
354 618 405 686 his
427 616 579 706 partibus
601 617 783 686 afferuntur
805 620 902 686 etiam
926 643 947 686 a
970 618 1115 687 Planude
1137 619 1165 688 V
1187 643 1217 707 p.
1242 628 1303 692 217
1329 621 1407 706 W.¹)

191 729 256 796 Sed
290 729 423 794 fuerunt
455 723 512 808 qui
534 723 792 791 intellectionsm
819 722 956 814 (νόησιν)
984 730 1023 792 ut
1053 723 1252 809 singularem
1279 733 1407 812 partem

191 831 416 919 improbarent
443 851 580 914 eamque
603 828 784 898 inventioni
803 829 1038 910 attribuerent3
1062 828 1105 896 ab
1126 829 1230 896 isdem
1253 830 1409 898 memoria

191 928 325 1025 (μνήμη)
356 935 554 1015 adsumitur,
586 932 728 1001 elocutio
760 939 794 1000 et
825 933 1049 1017 pronuntiatio
1082 933 1265 1018 peculiares
1295 941 1408 1018 partes

191 1045 385 1108 statuuntur
407 1043 441 1105 et
463 1037 575 1104 sicud
599 1033 750 1122 quinque
767 1037 843 1104 illas
865 1045 979 1122 partes
1000 1043 1193 1122 perventum
1216 1041 1276 1104 est.
1321 1039 1407 1106 Non·

191 1141 276 1208 nulli
298 1147 407 1209 tamen
430 1140 650 1208 inventionem
671 1145 800 1219 tantum
823 1145 857 1208 et
871 1140 1120 1224 dispositionem
1143 1147 1176 1208 et
1191 1140 1407 1208 elocutionem

188 1246 418 1331 probaverunt,
441 1245 475 1309 in
491 1244 541 1310 hia
556 1244 717 1312 Albucius
732 1243 827 1326 Silus,
845 1245 1018 1330 „quoniam
1034 1243 1191 1309 memoria
1205 1250 1305 1329 atque
1320 1247 1408 1314 actio

188 1352 309 1415 natura
335 1370 401 1415 non
427 1353 498 1416 arte
525 1347 782 1436 contingant.“¹)
846 1349 894 1416 De
915 1342 1086 1437 ὑποκρίσει
1115 1347 1181 1431 iam
1215 1347 1409 1418 Aristoteles

189 1450 278 1517 idem
310 1451 470 1518 iudicavit
500 1451 680 1536 eademque
713 1451 754 1518 de
783 1473 885 1519 causa
913 1452 1001 1536 apud
1029 1454 1133 1518 Anon.
1157 1451 1218 1516 VH
1238 1474 1269 1535 p.
1297 1451 1408 1520 1111.

189 1553 265 1622 illas
288 1555 371 1622 duas
394 1559 506 1640 partes
529 1576 600 1622 esse
622 1553 767 1621 abiectas
789 1576 890 1641 supra
911 1555 1061 1625 vidimus.

274 1674 344 1740 Iam
372 1695 449 1740 vero
473 1675 629 1759 equidem
652 1675 848 1742 coniecerim
872 1675 997 1742 Stoicos
1019 1674 1190 1759 inprimis
1212 1675 1327 1758 inisse,
1352 1677 1408 1761 qui

188 1777 385 1844 locutionem
415 1773 490 1865 ἔργα
522 1784 580 1846 τοῦ
612 1775 744 1866 ῥήτορος
771 1779 805 1844 in
835 1799 930 1844 usum
959 1777 1151 1863 receperint.
1205 1779 1407 1863 Quamquam

189 1882 232 1948 ab
249 1882 296 1949 eis
318 1903 383 1948 non
405 1881 588 1966 proiectum
611 1887 662 1948 est
682 1881 764 1948 illud
786 1879 992 1962 vocabulum,
1014 1901 1127 1946 verum
1148 1880 1215 1946 iam
1237 1887 1335 1948 antea
1356 1881 1409 1948 hic

187 1985 258 2053 illic
280 1984 421 2066 obvenit,
443 1984 492 2050 itu
513 1989 634 2066 tamen,
657 1990 696 2050 ut
716 1984 750 2050 iu
774 1983 941 2052 sollemnis
963 1983 1137 2052 locutionis
1166 1985 1304 2051 formam
1327 2005 1408 2050 non·

189 2090 267 2156 dum
289 2089 440 2155 videatur
461 2087 591 2153 abiisse.
628 2088 725 2154 Falso
749 2093 857 2154 autem
884 2087 1081 2155 scholiastes
1104 2087 1274 2155 Platonem
1296 2087 1410 2154 dicunt

189 2190 322 2280 ῥήτορος
351 2188 445 2280 ἔργον
473 2192 607 2275 potesse
628 2185 666 2258 τὸ
689 2183 799 2279 ἀληθῆ
821 2190 931 2278 λέγειν,
941 2196 967 2276 ⁸)
989 2191 1085 2258 abusi
1107 2190 1156 2258 illi
1180 2191 1311 2276 quidem
1333 2189 1409 2256 Pla-

188 2296 277 2362 tonis
304 2294 426 2375 verbis,
454 2315 538 2377 quae
567 2294 698 2360 suntin
721 2295 866 2362 Socratis
888 2295 1051 2379 Apologia
1072 2317 1104 2380 p.
1130 2302 1169 2363 18
1184 2297 1223 2359 A:
1246 2296 1409 2362 δικαστῶν

188 2397 250 2485 μὲν
275 2389 335 2486 γὰρ
356 2392 436 2485 atta
458 2389 590 2484 άριτή,
613 2393 748 2487 ῥήτορος
770 2394 808 2464 δὲ
828 2389 958 2486 τάληθῆ
977 2397 1091 2485 λέγειν.

277 2521 346 2586 Νοο
368 2518 473 2603 magis
496 2507 723 2584 confidendum
748 2517 809 2598 eia,
838 2517 894 2601 qui
921 2517 1098 2596 Isocratem
1126 2517 1310 2585 rhetoricae
1338 2516 1409 2582 offi-

189 2625 276 2692 cium
303 2619 430 2706 fingunt
457 2625 659 2688 statuentem
687 2613 728 2687 τά
753 2618 814 2705 μὲν
840 2614 941 2709 μικρά
967 2617 1114 2709 μεγάλους
1143 2617 1266 2703 εἰπεῖν,
1299 2613 1341 2687 τὰ
1373 2618 1410 2687 δὲ

189 2724 315 2814 μεγάλα
341 2727 473 2812 μικρῶς,
494 2723 550 2791 καὶ
568 2717 684 2807 τὰμὲν
699 2715 796 2790 καινά
812 2724 973 2806 παλαιῶς,
995 2717 1038 2790 τά
1053 2723 1091 2791 δὲ
1107 2715 1236 2790 παλαιά
1251 2727 1409 2805 καινῶςῑ),

189 2836 249 2896 cut
270 2831 461 2912 Doxopatro
487 2828 545 2912 (VI
565 2850 596 2912 p.
615 2835 653 2897 19
669 2828 739 2912 W),
763 2848 827 2912 quo
850 2831 936 2894 teste
959 2827 1162 2894 Theodectes
1184 2821 1259 2913 ἔργα
1282 2832 1409 2914 ῥητορι-

191 2940 249 3021 κῆς
271 2953 342 2998 esse
365 2933 469 2997 voluit
492 2927 788 3018 προοιμιάσασθαι
811 2923 895 3016 πρὸς
918 2921 1052 3010 stactae,
1079 2926 1304 3018 διηγήσασθαι
1327 2921 1411 3014 πρὸς

193 3033 324 3117 πίστιν,
352 3026 584 3122 ἀγωνίσασθαι
614 3021 759 3120 πρὸςτό
782 3033 904 3116 δεῖξαι,
932 3023 1290 3122 σ’τνακεφαλαιῶσασθαι
1325 3023 1410 3117 πρὸς

193 3131 380 3226 άνάμνησιν,
404 3143 463 3203 aut
485 3137 627 3221 denique
648 3135 896 3202 incredibilibus
918 3125 994 3217 illis,
1018 3156 1101 3220 quae
1124 3134 1228 3202 tradit
1250 3133 1291 3199 de
1307 3133 1410 3200 'l'heo-

192 3241 287 3308 decta
310 3240 470 3326 Georgius
486 3239 603 3306 Pletho
626 3239 731 3324 (le.
748 3247 810 3307 585
829 3240 904 3323 W.):
931 3237 1196 3328 Θοαδέκτης---
1208 3228 1312 3304 sindo
1333 3231 1411 3326 ἔργα

194 3342 327 3432 ῥήτορος
348 3336 431 3410 elect
453 3337 593 3432 εὕρεσιν,
615 3339 721 3426 τάξιν,
748 3337 950 3427 οἰκονομίαν,
978 3339 1194 3431 μνημοσύνην,
1222 3334 1409 3425 ὑπόκρισιν,

192 3443 370 3536 ἑρμηνείαν.
1003 3483 1009 3490 -

278 3568 376 3634 Certa
397 3566 537 3652 vestigia
558 3564 710 3631 vocabuli
732 3559 822 3653 ἔργον
835 3566 869 3630 in
885 3562 983 3632 rebus
999 3563 1172 3630 rhetoricis
1187 3563 1337 3647 usurpati
1354 3562 1410 3628 de-

194 3669 427 3756 prehendimus
444 3667 532 3753 apud
548 3667 757 3734 Aristotelem
773 3668 928 3752 primum:
940 3668 981 3734 cf.
994 3689 1048 3733 are
1063 3666 1146 3732 rhet.
1162 3667 1177 3731 I
1192 3675 1206 3733 l
1224 3688 1256 3751 p.
1269 3671 1283 3729 l
1300 3665 1410 3731 Roem.

192 3771 305 3862 τέχνης
338 3768 443 3861 ἕργοη
478 3793 508 3856 p.
538 3779 557 3839 6
592 3763 628 3836 οὗ
659 3762 698 3838 τὸ
729 3773 847 3837 πεῖσαι
880 3766 967 3858 ἔργον
1000 3763 1097 3858 αἰτῆς
1130 3773 1186 3852 (sc.
1215 3770 1411 3856 ῥητορικῆς);

192 3878 207 3942 I
234 3885 254 3946 2
283 3898 313 3962 p.
342 3883 451 3953 7.11;
482 3874 530 3940 ΠΙ
559 3883 598 3942 12
625 3896 657 3957 p.
685 3880 757 3944 208.
806 3873 874 3940 Nec
899 3879 1009 3948 tamen
1041 3871 1193 3948 stabilem
1222 3876 1257 3938 et
1285 3875 1409 3936 certum

194 4000 290 4046 usum
311 3978 409 4046 buius
432 3977 583 4045 vocabuli
609 3975 747 4062 legimus
769 3976 858 4062 apud
882 3975 1100 4046 Aristotelem.
1143 3974 1246 4040 Immo
1268 3976 1328 4038 aut
1350 3971 1411 4039 fal·

263 4291 283 4353 ¹)
304 4289 338 4346 cf.
355 4289 436 4345 Rbet.
456 4289 502 4344 Gr.
521 4286 545 4342 V
562 4304 588 4358 p.
607 4288 672 4357 6103
690 4288 730 4342 VI
747 4303 774 4356 p.
793 4287 826 4341 34
844 4301 896 4355 sq.;
914 4285 967 4340 Vll
985 4301 1011 4354 p.
1031 4287 1064 4340 15
1081 4299 1121 4353 sq.
1139 4283 1183 4340 W.

264 4377 285 4444 1)
304 4373 394 4444 Quint.
413 4373 454 4429 111
471 4374 498 4440 3,
516 4375 545 4441 43
564 4373 597 4430 cf.
616 4371 671 4430 Cic.
689 4372 722 4428 de
740 4388 778 4428 or.
797 4370 810 4425 1
830 4371 887 4426 111.

263 4462 286 4528 ⁸)
304 4459 385 4517 Rhet.
402 4460 450 4516 Gr.
469 4460 493 4515 V
510 4476 537 4529 p.
555 4461 619 4526 61ος
636 4457 689 4514 111
707 4477 735 4528 p.
754 4459 802 4524 333
820 4457 857 4512 11
877 4472 903 4524 p.
921 4459 963 4510 40.
981 4455 1032 4512 297
1051 4455 1093 4509 W.

264 4549 286 4612 ⁴)
305 4546 386 4602 lthet.
405 4547 452 4602 Gr.
471 4545 509 4600 VI
531 4561 557 4616 p.
578 4546 644 4612 1333
666 4544 692 4600 1
709 4559 736 4614 p.
755 4543 807 4597 rae
825 4541 868 4595 W.
889 4542 1023 4597 leocrates
1041 4542 1093 4608 (or.
1113 4537 1149 4593 11
1168 4537 1411 4607 8111111ι1οιργῳ

195 4633 337 4705 ῥητορικῆς
355 4630 429 4686 dicit.
