3514 5244
726 451 768 515 53

120 649 328 715 lectionibus
365 646 602 713 contaminatus
640 653 720 712 erat.
781 664 976 728 quamquam
1011 665 1053 710 nc
1086 663 1194 709 eornm
1232 640 1362 724 quidem

119 757 277 822 locorum
300 773 451 820 numerus
476 753 612 836 exiguus
640 760 698 836 est,
726 753 842 835 quibus
864 751 1078 836 interpolatas
1101 750 1225 834 primae
1248 766 1363 812 manns

124 862 313 947 scripturas
337 859 450 926 eodem
474 859 570 925 modo
594 879 656 942 qno
679 859 712 924 in
736 859 813 924 Pr.b
836 857 978 923 traditae
1002 864 1076 923 sunt
1102 855 1280 922 restituerit
1306 858 1363 918 aut

124 970 252 1054 quibus
276 989 347 1034 oum
371 967 445 1033 aliis
464 965 609 1033 eiusdem
624 965 747 1030 ordinis
763 964 938 1048 codicibus,
961 964 1050 1029 velut
1070 982 1140 1028 curn
1156 987 1178 1050 p
1193 965 1235 1040 (v.
1250 982 1280 1045 p.
1296 961 1363 1043 54),

125 1077 245 1142 saciat.
263 1095 395 1160 prorsus
409 1093 486 1140 vero
499 1073 633 1157 egregia
644 1073 743 1156 Vll6,
755 1077 795 1138 13
810 1074 1036 1156 dispumouit
1049 1075 1082 1134 ct
1095 1069 1160 1134 XII
1174 1070 1203 1150 3,
1219 1071 1241 1132 4
1257 1069 1364 1132 ludos

125 1183 243 1266 habet,
267 1202 351 1265 quae
373 1181 496 1246 librarii
520 1179 658 1245 alienius
681 1178 812 1263 ingenio
837 1178 948 1243 deberi
963 1196 1056 1242 nemo
1072 1175 1168 1241 facile
1190 1174 1363 1259 dixerit⁴¹).

226 1289 392 1372 aliquanto
415 1288 548 1373 propius
571 1286 615 1351 ad
638 1287 689 1352 Pr.
698 1287 728 1370 b,
752 1284 880 1352 accedit
903 1285 957 1350 Pr.
973 1305 1002 1368 a,
1025 1303 1085 1349 neo
1108 1291 1216 1348 tamen
1239 1300 1279 1346 cx
1303 1281 1364 1346 hoo
1449 1322 1455 1333 ·
1478 1323 1483 1332 -

127 1397 209 1481 ipso
223 1395 437 1479 transcriptus
452 1402 511 1460 est.
534 1413 728 1476 quamquam
739 1391 900 1457 erroribus
910 1392 992 1456 Pru
1007 1410 1134 1473 quoque
1149 1387 1293 1454 abundat
1307 1395 1364 1452 ant

128 1502 259 1568 librarii
293 1501 463 1568 socordiae
496 1499 675 1566 tribuendis
708 1507 772 1583 ant,
805 1498 892 1583 quod
920 1498 1025 1564 rarius
1051 1517 1114 1563 usu
1144 1496 1233 1560 venit
1264 1494 1364 1572 (velut

129 1610 178 1673 IV
194 1615 226 1688 4,
243 1612 263 1675 9
287 1611 360 1694 quid
382 1617 427 1674 est
444 1631 508 1672 eur
521 1609 646 1673 audiam
668 1607 746 1672 Pau
764 1607 792 1671 R
810 1606 836 1670 B
856 1606 891 1688 L,
914 1607 987 1689 quid
1001 1612 1046 1669 est
1059 1626 1171 1688 quare
1184 1605 1310 1668 audium
1326 1621 1362 1686 p,

132 1720 164 1799 8,
190 1720 212 1781 4
235 1719 449 1782 alternatim
477 1715 556 1780 Pr.a
578 1715 603 1778 Θ
627 1713 683 1778 alii
706 1733 765 1799 pro
790 1715 963 1792 ulteruia;
995 1714 1045 1794 12,
1065 1710 1134 1791 6⁴²)
1158 1711 1363 1774 demittitur

131 1825 216 1889 Pr.a
249 1823 276 1888 G
314 1822 371 1887 alii
407 1842 466 1906 pro
503 1819 686 1906 mittitur),
724 1841 764 1886 ex
801 1818 1014 1886 deterioribus
1051 1816 1216 1882 codicibus
1253 1815 1364 1880 illatis.

131 1937 309 2015 practerea
341 1929 411 1994 eius
442 1927 661 2013 interpolandi
698 1927 827 2011 generis
860 1925 1009 2010 exempla
1046 1923 1263 2006 inveniuntur,
1300 1941 1363 2005 quo

130 2057 250 2102 vocum
282 2037 388 2101 minus
419 2036 613 2102 usitatarum
644 2035 749 2100 locum
772 2034 925 2117 vulgares
949 2031 1192 2117 occupaverint:
1226 2029 1270 2093 IV
1291 2031 1319 2112 7,
1345 2031 1362 2095 1

134 2145 325 2209 cerebrum
347 2151 503 2209 mutatum
527 2149 578 2208 est
602 2143 634 2206 in
658 2151 779 2226 caput,
803 2141 844 2206 ib.
865 2147 884 2205 4
908 2145 1013 2206 uiuat
1034 2140 1068 2204 in
1091 2141 1232 2218 diouot3
1255 2138 1362 2220 vat

135 2273 271 2335 operae
290 2251 323 2315 in
339 2255 462 2335 operis
476 2249 606 2333 aliaque
622 2249 750 2315 similia.
775 2248 942 2332 graviores
956 2246 1222 2332 interpolationes
1236 2251 1366 2328 praeter

132 2377 209 2441 eas,
237 2358 353 2440 quibus
382 2377 451 2422 cum
482 2356 581 2422 classi
608 2355 674 2420 ΒΘ
703 2355 863 2440 congruit,
895 2374 1019 2440 paucas
1047 2354 1154 2419 habet.
1205 2358 1241 2416 ut
1268 2371 1364 2416 unam

133 2463 307 2550 proferam,
331 2465 403 2548 V6,
431 2467 469 2528 12
493 2462 575 2529 haec
599 2463 762 2546 leguntur:
786 2485 847 2547 prro
873 2463 1005 2527 &ocum
1028 2463 1139 2538 <uel
1163 2460 1363 2536 Creusa).

134 2571 293 2636 lectiones
319 2570 502 2655 peculiares
530 2579 562 2635 et
590 2569 710 2653 dignae
741 2589 824 2652 qnae
852 2569 1050 2654 recipiantur
1073 2566 1246 2632 admodum
1269 2565 1364 2630 rarae

137 2685 224 2743 sunt:
256 2678 299 2742 VI
315 2681 377 2762 2,7
403 2678 436 2742 in
458 2678 566 2744 verbis
590 2697 674 2760 quae
697 2684 773 2744 sunt
798 2679 884 2742 illum
913 2685 945 2742 tu
968 2679 1061 2742 laudo
1084 2683 1111 2740 et
1133 2678 1255 2739 imitare
1278 2694 1365 2757 puero

136 2805 199 2849 aco
216 2789 302 2869 pipat
322 2787 417 2864 mori,
441 2806 510 2849 cum
531 2787 637 2850 iuuat
658 2787 766 2850 uiuere
788 2783 903 2849 modus
926 2782 1122 2849 indicativus
1145 2784 1241 2862 iuuat,
1270 2799 1365 2863 quem

138 2890 216 2955 Pr.a
244 2911 317 2956 cum
343 2890 370 2954 L
403 2890 559 2971 servavit,
588 2890 658 2955 sine
685 2889 783 2956 dnbio
813 2897 959 2975 praestat
988 2888 1190 2954 coniunctivo
1218 2891 1322 2951 iuuet
1345 2905 1365 2950 a

138 2996 289 3062 Fickerto
314 3005 347 3062 et
360 2997 485 3062 Haasio
505 3017 545 3062 ex
560 2997 612 3081 Pp
636 3003 776 3081 recepto.
793 3033 831 3042 -
849 2997 896 3060 IX
912 2999 941 3079 3,
965 2998 1008 3061 33
1032 2995 1150 3060 iniuria
1173 2993 1365 3059 aFiclrcrto

138 3111 171 3166 et
194 3103 318 3169 Haasio
343 3110 453 3188 spreta
476 3110 527 3169 est
549 3102 632 3168 haec
654 3102 727 3168 libri
750 3103 828 3167 Pac
856 3103 1029 3187 scriptura:
1058 3103 1310 3186 queamdmodum
1333 3103 1367 3164 io

137 3213 317 3294 corporibus
340 3214 505 3294 infirmis
529 3213 704 3294 moprtorem
727 3213 815 3294 siguo
832 3218 1050 3294 praecurrunt,
1075 3229 1171 3292 qnam
1190 3209 1270 3276 Pr.a
1294 3227 1366 3273 cum

230 3387 266 3456 ⁴¹)
289 3406 389 3442 nomen
413 3390 506 3444 Ludus
529 3389 564 3443 ab
588 3389 608 3443 Ι.
632 3387 724 3457 Lipsio
746 3391 884 3457 repertum
908 3404 965 3441 esse
987 3387 1072 3456 vulgo
1095 3388 1205 3455 putant,
1234 3386 1280 3440 sed
1303 3403 1367 3441 oum

142 3478 214 3533 houd
233 3478 341 3532 credam
360 3479 411 3532 hoc
429 3478 488 3532 loco
507 3479 542 3533 ab
561 3495 592 3532 eo
606 3477 727 3532 codicem
741 3477 770 3542 L,
790 3494 872 3545 quem
884 3493 964 3546 saepe
977 3478 1173 3531 commemorat
1187 3479 1215 3530 et
1229 3477 1366 3545 optimum

143 3585 218 3621 suurn
237 3585 334 3622 vocare
353 3568 430 3630 solet,
449 3567 605 3636 inspectum
622 3584 677 3620 non
696 3583 753 3620 esse
776 3571 804 3620 et
823 3583 885 3620 cum
908 3583 996 3634 neque
1015 3565 1044 3618 in
1064 3567 1165 3619 Electis
1183 3565 1195 3618 I
1216 3567 1249 3619 16
1268 3583 1294 3634 p.
1317 3565 1367 3620 105

143 3657 268 3711 editionis
288 3657 484 3712 Plautinianae
502 3675 527 3712 a.
550 3657 618 3711 loos
636 3673 725 3724 neque
743 3656 773 3709 in
792 3655 914 3710 editione
932 3672 949 3709 a
967 3671 999 3708 se
1018 3654 1091 3723 ipso
1111 3655 1200 3708 locum
1219 3653 1268 3709 illo
1287 3654 1367 3709 modo

144 3751 290 3801 correctum
310 3765 367 3801 esse
386 3747 487 3802 dixerit
510 3747 589 3812 (haec
610 3746 668 3800 eius
692 3746 776 3800 verba
798 3750 875 3799 sunt:
898 3747 956 3800 noli
977 3747 1101 3799 dubitare
1123 3747 1188 3815 quin
1212 3747 1365 3814 scripserit:

145 3839 300 3891 uelocitatem
315 3855 392 3890 suom
410 3839 503 3891 Ludus
521 3840 550 3892 et
565 3864 574 3874 ·
590 3864 599 3874 ·
614 3837 710 3890 Ludus
720 3838 830 3904 primas
844 3839 961 3901 restitui,
979 3853 1039 3890 eum
1053 3836 1215 3888 scriberetur
1228 3835 1366 3898 laudans),

147 3926 218 3978 abeo
233 3926 305 3980 barre
318 3925 482 3994 scripturam
497 3943 530 3979 err
548 3925 607 3994 ipso
621 3924 643 3978 1.
661 3925 781 3993 petitum
801 3941 857 3980 esse
876 3923 1010 3978 existimo.
1041 3927 1162 3978 ceterum
1176 3923 1223 3976 vix
1237 3922 1367 3977 credibile

143 4018 185 4068 est
201 4031 218 4068 a
236 4014 362 4069 Fickerto
380 4017 497 4069 laudons
514 4013 673 4068 restitutum
693 4030 757 4067 esse.

232 4101 269 4170 ⁴²)
287 4121 341 4157 non
356 4107 429 4158 recte
441 4103 598 4172 Madvigius
609 4102 719 4169 (11475)
734 4103 776 4156 bis
790 4101 819 4156 in
830 4101 932 4156 verbis:
947 4105 1050 4156 aliter
1064 4101 1103 4170 (in
1118 4102 1200 4169 circo)
1214 4103 1252 4156 leo
1266 4109 1367 4154 eurota

147 4195 205 4248 iuba
225 4197 352 4259 mittitur,
370 4197 433 4247 dum
452 4201 636 4248 contractatur
654 4201 678 4246 et
697 4195 733 4246 ud
749 4195 911 4260 patientiam
930 4194 1080 4260 recipiendi
1097 4195 1248 4246 ornamenti
1261 4193 1368 4259 copitar

149 4285 286 4349 fatigatus,
311 4284 413 4337 aliter
434 4284 564 4350 tumultus,
587 4285 688 4350 integri
710 4283 835 4348 spiritua.
855 4280 897 4334 bis
916 4283 1005 4334 aiter
1029 4279 1109 4334 scribi
1134 4279 1221 4333 iussit.
1264 4282 1368 4333 aliter

149 4371 217 4425 euim
236 4371 345 4426 brevius
365 4371 469 4426 dietum
488 4375 530 4425 est
548 4387 597 4440 pro
615 4387 647 4425 eo
666 4369 739 4438 quod
758 4372 811 4424 est:
830 4372 907 4423 aliud
920 4371 1100 4438 spemuculum
1114 4377 1160 4436 est,
1178 4372 1205 4422 si
1223 4385 1277 4436 eqs.
1297 4367 1368 4422 adde

150 4461 215 4528 quod
243 4459 377 4529 Madvigii
405 4459 562 4514 coniectura
588 4462 700 4528 recepta
725 4457 809 4512 nimis
836 4459 953 4527 abrupte
981 4458 1096 4512 duorum
1119 4457 1230 4511 illorum
1257 4458 1368 4512 leonum

150 4549 247 4603 mentio
269 4549 301 4603 fit
329 4549 398 4617 (alia
420 4550 493 4604 ratio
521 4551 562 4604 est
589 4547 688 4602 similis
711 4547 764 4602 loci
786 4547 812 4600 V
835 4547 874 4611 12.
894 4549 918 4612 5,
942 4547 975 4602 de
998 4563 1052 4615 quo
1076 4546 1234 4615 corrigendo
1252 4563 1277 4600 v.
1297 4563 1369 4615 quae

151 4638 182 4691 ll.
200 4637 338 4707 Hauptius
357 4655 446 4706 opusc.
466 4638 493 4692 11
512 4639 565 4692 326
584 4641 613 4692 et
632 4635 822 4692 Chatelainias
841 4635 858 4690 l.
879 4655 900 4692 e.
920 4655 947 4706 p.
969 4638 1018 4692 109
1037 4635 1184 4702 dixerunt),
1207 4635 1283 4690 nuda
1305 4653 1369 4690 vero

151 4743 197 4779 vor
213 4728 252 4782 leo
270 4726 386 4780 eandem
405 4727 460 4781 lere
478 4727 536 4780 vim
555 4727 640 4781 babet
659 4730 744 4794 atque
762 4727 801 4780 leo
819 4727 935 4795 quilibet.
