3546 5236
817 403 1011 500 -Q

297 597 483 663 Annalibus
506 599 682 664 litterariis
712 597 1015 665 Vindoboneusibus
1039 596 1180 662 XXVIII
1205 599 1319 680 (1824)
1348 597 1410 665 185
1421 597 1528 682 sq.¹³),
1585 617 1588 624 ·

298 701 358 768 sod
381 721 452 767 aum
475 723 580 788 nequo
604 703 712 768 omnia
734 703 905 788 protulerit
928 723 1033 787 noque
1058 712 1146 769 reato
1170 705 1289 787 ubique
1313 704 1433 770 iudioIo
1449 724 1530 770 usus

298 809 349 893 sit,
372 810 457 875 huno
480 829 589 876 sorum
614 818 822 896 conspectum
847 811 988 877 subicio:
1070 887 1071 890 Ἴ

516 935 665 1002 Florus.
1139 935 1328 1002 Lucanus.

296 1059 329 1123 II
345 1062 518 1143 13‚4aee0
534 1073 569 1127 ut
585 1085 651 1129 non
665 1071 745 1127 reete
760 1071 885 1127 tanturn
940 1060 955 1125 I
982 1065 997 1126 1
1030 1062 1126 1128 bella
1151 1085 1213 1150 per
1240 1063 1410 1129 Emathios
1438 1065 1529 1148 ptus

296 1169 410 1234 ciuile
425 1171 564 1252 dicotur,
583 1190 620 1234 ao
633 1191 673 1234 ne
685 1171 802 1236 sociale
816 1173 886 1256 qui·
940 1191 1046 1256 quarn
1070 1171 1210 1235 civilia
1232 1191 1362 1256 campos
1387 1189 1413 1234 o.
1428 1189 1457 1251 q.
1473 1189 1498 1234 s,

297 1277 378 1356 dem,
393 1279 449 1341 sed
459 1299 514 1342 nee
524 1286 701 1359 externum,
711 1279 885 1362 sedpotius

296 1403 460 1448 commuue
484 1385 648 1470 quoddam
671 1405 709 1448 eu
736 1383 885 1449 omnibus

297 1498 326 1552 et
352 1491 444 1575 pius
467 1510 576 1577 quom
600 1491 745 1555 bellurn.

297 1595 885 1679 8eum·retentes-uictorias,Ponti·
939 1594 955 1657 Ι
986 1597 1048 1661 133
1075 1599 1259 1684 piuusuque
1292 1601 1356 1662 sni
1385 1599 1530 1682 qaudere

296 1724 349 1767 cos
377 1711 405 1767 et
433 1705 606 1768 Armenios
639 1705 819 1790 triumphos
849 1707 884 1768 in
940 1703 1094 1768 theatri.

296 1809 550 1890 Pompeianis
584 1811 750 1876 theatris
781 1811 885 1876 Bonna

297 1925 450 1982 cantaret.

300 2022 341 2086 14
365 2046 432 2089 neo
449 2025 501 2089 ille
517 2021 718 2109 (PompeIus)
733 2025 884 2107 ferebat
939 2021 954 2084 Ι
972 2023 1035 2088 125
1058 2043 1122 2088 nec
1139 2045 1327 2111 quemquam
1342 2026 1407 2088 iarn
1420 2025 1529 2106 ferre

293 2128 884 2216 parem,neebio(Caesnr)superi·
938 2135 1056 2215 potest,
1113 2132 1302 2196 Caesarne
1352 2133 1528 2216 prio-rem

296 2259 406 2301 orem.
431 2242 618 2322 pronefas.
649 2242 696 2304 sie
711 2240 885 2324 deprinoi-
939 2237 1191 2322 Pompeiusue
1213 2259 1353 2324 parem.

290 2352 377 2428 potu
392 2346 596 2428 laborabant,
612 2355 776 2432 tamquam
789 2347 884 2409 cirros
943 2343 1004 2408 109
1023 2347 1238 2431 populique
1251 2348 1428 2429 potentis
1448 2365 1530 2432 quae

294 2455 398 2514 tanti
426 2455 585 2536 imperii
615 2453 779 2535 fortuna
811 2475 884 2517 nou
940 2474 1039 2533 orioro,
1067 2472 1147 2538 quae
1175 2460 1296 2534 terras,
1325 2473 1404 2538 qnae
1428 2458 1528 2516 totam

294 2566 455 2642 cuperet.
937 2559 1082 2643 possidet
1097 2558 1214 2640 orbern,
1238 2581 1312 2623 ποπ
1328 2559 1427 2642 cepit
1445 2559 1529 2641 sor-

940 2674 1032 2729 tuno
1058 2667 1162 2730 duos

297 2769 341 2833 ‘20
363 2775 475 2856 turpe
491 2774 610 2837 dictu:
628 2776 718 2838 morio
728 2779 884 2860 princeps
939 2769 971 2832 II
996 2773 1059 2836 708
1084 2773 1151 2837 ben
1172 2773 1311 2858 perdor,
1340 2775 1458 2858 utiquo
1481 2781 1528 2838 est

291 2886 440 2961 patrium,
451 2883 546 2964 pacis
556 2881 690 2967 bellique
700 2884 885 2946 moderator
937 2879 1093 2964 fnqieus
1118 2882 1254 2944 victoria
1279 2877 1454 2962 Maquus.

292 2987 600 3071 pertriurnpboturn
611 3011 630 3051 a
641 2990 883 3052 semareiaeero
941 2987 1004 3050 725
1018 2987 1150 3071 petoqus
1168 2989 1243 3067 iam,
1260 2985 1388 3068 Meque,
1399 2985 1527 3051 tenebas

297 3100 325 3154 et
344 3114 449 3177 paene
469 3097 587 3158 inermi
605 3114 684 3158 noue
702 3095 883 3181 fuqiebat.
939 3116 1004 3157 nou
1033 3115 1069 3157 eo
1096 3095 1170 3176 foto
1196 3094 1305 3175 ferens
1334 3115 1426 3178 quae,
1457 3115 1527 3158 euru

938 3222 1036 3284 snper
1064 3223 1205 3286 aequora
1235 3207 1298 3265 toto
1328 3199 1528 3284 praedonem

938 3329 1102 3393 sequerere
1126 3310 1222 3371 rnori.
1430 3323 1432 3326 ·

297 3410 341 3474 30
364 3411 519 3499 aliquid
542 3423 645 3479 tarrreu
662 3417 817 3480 adversus
832 3415 884 3477 ub·
939 3413 983 3477 IV
1007 3413 1072 3478 402
1104 3437 1169 3479 nou
1197 3416 1304 3477 eastern
1329 3413 1404 3477 beili
1426 3422 1528 3478 totam

294 3527 412 3584 sentem
443 3521 550 3584 ducein
579 3544 674 3586 ousu
708 3522 884 3587 Fortuna
940 3523 1115 3586 Fortuna
1130 3543 1191 3606 per
1205 3521 1310 3586 orbern
1324 3522 1476 3600 constitit,
1491 3522 1529 3584 in

296 3634 358 3691 est.
934 3637 1048 3714 portes
1085 3629 1240 3714 aliquid
1277 3629 1334 3692 sect
1374 3628 1529 3693 Caesaris

939 3757 1033 3800 anso
1058 3741 1121 3800 est.

296 3837 339 3902 32
367 3843 486 3904 missae
515 3863 637 3927 quoqne
666 3865 685 3906 a
710 3843 823 3908 Basilo
849 3847 883 3908 iu
939 3841 1004 3906 448
1037 3851 1070 3907 ot
1099 3842 1358 3926 Pompeianus
1388 3842 1529 3923 frondes

296 3947 460 4012 auxilium
491 3949 559 4012 eius
593 3946 749 4028 (Antonii)
787 3959 883 4030 rates,
939 3951 1096 4014 transsuere
1124 3957 1225 4034 ponto
1258 3951 1396 4034 anitiqua
1424 3958 1530 4032 parat

295 4053 407 4139 quales
425 4057 540 4138 inopia
559 4052 884 4140 naviurnfeeerat¹⁴),
939 4065 1023 4120 orte
1057 4055 1163 4120 Gilia
1194 4075 1377 4141 passusque
1412 4077 1530 4119 vacare

390 4229 423 4297 ¹³)
445 4248 471 4284 v.
496 4231 526 4286 0.
550 4231 664 4285 Iahnius
692 4233 777 4301 praei.
802 4251 827 4301 p.
852 4233 997 4300 XLVqu.
1026 4232 1075 4300 qui
1102 4231 1202 4285 merito
1229 4230 1398 4285 Meinsrtum
1426 4248 1531 4286 enasse

295 4319 375 4383 dixit,
400 4319 473 4388 quod
498 4336 529 4374 ex
554 4337 687 4375 consensu
710 4321 830 4389 quodam
853 4321 969 4375 foituibo
996 4339 1145 4390 paucorum
1169 4319 1242 4375 Flori
1267 4325 1296 4375 et
1320 4321 1383 4375 Silii
1408 4321 1530 4375 locorum

297 4409 371 4464 huno
390 4427 499 4479 quoque
518 4410 553 4465 sb
572 4428 604 4466 so
622 4410 760 4465 imitando
779 4428 935 4482 expressum
955 4429 1011 4466 osso
1030 4410 1223 4464 existimasset.

391 4498 425 4566 ¹⁴)
444 4499 483 4554 sIo
501 4499 537 4564 N,
561 4500 639 4554 cuius
657 4501 794 4569 scripturn
812 4501 842 4555 in
860 4501 998 4556 rhetorico
1017 4504 1046 4554 et
1064 4517 1148 4569 prope
1167 4500 1202 4554 ad
1220 4499 1359 4569 posticam
1382 4499 1531 4556 secedente

297 4588 372 4642 Flori
390 4589 514 4643 oratione
532 4589 591 4643 sino
610 4589 693 4644 dnbio
712 4589 892 4658 praeferendo.
910 4593 953 4645 ost
970 4590 1070 4644 oodIeis
1085 4591 1107 4643 B
1125 4589 1237 4644 lectioni
1257 4591 1417 4656 fecerant.
1447 4607 1530 4658 quem

296 4677 397 4732 librum
425 4678 566 4734 immerito
594 4679 696 4747 ubique
724 4678 879 4734 Nazarisno
908 4681 942 4733 sb
971 4680 1068 4734 Iahnio
1097 4679 1263 4748 Halmioque
1289 4681 1447 4749 praelatum
1471 4697 1530 4736 esso
