3480 5230
949 407 989 470 52

867 495 1076 509 W

364 637 510 732 πρέπον,
536 633 576 707 τὸ
603 629 671 727 ἡδί.
719 631 818 703 Stoici
849 635 955 702 alitem
983 653 1038 721 pro
1066 633 1178 719 quarta
1199 631 1315 700 virtute
1336 633 1513 718 posuemnt
1535 655 1595 698 κα-

363 741 516 832 τασκευήν
537 745 569 811 et
591 743 734 827 quintam
754 741 902 806 virtutem
926 739 1171 824 adsumpserunt
1192 730 1372 820 cecropiae.

450 849 603 934 Epicurus
636 847 715 911 nihil
744 844 829 911 aliud
861 845 961 910 voluit
991 843 1123 929 spectari
1151 843 1184 907 in
1216 842 1346 908 dicendo
1378 843 1440 908 nisi
1469 843 1596 928 perspi-

366 955 517 1021 cuitatem
539 946 776 1038 (captivetur).¹)

360 1065 363 1072 '
449 1057 639 1123 Posteriores
668 1054 732 1120 fere
760 1053 1010 1138 Theophrastum
1038 1051 1138 1117 secuti
1167 1053 1254 1128 sunt,
1288 1051 1320 1115 in
1347 1051 1461 1133 quibus
1492 1050 1594 1117 etiam

364 1160 617 1238 Fortunatianus,
641 1158 695 1241 qui
710 1159 787 1223 haec
801 1159 838 1222 ut
852 1155 954 1222 multa
969 1155 1030 1220 alia
1046 1175 1083 1221 en
1098 1155 1245 1222 Cicerone
1261 1155 1433 1239 descripsit.
1439 1157 1463 1235 ²)
1498 1155 1596 1220 Pror-

365 1285 418 1330 sus
442 1266 549 1329 autem
572 1263 650 1327 aliae
672 1262 804 1327 virtutes
827 1260 996 1325 traduntur
1018 1278 1037 1324 a
1059 1259 1196 1344 Sulpicio
1218 1259 1343 1324 Victore
1366 1258 1409 1342 (p.
1432 1261 1494 1323 320
1517 1261 1593 1340 ll.):

364 1364 770 1450 „Latinitaaperspicuitaa
781 1365 914 1445 robure)
924 1363 1015 1440 nitor,
1027 1363 1219 1447 compositio,
1232 1363 1407 1428 decorum.“
1429 1363 1594 1447 Suspicari

364 1471 461 1554 igitur
473 1470 547 1534 licet
558 1469 636 1534 haec
650 1487 773 1551 quoque
790 1467 893 1533 Stoico
915 1467 962 1532 illi
976 1468 1091 1550 ignoto,
1115 1485 1210 1549 quem
1222 1485 1316 1549 supra
1332 1463 1592 1546 significavimus,

366 1572 479 1638 deberi.
523 1571 604 1635 Mira
626 1572 783 1656 perhibet,
812 1571 850 1635 ut
871 1571 1002 1648 assolet,
1030 1569 1182 1653 Georgius
1205 1569 1318 1634 Pletho
1340 1567 1385 1632 Vl
1407 1590 1437 1653 p.
1462 1571 1524 1632 587
1541 1589 1592 1651 sq.

365 1675 429 1739 W.:
453 1665 577 1759 (ἀρεταὶ
598 1677 656 1758 τῆς
679 1667 859 1760 ἑρμηνείας)
884 1668 1051 1758 σαφήνεια,
1076 1666 1242 1754 συντομία,
1266 1666 1462 1758 πιθανότης,
1485 1693 1593 1754 μεγα-

365 1773 559 1862 λοπρίπεια,
583 1769 627 1854 ὦς
648 1765 824 1859 Ἰσοκράτει
846 1772 902 1839 καὶ
916 1767 1137 1857 Ἐμπεδοκλεῖ,
1163 1769 1336 1859 Διονυσίῳ,
1364 1771 1590 1859 Φιλοστράτρν,

365 1873 537 1964 Ἰαμβλίχῳ
565 1875 619 1943 καὶ
647 1879 735 1942 πᾶσι
763 1877 919 1956 παλαιοῖς
934 1916 951 1926 -
966 1914 1006 1927 --
1021 1871 1068 1944 -δ
1090 1882 1152 1942 τῶν
1174 1871 1341 1960 ὀνομάτων
1361 1870 1422 1962 γὰρ
1444 1870 1590 1962 ἑλληνισ-

365 1973 429 2065 μὸς
450 1977 637 2070 νεωτερικάν
659 1977 759 2048 ἐστιν.

451 2083 633 2154 Notandum
656 2087 707 2149 est
726 2087 759 2149 in
783 2083 1014 2150 definitionibus
1038 2083 1214 2150 Stoicorum
1237 2103 1332 2166 supra
1354 2082 1459 2147 allatis
1481 2081 1592 2146 discri-

366 2207 440 2252 men
463 2182 611 2276 φράσεως
633 2189 665 2251 et
686 2181 812 2266 λέξεως.
847 2188 944 2253 Stoici
966 2188 1067 2263 enim,
1090 2189 1127 2251 ut
1147 2185 1235 2250 initio
1257 2185 1351 2249 huius
1375 2185 1514 2268 opusculi
1539 2205 1591 2249 ex-

365 2290 465 2374 posui,
487 2286 574 2370 λίξιν
596 2289 687 2353 aliter
709 2289 997 2372 interpretabantur
1020 2293 1114 2373 atque
1137 2288 1241 2364 ceteri,
1264 2289 1363 2353 veluti
1382 2287 1588 2370 Peripatetici.

366 2395 424 2458 Est
451 2392 535 2458 enim
566 2391 629 2456 illis
655 2388 741 2472 λέξις
769 2412 869 2457 unum
897 2393 1041 2477 quodque
1070 2393 1258 2457 vocabulum
1286 2389 1402 2456 litteris
1431 2392 1589 2466 constans

366 2497 430 2560 sive
448 2490 659 2580 Ισημαντικόν
689 2495 752 2560 sive
781 2484 945 2581 άσημον.*)
1002 2495 1184 2560 Aristoteles
1216 2513 1288 2558 vero
1314 2490 1403 2574 λέξιν
1434 2493 1589 2574 intellegit

367 2600 466 2664 totam
495 2597 718 2676 elocutionem,
752 2617 847 2680 quam
875 2599 972 2663 Stoici
998 2592 1119 2684 φράσιν
1144 2598 1337 2681 nuncupant.
1385 2595 1476 2675 Quod
1498 2615 1588 2660 roca-

368 2702 478 2767 bulum
489 2699 631 2766 nondum
640 2702 795 2766 noverunt
805 2720 906 2785 neque
921 2701 1127 2766 Anaximenes
1138 2719 1239 2783 neque
1250 2699 1441 2764 Aristoteles.
1464 2699 1590 2763 Etenim

367 2821 568 2885 nonmagna
589 2803 667 2868 fides
689 2804 739 2868 est
754 2801 887 2885 Diogeni
901 2804 1026 2870 Laertio
1050 2803 1141 2882 (VIII
1157 2803 1210 2882 57)
1232 2804 1387 2876 habenda,
1410 2803 1463 2884 qui
1486 2801 1592 2866 tradat

366 2906 569 2970 Aristotelem
585 2905 697 2970 dixisse
719 2895 943 2988 Ἐμπεδοκλέα
957 2901 1153 2993 κεκινηκέναι
1167 2896 1225 2990 τὴν
1242 2900 1414 2991 ποιητικὴν
1435 2899 1588 2990 φράσιν.
1718 2967 1719 2982 ,

367 3009 477 3090 Neque
499 3008 600 3089 magis
621 3008 802 3075 Demetrius
826 3009 859 3074 in
887 3011 965 3076 libro
993 3007 1069 3096 περὶ
1097 3003 1263 3095 ἑρμηνείας
1283 3007 1432 3091 inscripto
1455 3025 1591 3089 usquam

367 3107 489 3197 φράσιν
518 3110 610 3188 dicit,
638 3111 693 3176 sed
721 3131 844 3196 semper
868 3105 1038 3200 ἑρμηνείαν
1059 3113 1109 3178 vel
1132 3112 1227 3176 etiam
1249 3105 1348 3190 λίξιν,
1378 3113 1505 3194 excepto
1526 3129 1590 3174 unc

369 3214 436 3278 loco
459 3213 491 3295 (ξ
515 3213 587 3292 17),
612 3232 674 3296 quo
697 3215 875 3298 exemplum
898 3215 988 3280 affert
1010 3235 1047 3280 ex
1070 3215 1129 3280 alio
1151 3217 1189 3278 nt
1210 3213 1333 3278 videtur
1355 3213 1479 3278 rhetore
1501 3213 1591 3277 nohis

367 3317 474 3398 ignoto
497 3316 715 3399 desumptum:
738 3309 758 3402 ἡ
780 3308 840 3402 γάρ
865 3309 973 3404 σαφὴς
995 3313 1115 3406 φράσις
1138 3309 1221 3382 πολὺ
1242 3318 1311 3404 φῶς
1326 3311 1503 3401 παρέχεται
1519 3317 1592 3392 ταῖς

368 3419 434 3482 τῶν
466 3409 649 3484 ἀκουόντων
677 3415 844 3498 διανοίαις.
892 3421 1034 3486 Similem
1068 3423 1226 3504 quandam
1255 3419 1443 3485 sententiam
1471 3419 1590 3502 repperi

369 3521 451 3604 apud
467 3520 648 3586 Ciceronem
669 3521 702 3585 in
724 3523 803 3588 libro
825 3523 863 3588 de
879 3527 999 3590 oratore
1016 3521 1077 3603 (111
1093 3522 1159 3608 50):
1183 3525 1238 3602 „ut
1252 3522 1364 3599 oratio,
1388 3541 1468 3604 quae
1484 3522 1590 3586 lumen

369 3623 514 3689 adhibere
549 3624 643 3689 rebus
671 3625 794 3690 dehet.“
850 3625 981 3710 Propius
1014 3646 1086 3692 vero
1119 3625 1157 3690 ad
1191 3627 1287 3691 verba
1319 3623 1471 3690 Demetrii
1506 3643 1592 3688 acoe-
1718 3607 1719 3670 i

368 3727 448 3792 dunt
469 3728 565 3792 verba
587 3728 723 3793 arroteris
745 3728 816 3793 libri
838 3725 916 3816 περὶ
942 3722 1047 3813 ὕψους
1077 3733 1116 3812 (ο.
1129 3731 1178 3808 30,
1204 3730 1250 3809 1);
1274 3732 1343 3813 puis
1364 3723 1426 3812 γάρ
1454 3727 1500 3812 τῷ
1521 3715 1589 3790 ὅντι-

368 3823 452 3895 ίδιον
467 3832 523 3894 τοῦ
537 3831 590 3896 voi·
604 3821 645 3895 τὰ
657 3821 740 3896 καλὰ
754 3823 908 3915 ὀνόματα,
922 3835 954 3896 et
965 3831 1098 3915 Longini
1114 3831 1142 3911 (Ι
1153 3852 1182 3914 p.
1199 3833 1270 3908 304,
1287 3832 1327 3895 20
1345 3831 1427 3913 Spl:
1450 3833 1518 3914 ηκῖις
1533 3821 1592 3915 γὰρ

367 3927 479 4018 ὥσπερ
511 3937 578 3998 τῶν
610 3929 779 4020 νοημάτων
811 3955 847 3998 τε
879 3931 935 3997 καί
971 3930 1231 4021 ἐπιχειρημάτων
1267 3927 1285 3998 ὁ
1316 3935 1463 4010 τοιοῦτος
1491 3929 1590 4017 λόγος.

368 4036 488 4102 Iladem
510 4036 574 4101 iere
598 4057 635 4104 ac
656 4038 817 4122 Longinus
840 4037 937 4102 tradit
958 4040 1142 4121 Anonymus
1166 4035 1336 4120 (ipsae,
1359 4035 1378 4097 2
1403 4035 1486 4120 Sp.):
1520 4037 1591 4122 φῶς

439 4217 459 4281 ¹)
478 4215 557 4284 Dicg.
576 4216 606 4271 L.
626 4217 652 4271 X
672 4219 712 4272 13.
1156 4267 1158 4270 .

436 4303 460 4365 ¹)
478 4317 504 4370 p.
524 4302 574 4357 125
591 4301 638 4367 H.;
657 4303 690 4357 ci.
709 4301 764 4358 (lic.
782 4302 816 4358 de
834 4317 873 4359 or.
891 4300 906 4356 I
926 4304 988 4369 1443
1007 4301 1049 4359 lll
1067 4304 1109 4356 37.

440 4387 461 4454 ⁸)
480 4385 513 4442 ci.
533 4386 632 4442 caecil.
651 4387 724 4456 apud
741 4387 821 4443 Phot.
839 4387 968 4444 Biblioth.
988 4405 1013 4457 p.
1033 4389 1098 4442 485:
1117 4386 1150 4440 τδ
1169 4382 1330 4457 ἐμμίδοδον
1348 4389 1394 4438 καί
1412 4389 1527 4455 συνεχὲς
1545 4391 1591 4438 καὶ

370 4474 570 4543 ἐρρωμίνον
590 4473 650 4524 τοῖιν
667 4471 831 4540 σχημάτωνς
849 4471 927 4544 palpo
950 4477 996 4525 καὶ
1014 4471 1092 4542 ίσχίε
1116 4476 1361 4530 commemorantur
1386 4471 1458 4541 apud
1482 4471 1592 4540 Dionys.

368 4556 402 4612 de
419 4561 473 4611 vet.
491 4572 542 4611 scr.
562 4574 632 4612 cens.
652 4575 674 4612 c.
693 4559 718 4621 3,
739 4560 766 4626 1;
784 4558 817 4613 ui.
837 4575 866 4611 ντ.
885 4557 931 4630 tp.
950 4575 972 4614 c.
995 4561 1036 4625 12,
1054 4559 1078 4612 4.

436 4645 458 4714 η
477 4641 556 4712 orog.
576 4643 606 4700 ε.
625 4643 677 4700 vn
695 4644 738 4701 ου.
756 4645 798 4700 ει.
