3634 5240
964 346 1004 408 90

453 566 501 630 Ab
517 565 714 649 Hermogene
738 575 928 652 anapaestus
945 587 1019 632 cum
1037 567 1172 652 dactylo,
1193 588 1321 652 paeone,
1346 569 1414 633 aliis
1430 587 1593 633 enumera·

366 668 419 732 tur
441 670 604 751 tamquam
626 670 774 735 orationis
797 671 935 736 efficiens
957 666 1140 757 σεμνότητα
1163 669 1206 755 (p.
1231 673 1303 750 229,
1329 674 1368 735 12
1391 671 1431 734 W
1452 697 1496 726 =
1518 671 1591 748 294,

366 772 407 834 29
431 771 508 855 Sp),
531 791 609 853 quos
631 769 801 860 γλυκύτητι
825 794 948 857 quoque
972 775 1136 839 convenire
1160 775 1251 839 docet
1272 795 1302 858 p.
1327 777 1398 852 322,
1422 775 1464 837 23
1487 773 1527 836 W
1548 798 1591 830 -.-

367 875 439 954 364,
463 876 504 939 24
529 875 616 960 Sp.1)

451 979 569 1043 Tamen
594 981 754 1062 anapaesti
781 999 844 1044 non
865 981 922 1045 illa
945 981 1141 1063 dactylorum
1169 980 1399 1062 tranquillitate
1431 978 1590 1062 conspicui

366 1083 448 1158 sunt,
471 1101 580 1146 verum
604 1083 686 1164 quod
710 1084 883 1148 ascendens
907 1103 1013 1148 eorum
1036 1084 1205 1166 rhythmus
1229 1083 1468 1148 concitationem
1492 1101 1591 1164 quau-

366 1183 440 1248 dam
467 1183 599 1262 indicat,
634 1189 710 1249 sunt
737 1187 865 1268 quidem
892 1189 1018 1251 strenue
1041 1206 1183 1270 pugnam
1217 1185 1453 1270 capessentibus
1481 1186 1591 1268 apti¹)‚

368 1286 422 1351 sed
455 1285 660 1352 conferuntur
688 1290 782 1352 etiam
816 1309 889 1353 cum
922 1291 1032 1356 metris
1059 1289 1203 1355 infractis
1236 1289 1436 1352 aDemetrio
1470 1289 1590 1370 §1892

368 1384 526 1467 σύνθεσις
549 1438 555 1452 .
579 1438 587 1453 .
611 1439 617 1453 .
641 1381 865 1476 άναιταιστικὴ
886 1389 941 1455 καὶ
963 1389 1108 1474 μάλιστα
1131 1388 1255 1457 ἐοικυῖα
1276 1393 1346 1469 τοῖς
1367 1387 1591 1473 κεκλασμένας

366 1487 421 1554 καὶ
452 1482 606 1574 άσέμνοις
635 1490 776 1577 μέτροις,
806 1483 860 1558 οἷα
881 1489 1028 1576 μάλιστα
1055 1491 1097 1558 τὰ
1128 1490 1297 1558 Σωτάδεια
1328 1484 1383 1558 διὰ
1414 1484 1452 1558 τὸ
1482 1491 1590 1575 μαλα-

365 1587 513 1679 κάτερον.

450 1696 563 1778 Itaque
596 1698 692 1762 etiam
726 1699 887 1777 ludentes,
921 1701 1074 1779 iocanteS,
1108 1700 1291 1766 cavillantes
1326 1699 1506 1784 anapaestis
1540 1698 1589 1763 usi

366 1802 456 1862 sunt:
480 1799 519 1864 cf.
534 1792 662 1864 Cornuti
679 1802 852 1884 theologiae
869 1803 1006 1869 Graecae
1022 1803 1242 1888 compendium
1256 1823 1286 1886 p.
1303 1803 1408 1880 61,19
1424 1803 1471 1868 ed.
1484 1803 1587 1884 hang:

367 1894 384 1966 δ
408 1950 415 1964 .
440 1950 447 1964 .
472 1897 665 1988 ,θρίαμβος
687 1893 757 1967 aad
779 1907 835 1968 τοῦ
856 1908 968 1991 θροεῖν
989 1903 1045 1971 καὶ
1068 1900 1231 1990 ἰαμβίζειν
1253 1897 1311 1991 τὴν
1332 1904 1445 1991 κλῆσιν
1468 1899 1587 1985 ἔλαχεν,

365 1998 445 2070 ὅθεν
466 2006 520 2069 καὶ
544 2001 577 2068 ἓν
597 2007 666 2084 τοῖς
689 1996 770 2070 κατὰ
793 2009 856 2071 τῶν
877 2004 1043 2091 πολεμίων
1058 2004 1240 2096 θριάμβοις
1261 2003 1291 2074 οἱ
1314 2005 1431 2074 πολλοὶ
1445 1999 1590 2072 άνατταί·

365 2129 458 2185 στοις
485 2103 686 2185 σκάπτοντες
715 2110 872 2192 χρῶνται;
910 2111 969 2176 Dio
998 2112 1084 2178 Cass.
1109 2113 1222 2195 fragm.
1237 2114 1295 2190 39,
1319 2113 1339 2176 8
1366 2111 1414 2177 ed.
1437 2109 1587 2176 Dindorf:

366 2211 419 2293 (de
442 2211 618 2276 Tarentinis
641 2213 760 2294 legatos
783 2213 997 2280 Romanorum
1020 2216 1166 2282 conviciis
1189 2215 1454 2294 consectantibus)
1478 2209 1510 2291 ἐς

365 2304 441 2391 τοὺς
466 2307 641 2396 Ῥωμαίους
673 2305 781 2379 πολλὰ
808 2314 863 2380 καὶ
890 2308 1010 2404 ἀσελγῆ
1036 2310 1228 2384 ἀνάπαιστα
1256 2315 1289 2384 δν
1320 2320 1439 2406 ῥυθμῷ
1464 2318 1523 2381 τοῦ
1552 2335 1588 2378 τε

367 2412 479 2502 κρότου
501 2414 555 2482 καὶ
577 2421 635 2504 τῆς
656 2411 818 2500 βαδίσεως
843 2411 994 2508 ᾀδόντων.

669 2679 686 2759 ξ
710 2680 760 2741 21.
804 2679 857 2742 De
880 2679 1057 2762 rhythmo
1082 2679 1285 2744 trochaico.

450 2831 598 2894 'lhccbaei
614 2832 708 2913 pedes
731 2835 894 2915 metroque
911 2853 947 2897 eu
970 2833 1014 2896 eis
1037 2835 1210 2916 composita
1232 2853 1303 2898 cum
1319 2833 1433 2898 iambis
1450 2849 1587 2896 commu-

366 2951 439 2996 nem
472 2932 590 2996 habent
621 2935 813 3000 celeritatem
847 2941 878 3000 et
909 2955 1012 3001 acrem
1040 2936 1197 3017 quendam
1224 2937 1444 3016 saltationique
1477 2935 1586 3016 aptum

366 3037 503 3098 motum:
532 3036 658 3100 Aristot.
682 3037 767 3101 Puet.
791 3057 817 3102 ο.
840 3041 880 3101 24
903 3038 1005 3102 14599
1019 3039 1075 3101 st:
1098 3029 1136 3103 τὸ
1153 3088 1160 3102 .
1178 3089 1185 3103 .
1202 3088 1210 3102 .
1227 3032 1376 3122 ἰαμβεῖον
1397 3033 1452 3100 καὶ
1474 3030 1587 3121 τετρά-

364 3158 480 3222 μετρον
505 3136 703 3224 κινητικά·
737 3137 790 3202 καί
818 3132 857 3204 τὸ
877 3138 937 3222 μὲν
964 3144 1019 3223 (sc.
1042 3142 1140 3225 τετρ.)
1169 3132 1369 3228 δρχρστικόν,
1399 3131 1438 3203 τὸ
1461 3135 1498 3203 δὲ
1530 3141 1586 3219 (sc.

365 3232 470 3323 ἰαμβ.)
494 3237 685 3324 πρακτικόν;
708 3244 833 3307 Aristid.
856 3242 963 3321 Quint.
984 3264 1014 3327 p.
1039 3245 1079 3307 98
1099 3243 1133 3307 Μ
1154 3272 1197 3300 =
1220 3245 1271 3320 60,
1295 3246 1313 3306 5
1338 3243 1374 3308 J:
1397 3237 1586 3306 τῶν...ἐν

365 3337 552 3408 διπλασίονι
583 3343 757 3428 γινομένων
791 3343 898 3426 σχέσει
927 3341 959 3410 οὶ
982 3396 989 3410 .
1014 3397 1021 3410 .
1046 3396 1053 3410 .
1079 3339 1181 3411 άιτλοῖ
1212 3348 1358 3432 τροχαῖον
1387 3343 1443 3410 καὶ
1470 3336 1585 3426 ἴαμβοι

364 3443 480 3527 τάχος
501 3468 536 3510 τε
560 3442 770 3532 ἐπιφαίνουσι
794 3445 850 3514 καί
871 3443 934 3514 εἶσι
949 3448 1070 3536 θερμοί
1093 3447 1148 3514 καί
1172 3441 1374 3536 δρχροτικοί;
1396 3448 1586 3512 Prudentius

368 3549 614 3632 Peristephanon
627 3552 723 3634 praef.
739 3555 770 3616 7:
796 3554 881 3630 „Nos
897 3554 994 3619 citos
1010 3554 1160 3618 iambicos
1176 3554 1345 3618 sacramus
1360 3554 1393 3617 et
1407 3550 1586 3616 rotatiles

367 3653 559 3717 trochaeos.“

367 3802 578 3814 ——--..

434 3896 454 3960 ¹)
474 3893 532 3948 Hoc
555 3894 614 3948 loco
639 3893 823 3961 Hermogenes
847 3912 900 3950 non
927 3896 1045 3963 ipsorum
1069 3894 1167 3962 pedum
1197 3893 1351 3962 catalogum
1377 3891 1453 3961 quasi
1475 3891 1585 3960 repetit,

364 3979 392 4032 id
411 3979 481 4047 quod
499 3979 565 4034 lacit
583 3980 681 4034 Castor
699 3980 744 4047 qui
763 3980 850 4033 fertur
868 3979 909 4034 lli
928 3980 986 4049 718,
1006 3980 1066 4032 5W
1086 3979 1231 4047 dactylum,
1252 3984 1440 4047 anapaestum,
1457 3991 1584 4046 paeones,

365 4065 491 4133 epitritos
514 4080 688 4131 enumerans,
714 4081 825 4133 quorum
847 4065 949 4120 duobus
971 4066 1066 4135 primis
1087 4062 1240 4136 γλυκύτητα
1258 4065 1328 4119 ellici
1346 4064 1489 4134 profitetur
1501 4061 1585 4118 ctiam

365 4154 519 4218 Anonymus
538 4153 566 4206 in
585 4153 709 4219 Hermog.
730 4151 783 4205 VII
801 4154 859 4214 935,
877 4154 894 4205 4
912 4152 955 4204 W.

436 4239 459 4303 ²)
480 4238 532 4291 Cic.
552 4240 630 4292 Tuae.
649 4237 676 4292 Il
698 4239 737 4298 16,
754 4239 802 4290 37:
833 4237 1053 4305 „Spartiatarum
1076 4237 1199 4305 procedit
1220 4252 1318 4304 agmen
1341 4235 1376 4291 ad
1401 4236 1507 4301 tibiam,
1536 4247 1585 4288 nec

366 4323 510 4378 adhibetur
530 4323 586 4377 ulla
603 4325 661 4377 sine
680 4323 838 4390 anapaestis
857 4323 970 4390 pedibus
988 4323 1135 4378 hortatic.“
1172 4324 1241 4378 Mar.
1265 4323 1366 4378 Victor.
1388 4339 1415 4390 p.
1434 4323 1475 4385 77,
1494 4321 1528 4375 24
1546 4318 1584 4372 K:

366 4408 411 4474 „id
430 4410 498 4476 (scil.
518 4409 669 4464 trimetrum
683 4409 873 4464 catalecticum
891 4410 919 4462 in
930 4409 1071 4479 syllabam)
1091 4410 1118 4462 in
1138 4409 1246 4478 proeliis
1259 4408 1293 4462 ad
1312 4408 1474 4463 incentivum
1488 4405 1585 4460 virium

365 4511 415 4563 per
433 4495 516 4550 tibias
535 4503 637 4551 canunt
655 4499 701 4564 (sc.
720 4494 937 4554 Lacedaemonii)
955 4495 1110 4550 incedentes
1129 4495 1163 4550 ad
1182 4495 1280 4564 pedem
1292 4499 1358 4550 ante
1377 4495 1463 4564 ipsum
1476 4506 1585 4563 pugnae

367 4581 500 4640 initium.“
537 4583 578 4636 De
597 4583 701 4654 encplio
720 4600 742 4635 v.
761 4597 845 4652 supra
863 4600 887 4654 p.
908 4583 948 4638 82.
