3514 5244
898 466 920 471 ,
981 381 1024 471 li

387 570 518 636 dubium
542 579 600 654 est,
624 571 689 634 iam
713 569 853 636 saeculis
869 569 1060 634 duodecimo
1085 581 1117 634 ct
1140 572 1235 636 tertio
1260 571 1395 656 decimo,
1419 573 1550 655 quibus
1566 573 1640 655 qni-

388 679 464 743 dam
510 678 583 743 libri
621 677 820 744 Fickertiani
866 679 991 742 exarati
1034 686 1121 761 sunt,
1167 687 1233 742 tam
1280 678 1426 752 cruditos
1476 681 1643 745 librarios

388 785 549 869 extitisse,
578 792 612 850 nt
639 785 719 849 vitia
742 784 775 848 in
804 783 969 850 codicibus
1002 805 1158 869 perversa
1189 786 1378 870 plerumque
1413 787 1642 853 distinctione

389 893 532 959 exaratis
557 890 746 975 detegerent
770 890 961 974 delectaque
986 893 1050 956 leni
1075 902 1106 957 et
1130 893 1236 976 perita
1259 914 1356 957 manu
1380 907 1556 975 sanarent,
1590 896 1642 958 illi

388 999 533 1085 opinioni
557 1006 687 1085 praeter
712 1017 761 1083 ea,
783 1019 868 1081 quae
892 999 976 1062 inlra
997 1019 1157 1083 exponam
1181 999 1226 1084 (p.
1246 1003 1289 1066 20
1309 999 1379 1086 sep),
1404 1001 1643 1068 adversantur

387 1107 450 1172 loci
474 1105 561 1172 haud
585 1106 695 1190 pauci:

476 1213 518 1280 dc
542 1212 645 1278 benef.
669 1212 767 1296 1113,
794 1215 826 1277 1:
851 1214 1047 1299 ricperti«,
1071 1235 1204 1300 anconae
1216 1217 1373 1299 fortunae
1387 1219 1638 1283 stultissimam

387 1322 518 1388 mulum.
566 1331 601 1386 at
625 1343 645 1384 α
668 1332 696 1388 te
720 1323 805 1386 nibil
828 1325 970 1406 accipere
993 1325 1091 1387 iuvat.
1128 1334 1163 1386 ut
1187 1344 1278 1386 carrae
1302 1324 1487 1405 lrcrreficiurrr
1518 1329 1558 1389 in
1589 1331 1644 1390 in-

387 1434 510 1494 iurium
533 1431 698 1494 convertis,
730 1434 765 1493 al
789 1437 817 1494 te
841 1431 968 1492 oracio
993 1430 1115 1492 nimia
1139 1429 1347 1494 delectarit.
1390 1439 1429 1494 ut
1453 1441 1489 1495 le
1514 1439 1643 1496 omnic

387 1539 547 1602 derlee-ent.
581 1534 672 1598 uncis
703 1532 834 1599 inclusit
863 1532 1012 1598 Gertzius
1041 1534 1141 1597 verba
1169 1532 1263 1616 haec,
1293 1554 1378 1616 quae
1404 1535 1479 1619 ipse
1509 1541 1639 1602 aetram

385 1644 649 1726 interpolationem
673 1639 768 1724 dixit,
796 1646 906 1708 omnia
938 1646 1040 1706 rrtruiu
1064 1643 1219 1706 delectant
1243 1647 1278 1706 ut
1301 1653 1330 1707 le
1354 1661 1426 1706 eam
1450 1643 1567 1708 solam
1596 1647 1643 1708 oli

386 1769 534 1831 causam,
565 1747 651 1830 quod
678 1747 712 1810 in
734 1747 764 1813 N
793 1753 826 1811 et
849 1745 923 1811 aliis
947 1745 1141 1828 quibusdam
1170 1745 1259 1812 libris
1287 1766 1351 1812 non
1375 1749 1545 1831 leguntur.
1603 1769 1641 1817 at

386 1865 499 1921 extant
514 1857 546 1920 in
562 1856 588 1918 V
609 1855 748 1936 aliisque
766 1854 999 1920 recentioribus
1020 1874 1124 1936 neque
1144 1855 1262 1920 abesse
1280 1854 1346 1919 ullo
1360 1854 1456 1920 modo
1473 1871 1642 1940 possunt

388 1965 466 2046 quia
490 1963 540 2044 iis,
565 1969 737 2045 quaesunt
761 1974 795 2026 ul
820 1967 970 2026 teoracia
987 1965 1144 2042 dedecent,
1169 1960 1283 2027 eodem
1306 1961 1402 2027 modo
1420 1966 1640 2048 respondent

388 2081 487 2153 atque
503 2069 577 2149 duo,
603 2088 686 2151 quac
700 2066 908 2152 praecedunt,
932 2069 1114 2132 enuntiata:
1139 2076 1174 2134 at
1188 2093 1209 2134 a
1224 2079 1252 2134 te
1267 2073 1354 2134 altit
1367 2075 1515 2156 accipere
1538 2081 1642 2139 iar-err

386 2188 421 2242 et
444 2189 478 2244 ut
494 2200 585 2243 clune
601 2177 783 2258 beneficium
805 2181 838 2240 irc
859 2179 1018 2240 iniuriam
1037 2180 1195 2242 concertis
1220 2175 1303 2240 luter
1318 2194 1354 2241 se
1368 2176 1525 2261 opposita
1541 2192 1642 2246 sunt.

390 2291 562 2369 practerea
585 2303 648 2346 non
672 2281 718 2344 ita
743 2289 931 2365 comparata
956 2289 1037 2364 sunt,
1062 2289 1097 2344 ut
1124 2302 1164 2345 ex
1188 2282 1373 2347 coniectura
1397 2285 1548 2368 suppleri
1574 2309 1641 2372 po-

395 2391 523 2456 tuerint.
566 2397 656 2474 patet
679 2407 755 2453 vcro
780 2386 933 2452 facillime
957 2407 996 2452 ea
1022 2387 1171 2452 excidere
1194 2389 1350 2473 potuisse.
1397 2390 1518 2456 similis
1542 2397 1643 2459 ratio

394 2505 446 2564 est
468 2496 546 2578 loci,
572 2496 626 2578 qni
650 2495 810 2561 invenitur
840 2494 906 2578 14,
932 2500 961 2577 3,
985 2495 1039 2560 ubi
1061 2495 1161 2560 uerba
1185 2497 1349 2562 libenter
1372 2501 1466 2564 dere
1490 2513 1644 2585 propter

388 2605 439 2670 bis
467 2605 639 2690 repetitum
667 2603 699 2667 in
727 2602 882 2688 proximis
907 2601 1096 2666 adverbium
1126 2605 1261 2669 libenter·
1291 2603 1323 2667 in
1356 2603 1385 2670 N
1418 2605 1562 2688 omissa,
1603 2611 1639 2672 in

387 2711 451 2777 TO
487 2718 616 2778 servata
645 2717 727 2774 sunt.
775 2710 844 2792 15,
868 2713 888 2773 2
913 2708 1168 2792 supplementum
1199 2708 1319 2775 hiantis
1351 2711 1513 2776 orationis
1550 2714 1637 2780 lroc:

385 2827 442 2887 est
463 2824 582 2906 parvi
601 2821 706 2903 perid
714 2827 780 2882 arel
805 2835 845 2880 ex
868 2815 959 2880 libris
982 2815 1214 2880 recentioribus
1237 2836 1296 2900 per
1310 2815 1489 2882 editionum
1505 2821 1637 2886 seriem
1716 2849 1717 2864 ¹

390 2931 607 3012 propagatum
639 2922 738 2988 multo
770 2922 886 2989 melius
919 2932 969 2987 cst
1000 2941 1052 3006 eo,
1084 2921 1171 3005 quod
1208 2923 1357 2989 Gertrius
1394 2925 1538 3009 recepit:
1577 2941 1637 2995 est

388 3034 604 3119 nepleplcrrl.
647 3029 754 3113 1124,
782 3035 797 3095 l
827 3030 927 3094 verba
956 3041 987 3096 el
1016 3035 1081 3118 qai
1104 3037 1275 3097 acerriirrit
1299 3030 1409 3112 utiquc
1432 3040 1637 3100 neccssaria

389 3140 480 3206 solus
504 3158 568 3203 non
591 3137 700 3203 omisit
728 3138 831 3202 codex
863 3129 1100 3202 Franciscanus
1129 3158 1150 3200 a
1177 3137 1348 3202 Fcrnando
1383 3137 1547 3205 Pinciano
1584 3144 1634 3208 in·

388 3245 582 3332 spectus.¹⁴)
629 3245 676 3310 III
707 3248 756 3328 18,
780 3249 802 3309 4
826 3244 1025 3310 enuntiatum
1049 3242 1124 3308 hoc:
1154 3249 1233 3310 errlcc
1262 3251 1507 3334 qrriclomiar's
1540 3259 1635 3317 serr-i

466 3407 500 3474 ¹⁴)
520 3407 659 3460 immerito
683 3405 787 3459 fraudis
807 3405 897 3458 virum
922 3404 1167 3473 diligentissimum
1191 3408 1220 3459 et
1243 3405 1434 3459 acutissimum
1457 3407 1634 3464 insimulare

385 3501 502 3551 coriatus
521 3504 562 3550 est
582 3496 723 3550 l'iclrertus
748 3495 774 3560 11
793 3513 818 3563 p.
839 3494 889 3548 XV
913 3498 941 3547 et
966 3493 1057 3551 alibil.
1098 3511 1163 3547 nam
1182 3511 1250 3562 quas
1270 3495 1318 3548 ille
1332 3494 1462 3549 lectiones
1487 3513 1522 3550 ex
1552 3499 1634 3554 libris

388 3606 452 3640 nise.
473 3589 624 3656 puirrdeclm
638 3595 661 3637 et
672 3587 802 3651 pluribus
822 3602 838 3636 a
856 3601 884 3636 se
898 3583 1029 3651 inspectis
1043 3583 1168 3651 protulit,
1183 3583 1291 3651 saepius
1305 3585 1339 3636 iis
1354 3583 1502 3652 codicibuS,
1523 3588 1633 3654 quibus

393 3676 520 3730 Fickerto
545 3675 587 3727 nti
611 3692 665 3727 non
690 3674 782 3736 licuit,
812 3673 987 3725 confirmatas
1006 3672 1072 3724 uidi.
1118 3675 1150 3724 nt
1177 3689 1262 3725 unum
1291 3675 1447 3742 exemplum
1475 3675 1633 3742 proferam,

385 3763 461 3833 quod
481 3764 630 3817 Pincianus
649 3763 682 3816 dc
702 3763 788 3817 benef.
809 3761 833 3814 V
854 3763 897 3825 2l,
917 3763 933 3813 2
952 3761 981 3814 in
1006 3761 1156 3830 exemplari
1179 3762 1334 3814 scholarum
1358 3763 1630 3820 Salmanticcnsium

391 3856 523 3923 scriptum
540 3854 623 3906 fuisse
638 3853 706 3906 dicit
716 3871 779 3921 pro
794 3856 837 3905 ml
842 3853 867 3904 11
872 3856 898 3904 tt
902 3870 918 3905 c
932 3853 1029 3915 bomo,
1045 3851 1152 3919 repperi
1167 3851 1196 3904 in
1211 3851 1301 3906 codice
1311 3853 1499 3916 Laurentiano
1510 3855 1630 3910 LXXl'l

389 3947 433 3996 36.
472 3943 622 3998 rectissime
641 3945 735 3995 autem
754 3958 853 3995 nornen
872 3941 1014 4009 proprium
1033 3943 1161 3994 Militio
1179 3941 1380 3995 restituendum
1399 3959 1457 3996 esse
1471 3942 1631 4000 intellexit.

386 4033 426 4097 lv.
441 4033 469 4086 C.
486 4033 508 4084 1.
523 4032 551 4085 L.
571 4031 611 4084 ΙΙΙ
634 4032 727 4097 5955.)
746 4049 812 4085 nam
831 4031 860 4084 in
879 4031 905 4084 N
926 4048 1034 4098 quoque
1054 4030 1171 4097 aliisque
1189 4030 1240 4084 hoc
1263 4031 1322 4084 loco
1344 4034 1443 4086 militie
1462 4035 1490 4086 et
1516 4033 1547 4086 in
1575 4041 1593 4100 ξ
1615 4039 1632 4088 3

389 4125 490 4176 nrilltr'o
509 4121 552 4182 (cl'.
568 4138 594 4188 p.
610 4121 655 4186 16)
674 4120 786 4189 legitur.
815 4139 870 4189 pro
889 4137 961 4182 uero,
985 4119 1058 4186 qnod
1077 4119 1147 4172 nihil
1167 4119 1244 4172 aliud
1262 4120 1316 4173 nisi
1336 4119 1529 4189 compendium
1551 4127 1632 4180 vocis

388 4214 533 4280 proprium
545 4210 575 4276 (i.
586 4227 609 4264 c.
619 4214 728 4274 nomen)
741 4227 797 4263 esse
805 4209 862 4263 iam
873 4209 1015 4263 Fickertus
1025 4208 1104 4273 vidit,
1120 4226 1174 4262 non
1185 4211 1293 4262 mutare
1307 4208 1426 4264 debebat
1439 4209 1488 4264 ille
1502 4211 1533 4264 in
1543 4231 1628 4280 prae

389 4317 489 4353 nornen
508 4299 734 4369 Pnequemagis
748 4299 764 4365 ς’
780 4301 793 4352 1
808 4301 891 4367 paulo
906 4301 1046 4352 violentior
1064 4298 1093 4351 in
1108 4300 1139 4352 P.
1155 4301 1257 4352 Militia
1276 4302 1326 4352 aut
1343 4302 1475 4368 quendam
1494 4319 1531 4354 ea·
1554 4321 1629 4358 wm-

387 4391 559 4444 mtlr'tom'bus
572 4389 602 4442 in
620 4392 652 4443 P.
673 4390 844 4442 Militiam.
894 4405 926 4442 eo
945 4388 1077 4441 libentius
1096 4391 1190 4442 antem
1210 4387 1261 4442 hac
1280 4387 1420 4442 occasione
1439 4393 1503 4443 utor
1522 4391 1627 4454 uirum,

385 4497 470 4547 quern
485 4497 631 4548 permultae
650 4481 761 4533 criticae
780 4479 920 4545 exeruplar
938 4477 1029 4530 lustns
1049 4476 1156 4545 Lipsius
1176 4477 1316 4546 appellare
1334 4495 1389 4530 non
1408 4477 1561 4543 dubitarit,
1588 4482 1624 4534 ab

383 4569 526 4638 opprobiis
545 4569 575 4622 in
594 4585 657 4622 eum
676 4568 789 4622 iactatis
808 4567 979 4632 defendendi,
999 4567 1072 4634 quod
1091 4567 1120 4620 in
1144 4566 1177 4620 H.
1198 4569 1230 4619 A.
1249 4565 1347 4620 Kochii
1370 4565 1548 4635 dialogorum
1566 4570 1624 4624 dle

388 4659 583 4713 liolanensium
603 4658 723 4712 editione
746 4658 854 4725 aliquot
874 4656 1003 4710 lectiones
1023 4657 1057 4710 ab
1077 4673 1108 4710 eo
1131 4673 1164 4708 ex
1192 4655 1328 4710 codicibus
1355 4654 1452 4710 ductim
1482 4659 1622 4726 tanqmim

386 4749 560 4803 coniecturas
570 4749 628 4801 eins
638 4747 751 4816 prol'erri
761 4747 850 4811 ride0,
860 4746 937 4800 velut
946 4764 972 4814 p.
983 4746 1025 4809 39,
1037 4747 1083 4810 19;
1098 4745 1141 4809 40,
1153 4746 1199 4809 19;
1215 4745 1257 4809 16,
1268 4745 1315 4809 a&
1329 4745 1372 4806 49,
1384 4745 1412 4808 8;
1428 4745 1472 4810 53,
1484 4747 1535 4812 31;
1546 4749 1624 4803 alibi.
