3546 5236
943 423 1003 486 108

355 617 384 682 si
407 616 588 700 inveneras,
610 616 732 681 habere
749 624 781 681 te
800 636 898 701 posse
914 637 954 682 ex
969 616 1031 682 hoe
1044 615 1217 698 intellegas
1232 617 1309 683 lieet
1325 616 1412 700 quod
1426 617 1583 682 habuisti:

355 724 384 789 si
407 722 541 808 feceras,
566 724 648 790 bene
672 743 782 808 spera:
811 743 864 790 res
887 724 992 808 periit,
1017 724 1128 790 salvus
1152 732 1203 790 est
1226 723 1354 790 artifex.

460 829 563 895 ‘amisi
588 851 720 895 uxorem
743 827 881 896 bonam’.
915 830 993 912 quid
1016 830 1050 896 in
1073 830 1131 894 illa
1153 831 1338 914 probabas?
1371 829 1584 915 pudicitiam?
1612 832 1636 893 2

355 956 452 1019 quam
465 937 586 1002 multae
602 937 656 1002 diu
667 936 862 1004 custoditam
872 936 1090 1023 perdiderunt
1105 958 1202 1020 quarn
1212 940 1332 1003 multae
1343 938 1427 1004 inter
1437 937 1587 1022 exempla

310 1043 595 1109 bnumeratarum
632 1044 715 1110 inter
751 1045 871 1129 probra
907 1045 1097 1110 matronalis
1130 1043 1253 1110 ordinis
1291 1065 1364 1110 esse
1402 1053 1587 1129 coeperunt

356 1149 584 1217 decus?****
615 1150 801 1218 delectabat
828 1157 861 1217 te
883 1151 967 1217 fides
990 1151 1085 1218 eins?
1128 1170 1225 1234 quam
1248 1151 1367 1216 multas
1392 1172 1432 1217 ex
1455 1150 1588 1235 optimis

356 1258 546 1340 coniugibus
570 1257 732 1342 pessimas
755 1257 911 1342 videmus,
940 1279 979 1324 ex
1003 1257 1264 1341 diligentissimis
1289 1258 1514 1342 solutissimas,
1544 1279 1588 1324 ex

355 1364 592 1432 liberalissimis
616 1365 857 1451 rapacissimas.
899 1366 1039 1430 omniurn
1063 1365 1193 1448 quidem
1216 1365 1426 1450 inperitorum
1449 1366 1587 1448 animus,
1614 1365 1637 1429 3

355 1471 496 1537 maxime
519 1478 627 1537 tamen
651 1472 830 1538 inlubrico
854 1472 1021 1538 muliebris
1045 1479 1102 1538 est.
1141 1472 1291 1538 etiamsi
1315 1474 1433 1537 bonam
1455 1491 1589 1537 uxorem

292 1577 334 1641 10
357 1578 508 1664 habuisti,
541 1599 603 1644 non
636 1587 731 1664 potes
759 1600 1004 1664 permansuram
1036 1577 1209 1644 adfirmare
1239 1579 1271 1642 in
1299 1578 1355 1643 illo
1385 1578 1487 1644 fuisse
1513 1598 1589 1663 pro-

355 1687 472 1770 posito.
517 1686 597 1752 nihil
630 1695 681 1752 est
713 1694 780 1752 tarn
811 1687 930 1752 mobile
964 1706 1061 1770 quam
1093 1686 1283 1752 feminarum
1315 1686 1474 1769 voluntas,
1506 1684 1590 1750 nihil

356 1799 423 1858 tarn
459 1813 587 1876 vagum.
641 1802 786 1860 veterum
823 1793 1096 1859 matrimoniorum
1133 1793 1269 1878 repudia
1306 1793 1515 1876 cognovimus
1552 1797 1639 1859 114

356 1898 519 1966 foediores
549 1900 686 1966 diuortio
716 1899 801 1965 male
829 1899 1069 1966 cohaerentium
1096 1900 1194 1965 rixas.
1241 1919 1338 1982 quam
1361 1899 1483 1964 multae
1505 1918 1590 1982 quos

356 2007 389 2071 in
426 2006 649 2074 adulescentia
683 2014 872 2072 amaverunt
909 2007 940 2071 in
978 2013 1145 2073 senectute
1182 2007 1341 2072 communi
1378 2006 1587 2090 reliquerunt.

291 2109 333 2176 15
357 2115 506 2196 quotiens
540 2115 627 2180 anile
660 2113 834 2179 divortium
866 2114 1003 2180 risimus.
1050 2134 1145 2197 quam
1173 2112 1346 2178 multarum
1374 2121 1469 2178 notus
1497 2133 1590 2177 amor

357 2220 432 2287 odio
456 2222 580 2287 notiore
605 2229 747 2288 mutatus
772 2228 830 2288 est.

462 2327 530 2394 ‘sed
554 2329 635 2394 baec
659 2336 691 2393 et
715 2327 775 2394 fuit
798 2330 884 2394 bona
907 2337 940 2394 et
963 2326 1098 2395 fuisset’.
1132 2348 1218 2394 mors
1238 2329 1345 2394 effecit
1364 2337 1400 2394 ut
1414 2328 1588 2394 adfirmare

358 2437 428 2503 siue
450 2436 595 2523 periculo
618 2435 735 2520 possis.

466 2541 590 2608 ‘bonam
616 2563 748 2609 uxorem
771 2543 881 2609 amisi’.
920 2543 1075 2624 invenies,
1099 2544 1127 2608 si
1151 2543 1230 2608 nihil
1246 2543 1376 2626 quaeris
1391 2543 1453 2608 nisi
1469 2545 1586 2608 bonam
1613 2545 1637 2607 b

290 2644 335 2708 20
358 2671 503 2717 uxorem:
537 2657 572 2716 tu
600 2651 696 2715 modo
720 2671 760 2716 ne
784 2651 945 2733 imagines
968 2670 1173 2736 proavosque
1196 2649 1380 2734 respexeris
1404 2671 1463 2716 nec
1487 2651 1586 2735 patri-

357 2758 507 2841 monium,
531 2759 583 2824 ani
606 2759 672 2824 iam
695 2758 769 2843 ipsa
792 2757 946 2824 nobilitas
969 2758 1073 2842 primo
1096 2758 1168 2822 loco
1193 2757 1301 2823 cessit.
1347 2757 1412 2822 ista
1436 2757 1492 2821 diu
1515 2777 1585 2822 curn

449 2922 461 2972 l
486 2928 548 2973 aute
566 2919 667 2973 habere
685 2938 726 2988 cp.
746 2921 808 2972 add.
829 2916 924 2986 adhucl
950 2919 967 2972 2
992 2927 1055 2986 poet
1079 2917 1179 2972 artifex
1202 2937 1243 2986 op.
1263 2919 1327 2971 liaeo
1346 2920 1408 2972 add.
1428 2921 1460 2971 ab
1481 2919 1586 2972 Haasio

357 3001 547 3064 11111111111111
561 3025 644 3062 uxore
658 3025 726 3062 sum.
746 3011 774 3062 et
788 3007 847 3062 sine
861 3007 1026 3062 aduersario.
1045 3007 1102 3062 iam
1118 3007 1161 3061 tui
1175 3023 1319 3073 rerumque
1334 3005 1461 3060 dominus
1474 3011 1587 3059 tuarum

357 3115 414 3152 esse
441 3097 548 3168 incipis.
577 3115 689 3152 uxorem
712 3097 813 3152 bonam
836 3100 865 3152 et
887 3096 1013 3151 decoram
1036 3096 1152 3166 perdidi.
1189 3095 1270 3150 stulti
1296 3099 1338 3150 est
1360 3095 1502 3164 compedes
1523 3111 1587 3150 susa

358 3187 486 3256 quamuis
500 3205 597 3242 aureas
612 3185 711 3256 amare!
732 3191 750 3240 4
768 3184 956 3256 11111111ᾱί1181
978 3187 1113 3241 custodite
1127 3186 1269 3255 perierunt
1282 3186 1314 3254 Pi
1333 3185 1414 3239 decus
1428 3194 1489 3240 ante
1503 3201 1587 3253 quam

357 3280 453 3332 babent
463 3279 485 3330 S
489 3277 557 3346 ch.
567 3294 617 3331 cm.
628 3279 678 3329 R..·
691 3279 851 3344 transposui
864 3285 926 3331 autc
935 3276 1092 3330 delectabat
1101 3283 1135 3340 1ο.
1145 3277 1171 3337 6)
1186 3283 1210 3328 et
1223 3277 1350 3328 lacunam
1362 3269 1490 3338 indicavi!
1510 3273 1587 3338 Quod

358 3365 484 3434 nrnltePl
493 3365 567 3420 inter
576 3365 702 3435 exempla
710 3369 916 3420 numeratorum
923 3365 1187 3431 (nominatarumap.
1197 3366 1371 3417 mutaturum
1378 3365 1493 3432 Lipsius
1502 3379 1587 3417 mere·

357 3455 457 3510 trieum
468 3455 624 3522 Puteanus),
634 3472 702 3524 quaa
716 3459 746 3508 in
758 3457 780 3508 0
790 3464 851 3523 post
866 3455 1013 3522 coeperunt
1033 3455 1068 3518 [a.
1083 3459 1109 3516 51
1124 3455 1258 3523 loquutur,
1272 3456 1381 3506 corraei
1394 3461 1418 3506 et
1427 3451 1588 3520 bustrateci

358 3549 374 3600 5
390 3546 462 3600 inter
474 3546 572 3614 probas
586 3547 727 3600 matronas
741 3543 771 3614 111
789 3545 897 3600 ordines
912 3542 941 3612 81
960 3548 1108 3612 coeperunt
1121 3561 1176 3611 aa:
1195 3545 1343 3610 caeperunt
1357 3544 1379 3596 S
1391 3545 1520 3611 ceperant
1533 3542 1591 3597 RV

358 3638 487 3704 separant
504 3633 537 3704 Ρ1
566 3635 582 3688 8
605 3635 789 3704 inperitorum
813 3635 835 3688 8
861 3633 1052 3701 imperitorum
1075 3649 1126 3686 am.
1151 3629 1184 3685 Pl
1213 3634 1229 3685 9
1251 3631 1413 3686 mulieribus
1436 3631 1588 3686 inlubrico

359 3729 399 3779 est
418 3727 444 3778 R
461 3725 492 3778 in
510 3724 615 3778 lubrico
633 3723 756 3778 mulieris
775 3727 817 3778 est
831 3724 864 3791 171
883 3725 915 3777 10
929 3721 1054 3776 habuisti
1068 3739 1118 3776 om.
1133 3721 1164 3787 Rl
1185 3738 1241 3774 non
1254 3723 1332 3789 potes
1346 3719 1482 3774 affirmare
1495 3721 1525 3774 in
1538 3720 1589 3774 illo

359 3813 443 3881 [eam]
454 3811 732 3882 faissopropositocp.l
745 3813 828 3868 fuisse
838 3809 927 3880 oanl
940 3813 968 3865 ll
980 3811 1109 3879 uoluptas
1116 3807 1194 3878 8Ρ111
1206 3810 1277 3863 nihil
1286 3807 1376 3879 om.Pi
1390 3811 1419 3862 12
1429 3827 1548 3864 uacuum
1557 3807 1587 3879 81

358 3903 488 3973 repudies
501 3903 534 3970 P,
557 3905 603 3956 aad
622 3900 743 3971 1111111111
770 3903 802 3956 13
826 3898 1010 3969 11111111181
1038 3899 1189 3954 diuortium
1211 3898 1243 3966 Ρ1
1268 3900 1341 3953 rixas
1363 3895 1465 3968 cm.Pl
1493 3902 1524 3952 ll
1545 3897 1588 3952 in·

359 3991 575 4047 adulescentiam
587 3989 619 4060 81
640 3994 781 4047 senectute
799 3990 896 4059 (supra
910 3993 1018 4044 tertiam
1032 4005 1047 4043 e
1061 3990 1174 4054 rasura)
1194 3987 1225 4054 111
1247 3988 1360 4042 cumani
1377 3989 1549 4056 reliquerunt
1567 3989 1591 4042 S

359 4082 518 4150 coniugium
531 4081 703 4149 reliquerunt
717 4082 749 4148 P,
768 4084 813 4135 secl
828 4097 914 4148 supra
929 4097 997 4134 cars.
1013 4082 1145 4146 scriptum
1160 4087 1201 4132 ast
1215 4077 1259 4132 uel
1273 4087 1297 4131 et
1311 4081 1339 4131 tn
1355 4095 1443 4146 marp.
1459 4075 1587 4146 eominus!

362 4173 392 4225 15
407 4171 563 4225 deuortinm
577 4167 604 4240 81
621 4169 736 4224 cisimus
754 4167 786 4239 Ρ1
807 4172 888 4224 uatus
907 4186 983 4222 amor
997 4167 1028 4234 Ρ1
1053 4168 1083 4221 16
1102 4167 1164 4220 odio
1183 4184 1253 4222 carr.
1267 4185 1302 4220 aa
1316 4167 1410 4220 odium
1428 4165 1458 4236 81
1477 4166 1590 4221 nemore

359 4259 439 4327 (corr.
449 4279 483 4314 aa
496 4260 612 4325 notiore)
626 4263 753 4314 mutatur
766 4258 797 4327 Ρ1
820 4259 853 4313 17
867 4258 923 4312 fuit
937 4261 965 4312 11
979 4257 1052 4312 bona
1065 4257 1097 4324 P,
1116 4260 1162 4310 sed
1181 4259 1210 4310 et
1228 4259 1340 4310 deletum
1353 4253 1399 4324 eati
1418 4267 1480 4324 post
1493 4255 1591 4310 fuisset

358 4369 400 4418 cp.
420 4353 482 4404 add.
506 4349 529 4402 si
548 4349 671 4413 uixisset,
695 4367 762 4418 quas
781 4350 905 4402 Haustus
923 4350 1001 4400 uncis
1019 4342 1200 4413 circundedit!
1230 4341 1315 4400 efficit
1333 4346 1412 4412 SPRp
1432 4344 1517 4399 efficit
1535 4362 1591 4398 non

359 4438 480 4508 periculo
493 4440 522 4493 P
536 4441 633 4492 mediis
651 4441 770 4505 omissis,
788 4440 835 4491 sed
853 4454 909 4491 non
926 4438 1038 4490 deluam
1052 4443 1091 4488 sat
1104 4443 1129 4488 at
1142 4437 1173 4487 iu
1186 4452 1274 4502 marp.
1293 4437 1326 4489 nt
1339 4433 1398 4488 siue
1412 4429 1589 4502 adscriptum!

359 4531 393 4583 ut
410 4528 462 4582 hoe
479 4528 616 4583 affirmare
640 4527 673 4596 Vl
702 4529 733 4581 18
757 4527 877 4596 periculo
896 4543 951 4580 non
969 4524 1056 4594 possis
1075 4521 1108 4592 Vl
1133 4540 1224 4592 posses
1246 4522 1304 4592 PR}
1333 4525 1364 4577 19
1384 4532 1449 4592 post
1466 4522 1590 4577 inuenies

359 4637 401 4686 cp.
420 4621 483 4672 add.
503 4617 630 4682 similem,
650 4621 720 4686 quod
738 4619 862 4670 Haustus
880 4613 994 4683 seclusit!
1019 4613 1105 4669 nichil
1124 4613 1179 4666 nisi
1196 4614 1298 4667 bonam
1316 4629 1427 4667 uxorem
1446 4612 1538 4681 queris
1556 4609 1588 4680 111

360 4708 393 4761 21
413 4709 471 4761 iam
489 4725 539 4762 cm.
559 4704 591 4773 Ρ1
612 4706 700 4775 primo
719 4705 778 4759 loeo
797 4705 854 4759 ium
871 4705 932 4773 ipsa
950 4704 1082 4758 nobilitas
1106 4701 1139 4771 Vl
1161 4703 1293 4758 nobilitas
1311 4703 1372 4772 ipsa
1391 4704 1423 4755 R'
