3634 5240
958 390 998 452 66

870 479 1080 487 ——-..-

487 615 534 698 τῷ
558 615 627 695 (sic)
650 604 679 677 δ’
694 609 727 691 ἐς
751 611 926 700 Μεσσήνην
949 610 1129 699 ξυμβλήσην
1151 602 1317 675 ἀλλήλοιιν
1340 611 1378 696 (φ
1404 609 1463 695 15).

364 710 549 800 ἐμιμήσατο
570 707 631 802 γὰρ
656 708 673 779 ὁ
697 706 838 802 ποιητὴς
859 706 917 801 τήν
940 711 975 781 ἐκ
997 719 1054 800 τῆς
1077 708 1272 801 ὁδοιπορίας
1300 707 1508 798 δυσκινησίαν
1531 705 1587 776 διὰ

362 820 425 880 τῶν
447 814 640 903 ἐπαλλήλων
669 820 810 902 ῥυθμῶν.
847 821 904 884 τοῦ
933 817 970 883 δὲ
993 815 1155 905 dmiccc·

521 915 649 1006 Ἕκτωρ
672 905 731 1008 {yps
753 917 850 1010 βίηφι
873 917 1025 1009 πιθήσας
1047 912 1147 984 ὄλεσε
1168 915 1247 984 λαόν
1269 921 1319 1000 (Χ
1341 920 1424 1001 tot).

363 1013 520 1107 ἀλλότρια
541 1017 601 1108 γὰρ
625 1017 761 1109 ἑκάτερα
781 1029 830 1112 aqi
852 1027 972 1110 σεμνῷ,
1004 1016 1043 1089 τὸ
1064 1021 1124 1106 μὲν
1145 1021 1202 1088 διὰ
1223 1014 1281 1108 τήν
1303 1013 1443 1108 ἄμοιρον
1464 1013 1586 1107 ἀργίαν,

362 1117 400 1190 τὸ
424 1123 460 1190 δὲ
484 1122 541 1190 διὰ
561 1119 619 1212 τὴν
642 1123 801 1212 σπονδήν.

449 1227 514 1312 Ipsi
529 1231 756 1308 commentarii,
779 1231 942 1313 inquibus
965 1227 1129 1314 σχήματα,
1153 1221 1233 1316 εἴδη,
1258 1223 1424 1314 διαφοραί,
1447 1229 1586 1307 virtutes,

363 1331 440 1396 vitia
462 1331 577 1396 heroici
600 1351 709 1398 versus
732 1336 966 1412 enumerantur,
989 1334 1067 1398 nihil
1090 1332 1260 1408 continent,
1284 1331 1367 1414 quod
1390 1330 1430 1396 ad
1450 1331 1588 1396 indolem

364 1436 419 1498 aut
451 1434 515 1498 vim
549 1431 725 1522 μιμητικήν
758 1437 922 1520 longarum
957 1439 989 1501 et
1021 1437 1164 1500 brevium
1197 1435 1391 1518 syllabarum
1424 1435 1586 1518 pertineat.

363 1537 511 1602 Namvel
526 1537 570 1615 id,
595 1539 676 1620 quod
699 1539 866 1605 Diomedes
891 1540 966 1604 dicit
987 1560 1016 1623 p.
1031 1540 1103 1617 499,
1117 1539 1155 1600 21
1174 1537 1219 1600 K:
1249 1538 1383 1615 „teretes
1407 1535 1587 1618 (=aoxto·

364 1641 478 1725 ιερεῖς)
502 1643 576 1704 sunt
599 1641 652 1722 qui
667 1642 836 1707 volubilem
859 1645 891 1706 et
913 1643 1132 1706 cohaerentem
1155 1640 1341 1705 continuant
1356 1641 1535 1718 dictionem,
1552 1644 1588 1703 ut

364 1745 462 1807 ‘torva
479 1742 680 1825 Mimalloniis
702 1745 832 1810 inflatur
847 1745 922 1810 tibia
936 1745 1094 1810 bombis'“
1104 1744 1139 1826 1),
1163 1745 1308 1808 nontam
1332 1743 1369 1808 ad
1394 1744 1587 1827 syllabarum

366 1847 576 1927 quantitatem
604 1866 697 1928 quam
722 1848 760 1911 ad
784 1849 1009 1912 elementorum
1036 1850 1184 1911 naturam
1206 1865 1379 1928 sonumque
1405 1849 1437 1911 et
1459 1846 1499 1911 ad
1521 1865 1588 1912 ver-

363 1950 475 2012 borum
509 1948 687 2014 iuncturam
721 1952 845 2015 udatur
878 1954 1028 2034 spectare.
1072 1950 1120 2014 Dc
1157 1949 1285 2033 spondei
1311 1950 1343 2013 vi
1375 1950 1406 2012 in
1443 1950 1587 2031 quintam

364 2050 537 2116 hexametri
561 2052 668 2117 sedem
691 2055 807 2137 recepti
829 2055 912 2118 idem
936 2055 980 2117 ait
1001 2073 1031 2136 p.
1054 2053 1127 2129 495,
1151 2053 1191 2115 27
1214 2053 1259 2117 K:
1294 2071 1422 2130 „versus
1443 2052 1586 2117 heroicus

363 2155 390 2217 is
420 2152 571 2237 dignitate
598 2155 718 2238 pn'mns
747 2160 796 2221 est
829 2206 836 2220 .
872 2205 878 2219 .
915 2205 921 2219 .
954 2157 1008 2238 qui
1037 2205 1044 2218 .
1077 2204 1084 2218 .
1116 2204 1123 2218 .
1153 2154 1199 2219 ita
1230 2174 1282 2219 sex
1314 2155 1492 2237 regionibus
1523 2157 1587 2220 suis

366 2257 532 2339 spondium
560 2259 672 2340 pedem
695 2259 919 2342 dactylumque
948 2257 1119 2335 custodiat,
1154 2261 1190 2322 nt
1218 2259 1361 2342 dactylus
1383 2276 1523 2342 perraro,
1556 2262 1589 2323 et

364 2358 424 2423 hoe
448 2359 575 2442 quidem
598 2362 728 2425 ornandi
751 2362 904 2446 poematis
927 2361 1027 2444 gratia
1050 2361 1193 2443 quintam
1208 2362 1367 2443 regionem
1390 2379 1481 2426 suam
1497 2381 1588 2445 spon-

364 2461 414 2525 dio
436 2463 651 2542 concedat.“²)

371 2572 375 2580 '
450 2565 598 2631 Ceterum
619 2586 696 2631 num
718 2586 826 2632 revera
849 2569 938 2631 tanta
959 2567 1001 2631 sit
1022 2568 1053 2632 in
1075 2567 1179 2631 indole
1199 2566 1453 2631 hexametrorum
1470 2571 1588 2648 quanta

365 2668 396 2731 in
414 2669 584 2734 schematis
601 2672 745 2748 varietas,
761 2671 792 2734 in
810 2671 1035 2734 dubitationem
1059 2672 1149 2734 vocat
1170 2669 1303 2734 Ioannes
1316 2667 1377 2734 Sic.
1390 2667 1518 2748 v1495,
1531 2672 1586 2733 28:

364 2761 446 2834 ἀλλὰ
464 2768 524 2857 γὰρ
546 2764 639 2853 ἷίξιον
661 2766 841 2858 ἀπορῆσαι,
866 2766 895 2836 εἰ
918 2763 974 2836 διὰ
996 2764 1034 2835 τὸ
1050 2771 1183 2857 πλῆθος
1204 2773 1269 2836 τῶν
1293 2767 1467 2858 σχημάτων
1482 2771 1588 2836 πολι·-

364 2863 453 2957 ειδής
467 2866 487 2957 ή
500 2868 640 2960 μίμησις
656 2871 788 2961 γίνεται,
806 2872 898 2961 ἐχρῆν
912 2877 968 2939 τοῦ
984 2869 1138 2959 ἰαμβικοῖι
1154 2870 1407 2959 πολυειδέστερα
1418 2869 1587 2958 γίνεσθαι·

363 2971 455 3054 χίλια
476 2973 537 3063 γὰρ
560 2975 657 3062 ρκεῚ)
681 2977 831 3064 σχήματα
854 2973 918 3059 diget
943 3029 949 3042 .
974 3028 981 3042 .
1006 2978 1055 3061 .⁴)

367 3217 386 3294 ξ
411 3215 459 3277 14.
498 3215 594 3294 Quid
618 3217 654 3280 in
677 3219 839 3301 reliquis
864 3221 1029 3303 (praeter
1051 3219 1315 3282 hexametrum
1338 3215 1586 3298 dactylicum)

508 3320 682 3384 versibus
705 3323 840 3404 longae
864 3323 902 3386 et
924 3324 1056 3386 breves
1080 3321 1256 3404 syllabae
1280 3320 1443 3385 valeant

453 3488 477 3552 l.
500 3490 618 3555 Eadem
641 3493 788 3573 gravitas,
813 3512 892 3574 quae
914 3494 947 3556 in
970 3493 1168 3569 hexametris,
1193 3490 1273 3556 effici
1294 3491 1362 3556 visa
1384 3493 1433 3555 est
1454 3491 1486 3555 in
1517 3491 1588 3555 tri-

365 3593 500 3657 metris
516 3594 705 3672 iambicis,
723 3597 748 3659 si
767 3596 904 3679 spondei,
917 3596 1048 3660 aliorum
1060 3596 1176 3680 pedum
1188 3595 1234 3659 illi
1247 3595 1374 3676 quidem
1392 3594 1585 3676 „lentipedes

366 3697 515 3760 comites“
537 3698 663 3772 (huson.
687 3699 775 3782 epist.
799 3698 874 3762 XXI
897 3700 927 3777 2,
950 3699 1013 3780 40),
1036 3698 1291 3762 admiscerentur.
1336 3696 1440 3776 Quam
1463 3699 1588 3762 senten-

435 3957 458 4016 1)
476 3952 585 4008 Persius
606 3955 628 4018 1,
641 3954 689 4006 99:
708 3958 805 4018 „torva
825 3953 1003 4008 Mimalloneis
1021 3953 1169 4020 implerunt
1186 3969 1287 4008 cornua
1306 3953 1437 4008 bombis.“

437 4041 460 4107 ²)
479 4039 693 4106 Spondiazontes
724 4039 894 4094 hexametros
925 4047 1091 4106 quantopere
1119 4039 1307 4094 adamaverint
1336 4038 1459 4094 Catullus
1486 4038 1586 4105 aliique

365 4129 465 4193 poetae
484 4124 681 4178 Alexandrinos
700 4123 797 4189 socrati,
815 4125 883 4178 satis
902 4132 995 4178 rhotum
1014 4131 1064 4178 est.

435 4213 457 4276 ⁸)
477 4209 527 4278 Qui
546 4224 672 4262 numerus
693 4240 720 4247 -—
742 4225 803 4262 nam
822 4209 876 4282 pue'
891 4227 941 4279 pro
960 4209 997 4260 κε’
1012 4210 1154 4278 legendum
1168 4214 1210 4262 cst
1229 4241 1262 4249 -
1283 4209 1333 4263 hac
1346 4209 1465 4262 efficitur
1477 4209 1587 4262 ratioci-

366 4298 490 4350 natione:
511 4295 607 4364 prima.
628 4295 718 4354 tertie,
738 4295 832 4362 quinta
851 4295 966 4349 trimetri
985 4295 1064 4349 sedes
1083 4295 1178 4363 quinos
1196 4297 1331 4364 recipiunt
1344 4295 1433 4362 pedes,
1452 4294 1540 4347 altera
1558 4299 1587 4346 et

366 4384 465 4448 quarta
484 4387 589 4447 ternos3
608 4383 709 4447 argob
734 4407 739 4418 .
761 4383 778 4432 3
804 4383 847 4432 -ῐι
872 4410 877 4420 -
898 4383 916 4433 3
941 4408 945 4417 ·
968 4383 1129 4434 5:1125.

436 4469 458 4534 ⁴)
477 4466 547 4534 „llic
565 4480 650 4533 ganza
663 4465 751 4520 Lehre
768 4469 818 4532 (sc.
838 4466 870 4519 de
883 4467 1041 4532 schematis)
1060 4467 1096 4520 ist
1113 4468 1174 4521 eine
1189 4466 1370 4520 theoretische
1383 4465 1586 4534 l'einspinnerei

366 4551 415 4604 der
433 4553 506 4606 alten
526 4553 743 4606 Grammatilxer·‘·
772 4551 876 4604 iudicat
899 4551 991 4604 Clu-ist
1016 4551 1149 4604 ldetrilr²
1177 4570 1202 4620 p.
1225 4552 1281 4604 167.
1319 4551 1406 4616 Idem,
1435 4551 1531 4618 quibus
1559 4551 1585 4603 in

366 4639 487 4692 versibus
517 4638 573 4706 ipse
593 4638 752 4703 llomerunr,
780 4645 810 4690 ut
837 4653 896 4690 euru
917 4637 1044 4706 ltionysio
1069 4638 1130 4692 Hal.
1159 4637 1262 4704 loquar,
1290 4637 1532 4708 καινογραφοῦιπα
1558 4646 1587 4692 et
