3634 5240
944 392 985 457 84

855 485 1064 494 -——

349 637 482 702 perraro,
505 621 538 683 et
560 619 618 682 hoc
641 619 768 701 quidem
789 619 918 682 ornandi
942 617 1095 701 poematis
1119 617 1220 699 gratia
1243 616 1389 698 quintam
1409 615 1567 695 regionem

350 740 441 786 suam
475 723 604 804 spondio
638 723 805 787 concedat“
829 726 870 800 (r.
894 741 989 805 supra
1011 741 1041 803 p.
1065 719 1133 800 66);
1173 719 1292 783 Marius
1315 718 1430 782 Victor.
1459 737 1489 800 p.
1519 717 1569 791 53,

350 826 387 887 21
411 823 456 887 K:
486 824 685 902 „hexameter
710 843 818 890 versus
844 827 1017 888 metrorum
1043 823 1183 887 omnium
1213 821 1303 886 sinis
1330 841 1367 885 ac
1390 823 1569 891 summa“;

350 927 477 990 Mallius
504 927 616 992 Theod.
644 949 674 1012 p.
698 929 770 1004 589,
787 926 871 990 2οΚ
900 930 955 1006 (--
977 927 1065 990 Beda
1087 926 1124 990 de
1148 927 1214 989 arte
1237 925 1368 989 metrice
1389 943 1419 1006 p.
1443 921 1568 999 242,11

350 1049 396 1112 sq.
425 1029 487 1112 K):
515 1033 672 1108 „metrum
695 1030 884 1113 dactylicum
912 1030 1128 1094 hexametrum
1164 1078 1170 1092 .
1207 1077 1213 1091 .
1250 1077 1256 1090 .
1286 1027 1398 1092 ceteris
1425 1025 1570 1090 omnibus

349 1133 442 1214 longe
469 1133 670 1215 pulchrius
707 1133 919 1213 celsiusque
943 1135 1026 1206 est“;
1060 1136 1244 1216 Anonymus
1270 1133 1342 1214 post
1364 1128 1570 1194 Censorinum

349 1255 378 1318 p.
403 1236 475 1312 611,
492 1238 533 1298 24
556 1235 599 1299 K:
634 1236 796 1319 „primus
831 1238 879 1299 est
911 1237 944 1298 et
983 1236 1182 1318 legitimus
1218 1235 1383 1299 maxime
1417 1248 1570 1295 numerus

353 1339 534 1402 hexameter
557 1338 730 1402 heroicus“.

436 1441 536 1505 Venio
568 1459 652 1505 nuno
687 1441 725 1504 ed
757 1441 861 1505 locum
893 1443 925 1505 et
953 1441 1055 1524 ipsum
1090 1441 1316 1525 dactylioorum
1349 1439 1570 1522 rhythmorum

352 1543 462 1606 laudes
498 1544 725 1621 continentem,
759 1544 848 1607 cuius
880 1543 1078 1608 difficultates
1112 1544 1251 1608 nondum
1285 1561 1393 1606 omnes
1426 1540 1571 1624 expedivi.

351 1646 459 1710 Habes
490 1647 628 1710 enimin
652 1647 784 1728 Longini
813 1647 865 1728 qui
894 1647 992 1711 fertur
1025 1647 1119 1711 libelli
1156 1643 1232 1731 περὶ
1264 1639 1371 1730 ὕψους
1401 1663 1426 1708 o.
1449 1645 1490 1706 39
1514 1643 1572 1720 (erl.

351 1749 387 1813 0.
409 1750 508 1831 Jahn)
542 1750 631 1813 haec:
662 1743 787 1836 ὑψηλόν
819 1745 856 1833 γέ
887 1771 953 1813 που
986 1749 1075 1814 δοκεῖ
1106 1745 1220 1834 νόημα,
1249 1747 1305 1814 καί
1332 1741 1404 1812 ἔστι
1434 1749 1480 1833 τῷ
1503 1735 1572 1810 ἷίιπι

351 1847 547 1933 θαυμάσιον,
571 1840 589 1915 ὃ
611 1846 657 1937 τῷ
681 1837 869 1938 ψηφίσματι
893 1845 1146 1940 ὁΔημοσθένης
1169 1849 1321 1939 ἐπιφέρει
1337 1852 1387 1931 (de
1404 1869 1463 1914 eor.
1483 1849 1572 1929 188)·

352 1956 465 2032 ,μοῦτο
485 1944 523 2018 τὸ
547 1950 708 2041 ψήφισμα
730 1952 788 2020 τὸν
808 1951 883 2020 τότε
901 1959 942 2040 τῇ
965 1953 1063 2020 πόλει
1088 1952 1288 2042 περιστάντα
1312 1948 1459 2019 κίνδυνον
1485 1974 1571 2036 παρ-

352 2056 461 2121 ελθεῖν
476 2053 630 2143 ἐποίησεν
644 2051 756 2144 ὥσπερ
781 2055 904 2144 vepna
939 2049 1008 2122 ἀλλ’
1025 2051 1123 2144 αὐτῆς
1136 2061 1194 2142 τῆς
1209 2051 1356 2135 διανοίας
1370 2048 1425 2121 οὐκ
1440 2048 1574 2120 ἔλαττον

351 2161 391 2244 τῇ
413 2153 553 2246 ἁρμονίᾳ
577 2157 774 2246 πεφοίνηται.
821 2155 896 2225 ὅλον
917 2183 952 2224 τε
973 2153 1033 2247 γὰρ
1056 2157 1115 2225 ἐπὶ
1141 2163 1206 2226 τῶν
1228 2159 1427 2224 δακτυλικῶν
1448 2152 1574 2246 εἴρηται

354 2264 488 2346 ῥυθμῶν
500 2265 570 2344 -¹)
584 2256 800 2349 εὐγενέστατοι
818 2255 846 2328 δ’
860 2251 945 2328 olem
960 2262 1015 2328 καὶ
1029 2259 1259 2347 μεγεθοποιοί,
1276 2255 1329 2327 διὸ
1344 2254 1453 2327 καὶτὸ
1469 2256 1574 2349 ἡρῷον

353 2349 398 2428 ὧν
409 2359 504 2447 ἴσμεν
521 2362 734 2431 κάλλιστον
755 2363 870 2452 μέτρον
882 2369 1052 2432 συνιστᾶσι
1067 2403 1115 2445 ·-,
1133 2363 1171 2430 τό
1186 2388 1222 2430 τε
1244 2391 1263 2426 e
1287 2392 1305 2427 e
1329 2369 1388 2448 sl).
1412 2361 1575 2448 ἕπείτοιγε

352 2463 387 2532 ἐκ
408 2471 466 2552 τῆς
488 2462 575 2546 ἰδίας
597 2461 676 2532 αὐτὸ
698 2465 804 2553 χυίρας
825 2467 969 2551 μετάθες
984 2465 1064 2533 ὅπου
1083 2460 1124 2554 δὴ
1141 2466 1267 2546 ἐθέλεις
1288 2471 1403 2549 ,τοῦτο
1416 2459 1455 2533 τὸ
1473 2464 1576 2554 ψήφι-

352 2590 429 2652 σμα,
452 2565 565 2656 ὥσπερ
587 2568 692 2654 νέφος,
723 2567 861 2657 ἐποίησε
882 2563 938 2636 τὸν
964 2568 1037 2636 τότε
1046 2576 1070 2650 ³)
1094 2566 1237 2636 κίνδυνον
1264 2571 1472 2658 παριλθεῖνξ·
1494 2563 1516 2656 ἢ
1538 2562 1575 2654 νὴ

354 2669 421 2736 Δία
443 2669 522 2754 μίαν
541 2664 717 2758 ἀπόκοψον
734 2666 893 2760 συλλαβὴν
912 2672 1012 2757 μόνον
1026 2669 1186 2762 ,,έποίησε
1201 2674 1382 2760 παρελθεῖν
1393 2668 1437 2752 οἷς
1451 2670 1574 2760 etpost

352 2773 406 2839 καὶ
430 2767 509 2861 εἴση,
535 2772 640 2840 πόσον
661 2770 680 2862 ἡ
701 2770 841 2862 ἁρμονία
862 2780 909 2864 τῷ
931 2773 1010 2860 ὕψει
1034 2780 1171 2864 συνηχεῖ.
1205 2771 1284 2843 αὐτὸ
1306 2768 1367 2863 γὰρ
1388 2768 1426 2841 τὸ
1441 2771 1575 2860 ,ὥσπερ

352 2875 469 2962 νέφος(
485 2875 545 2942 ἐπὶ
558 2883 682 2964 μακροῦ
696 2883 751 2944 τοῦ
766 2877 898 2964 πρώτου
914 2883 1041 2967 ῥυθμοῦ
1056 2878 1182 2967 βέβηκε,
1206 2877 1339 2964 τέτρασι
1356 2901 1575 2966 καταμετρου-

352 2976 450 3062 μένου
476 2978 654 3064 χρόνοιςί)
682 2979 908 3070 ἐξαιρεθείσης
934 2983 971 3048 δὲ
997 2988 1055 3070 τῆς
1076 2987 1156 3065 μιᾶς
1185 2982 1345 3066 συλλαβῆς
1372 2977 1435 3062 „uie
1461 2979 1573 3068 υέηυς“

353 3074 449 3160 εὐθὺς
471 3074 704 3171 ἀκρωτηριάζει
727 3080 746 3170 ἡ
769 3080 916 3172 συγκοπὴ
931 3078 969 3150 τὸ
984 3086 1135 3171 μέγεθος.
1166 3081 1209 3164 ὡς
1231 3081 1383 3169 ἔμπαλιν,
1407 3076 1462 3149 ἐὰν
1477 3081 1575 3148 ἐπεκ-

352 3180 456 3274 τείνης
477 3187 680 3272 ,,παρελθεῖν
703 3184 863 3276 ἐποίησεν,
885 3183 1027 3275 ὡσπερεὶ
1050 3186 1176 3276 νέφος“,
1199 3181 1237 3255 τὸ
1257 3180 1336 3252 αὐτὸ
1359 3183 1515 3275 σημαίνει,
1540 3178 1575 3251 ου’·

352 3280 391 3354 τὸ
413 3280 492 3354 αὐτὸ
525 3287 562 3354 δέ
591 3285 639 3355 ἔτι
662 3290 895 3379 προσπίπτει·
918 3287 968 3358 ὅτι
998 3295 1044 3378 τῷ
1076 3289 1171 3378 μήκει
1205 3296 1270 3356 τῶν
1291 3282 1397 3378 ἄκρων
1419 3287 1540 3378 χρόνων
1550 3293 1575 3371 ⁵)

354 3389 554 3458 συνεκλίεται
576 3391 630 3458 καὶ
654 3393 849 3476 tappetem
871 3387 911 3461 τὸ
934 3391 1020 3480 ὕψος
1040 3387 1080 3460 τὸ
1102 3387 1283 3478 ἀπότομον.

427 3619 447 3682 ¹)
467 3615 523 3670 lam
543 3615 668 3671 hocloco
691 3617 862 3685 parenthesis
885 3617 989 3685 incipit,
1013 3635 1065 3672 non
1091 3633 1130 3684 eo,
1156 3633 1208 3684 quo
1227 3616 1343 3684 Spengel
1363 3620 1391 3668 ot
1408 3614 1480 3668 Jahn
1500 3613 1574 3669 volu-

354 3707 441 3766 errent,
469 3707 532 3769 port
554 3703 744 3773 μεγεθοποιοί.
782 3704 929 3758 Praeterea
953 3702 1219 3756 animadvertendum
1242 3707 1284 3756 est
1302 3701 1459 3769 scriptorem
1490 3701 1574 3754 libelli

356 3805 407 3840 non
426 3788 566 3855 scripsisse
584 3806 607 3841 e.
626 3805 650 3856 g.
669 3793 699 3840 ἐκ
717 3789 775 3840 τιῦν
794 3785 871 3841 Bane.
892 3789 914 3860 (i.
934 3787 1081 3860 σύγκειται,
1101 3789 1147 3842 sed
1166 3792 1222 3840 ἐπὶ
1240 3788 1298 3839 τῶν
1315 3783 1339 3840 ὃ.
1358 3784 1463 3856 εἴρηται
1482 3785 1505 3858 pl.

424 3875 448 3936 ⁹)
466 3873 532 3927 Post
550 3873 582 3925 τό
601 3893 631 3924 τε
650 3875 778 3929 nonnulla
797 3877 879 3929 verim
897 3873 1067 3928 intercidisse
1087 3879 1160 3943 puto,
1179 3889 1290 3942 qnorum
1304 3873 1416 3941 primurn
1432 3871 1504 3925 haud
1518 3871 1573 3925 scio

355 3975 389 4012 an
415 3959 497 4011 luerit
520 3955 603 4013 τέλος.
644 3959 717 4013 Bene
740 3960 808 4014 enim
832 3961 929 4030 opponi
954 3965 1102 4027 potuerunt
1124 3955 1191 4013 ὅλον
1213 3979 1243 4010 τε
1265 3957 1317 4031 γιίρ
1341 3964 1369 4013 et
1392 3957 1425 4010 τό
1443 3977 1474 4008 τε
1490 3953 1574 4010 τέλος.

354 4045 497 4098 Sententia
512 4045 713 4111 deperditarum
728 4047 866 4101 vorborum
882 4046 932 4099 luit
945 4047 1001 4098 fere
1016 4045 1093 4098 haec:
1113 4044 1145 4098 τό
1158 4042 1296 4115 uetustos
1307 4045 1349 4111 τῷ
1360 4041 1423 4113 ὕψει
1437 4042 1574 4110 compet).

423 4135 447 4196 ³)
466 4131 511 4184 Sic
529 4130 647 4196 codicem
667 4147 736 4198 qrrne
754 4132 836 4185 lectio
855 4133 877 4184 si
897 4132 1006 4198 integra
1024 4135 1074 4192 est,
1092 4135 1211 4200 apparet
1231 4128 1503 4196 Pseudo-Longinum
1523 4129 1573 4181 hoc

354 4217 412 4270 loco
430 4215 551 4270 omisisse
570 4217 652 4270 verbs
670 4218 704 4288 τῇ
722 4214 800 4270 πόλει
818 4216 997 4288 περιστάντα.

422 4304 446 4367 ⁴)
465 4301 626 4356 Elfieiuntur
645 4303 726 4370 igitur
744 4303 888 4356 secundum
908 4302 1177 4371 Pseudo-Longinum
1203 4303 1293 4360 verbis
1312 4299 1407 4369 ὥσπερ
1425 4301 1509 4371 νέφος
1522 4301 1575 4356 duo

354 4387 482 4457 rhythmi,
502 4387 527 4440 id
547 4393 589 4441 ost
606 4388 704 4457 pedes:
726 4429 744 4437 -
756 4427 792 4457 -‚
817 4425 831 4440 c
845 4412 879 4454 v,
898 4403 1010 4456 qnorum
1029 4391 1105 4458 prior
1126 4427 1144 4436 -
1156 4429 1177 4436 -
1197 4393 1239 4443 est
1257 4387 1437 4462 τετράσημος.

421 4475 443 4540 ⁵)
462 4473 558 4542 ἄκρων
581 4471 695 4542 χρόνον
719 4489 777 4526 enm
803 4474 870 4527 elicit
893 4475 1157 4542 Pseudo-Longinus,
1187 4491 1239 4528 non
1263 4480 1320 4528 tem
1343 4477 1481 4528 extremas
1506 4473 1573 4527 dues

358 4559 478 4628 syllabas
497 4559 640 4624 intellegit,
660 4573 721 4612 nem
741 4558 793 4612 hee
812 4560 887 4628 ipsae
907 4561 1000 4614 breves
1018 4567 1082 4614 sunt
1105 4595 1120 4612 ο
1136 4583 1170 4628 ε,
1190 4575 1268 4628 qnam
1287 4559 1469 4628 paenultimns
1481 4555 1576 4630 ὥσπερ

354 4643 470 4712 etipse).
