3560 5242
1030 396 1071 456 80

435 616 566 698 colligas
599 617 790 700 colloquium
819 617 945 683 Caecilii
975 617 1107 682 Minucii
1135 617 1257 682 Octavii
1292 615 1360 680 rivo
1386 614 1543 680 Frontone
1572 616 1661 680 habi-

438 721 507 781 tum
535 738 604 783 esse
630 756 666 764 -
691 737 886 801 quamquam
913 739 976 784 non
1001 720 1179 785 necessario
1204 717 1283 782 illud
1313 717 1525 799 colligendum
1547 722 1596 784 est
1620 757 1659 764 —-

437 821 512 902 quid
536 822 700 902 sequitur?
744 821 934 888 Frontonem
957 823 996 888 ad
1019 841 1138 888 annum
1163 823 1223 884 175
1248 821 1373 896 vixisse,
1402 821 1478 903 quin
1501 822 1596 886 etiam
1620 822 1662 886 ud

436 941 557 988 annum
590 926 650 987 180
685 925 789 989 vivere
824 925 965 1008 potuisse
996 925 1053 988 Th.
1090 925 1319 989 Mommsenius
1333 925 1356 1005 ¹)
1389 922 1504 988 docuit.
1560 925 1663 987 Erant

438 1029 544 1090 autem
573 1025 716 1104 Octavio,
749 1028 804 1108 qui
838 1046 936 1109 aeque
970 1030 1066 1110 atque
1093 1028 1250 1092 lllinucius
1285 1026 1477 1108 aliquamdiu
1512 1027 1661 1091 causidici

432 1147 567 1193 munere
592 1129 718 1194 functus
742 1131 806 1212 (28,
823 1132 842 1194 2
858 1131 942 1211 sqq.)
959 1133 991 1194 et
1013 1133 1122 1214 postea
1137 1129 1335 1196 Christianus
1359 1129 1463 1194 iactus
1486 1133 1534 1194 est
1557 1131 1599 1210 (1,
1617 1133 1662 1208 4),

436 1250 474 1294 eo
502 1235 657 1315 tempore,
686 1252 747 1314 quo
775 1233 868 1296 amici
895 1233 940 1296 illi
969 1233 1052 1297 inter
1079 1252 1113 1296 se
1140 1232 1285 1297 collocuti
1308 1236 1396 1308 sunt,
1424 1232 1548 1314 parvuli
1571 1232 1663 1296 liberi

439 1332 482 1408 (2,
508 1333 548 1412 l).
597 1334 766 1416 Aliquanto
792 1335 932 1417 'denique
965 1340 1037 1418 post
1064 1334 1186 1400 Octavii
1219 1339 1352 1400 mortem
1382 1335 1541 1399 Minucius
1569 1336 1663 1400 collo

437 1435 548 1516 quium
571 1435 647 1500 illud
670 1437 782 1500 litteris
805 1437 969 1502 mandavit
990 1439 1034 1514 (1,
1057 1439 1073 1500 l
1098 1443 1190 1520 sqq).
1236 1437 1354 1516 Quodsi
1376 1437 1545 1502 statuimus
1568 1439 1664 1502 collo-

437 1537 549 1618 quium
572 1557 653 1603 annu
679 1540 740 1602 110
764 1533 906 1604 habitum
930 1559 997 1604 esse
1022 1577 1062 1588 -
1086 1559 1279 1630 quamquam
1303 1559 1385 1605 anno
1410 1540 1481 1616 180,
1505 1540 1545 1604 ad
1566 1561 1663 1622 quem

323 1705 326 1712 ,
438 1641 515 1703 vixit
538 1641 663 1718 Fronto,
686 1642 793 1716 haberi
816 1643 981 1724 potuit-
1004 1663 1094 1727 porro
1117 1644 1144 1706 si
1166 1643 1333 1727 opinamur
1357 1642 1525 1708 Octavium
1548 1649 1580 1708 et
1604 1645 1663 1707 dli-

438 1743 569 1807 nucium
592 1750 661 1808 tum
686 1745 896 1827 quadraginta
919 1765 1017 1810 annos
1040 1749 1130 1810 natos
1146 1745 1243 1810 fuisse
1260 1747 1354 1827 atque
1370 1746 1452 1808 inter
1467 1745 1663 1826 colloquium

433 1851 470 1910 et
494 1845 662 1910 Octavium
692 1849 902 1930 compositum
931 1849 1062 1930 triginta
1089 1866 1188 1912 annos
1215 1847 1395 1912 interiectos
1419 1849 1664 1928 0000311800-

437 1949 515 2012 cius·
537 1951 738 2032 septuaginta
766 1967 864 2016 annos
893 1953 988 2015 natus
1022 1969 1103 2014 anno
1134 1949 1196 2012 200
1230 1951 1374 2015 libellum
1403 1969 1497 2014 suum
1525 1952 1661 2034 scripsit.

434 2050 531 2115 'Circa
564 2051 648 2116 idem
676 2057 782 2117 autem
809 2057 935 2138 tempus
964 2053 1178 2118 Tertullianus
1206 2053 1444 2137 Apologeticum
1477 2057 1663 2136 composuit.

438 2173 534 2235 quem
562 2155 678 2219 librum
701 2154 849 2238 Capellus
877 2175 960 2222 anno
984 2155 1059 2232 196,
1089 2155 1427 2229 800001001100191,
1456 2153 1662 2220 Mosheimius

309 2315 314 2324 .
442 2257 513 2332 198,
537 2257 720 2322 Noesseltus
744 2260 776 2321 et
798 2257 1040 2341 Hcsselbergius
1065 2260 1135 2334 199,
1158 2258 1330 2332 Pamelius‚
1358 2258 1388 2321 le
1410 2258 1554 2340 Nourry,
1582 2260 1665 2324 Uhl-

439 2359 583 2436 homins,
607 2360 856 2442 Boehringerus‚
879 2361 1041 2426 Hauclrius
1065 2361 1137 2436 200,
1160 2360 1331 2425 Kellnerus
1355 2361 1433 2435 201,
1456 2359 1571 2425 Canius
1588 2363 1664 2437 202,

438 2461 464 2524 Ι.
490 2462 605 2546 Cayius
634 2463 727 2545 paulo
755 2468 826 2548 post
855 2482 974 2528 annum
1003 2466 1082 2540 204,
1110 2463 1243 2527 Allirius
1267 2463 1328 2525 211
1359 2463 1392 2525 in
1415 2463 1519 2528 lucem
1541 2463 1665 2527 editum

434 2584 508 2656 ¹esse
532 2568 734 2630 censuerunt.
772 2564 875 2644 Quam
898 2567 932 2630 in
955 2567 1172 2649 quaestionem
1195 2565 1376 2648 diligentius
1398 2566 1555 2647 inquirere
1578 2567 1664 2643 nolo,

439 2687 512 2760 cum
536 2669 723 2750 praesertim
746 2689 785 2734 ne
808 2669 854 2734 ita
876 2669 1012 2750 quidem,
1036 2670 1063 2734 si
1086 2669 1192 2733 Alliuii
1214 2669 1372 2734 sententia
1395 2687 1467 2732 vera
1490 2668 1541 2744 sit,
1565 2689 1664 2750 quam

439 2789 532 2835 nemo
566 2770 669 2835 adhuc
702 2773 860 2854 probavit,
891 2777 1055 2853 sequatur,
1089 2777 1125 2836 ut
1159 2771 1307 2837 Octavius
1341 2771 1427 2854 prius
1461 2771 1664 2854 Apologetico

439 2873 575 2956 scriptus
609 2873 658 2937 sit.
714 2874 797 2937 Nam
832 2877 859 2938 si
891 2874 1060 2940 statuimus
1095 2875 1285 2956 colloquium
1319 2892 1401 2938 anno
1433 2873 1494 2935 114
1526 2909 1563 2919 -
1594 2875 1664 2937 vivo

312 3019 317 3024 -
438 2977 650 3040 Frontone-
668 2977 812 3040 habitum
835 2996 913 3054 esse,
937 2976 1110 3042 Minucium
1134 2981 1203 3041 tum
1226 2976 1422 3041 tricesimum
1445 2975 1527 3040 vitae
1543 2995 1664 3040 annum

442 3079 560 3160 egisse,
584 3077 750 3144 Octavium
773 3079 983 3162 quadraginta
1004 3080 1105 3144 tribus
1129 3080 1220 3144 annia
1243 3081 1315 3162 post
1336 3079 1451 3143 litteris
1475 3078 1663 3143 mandatum

438 3199 522 3257 esse,
545 3181 702 3246 Minucius
726 3183 928 3265 septuaginta
943 3186 1006 3248 tres
1023 3201 1121 3246 annos
1137 3186 1231 3246 natus
1247 3200 1329 3246 anno
1345 3182 1406 3243 211
1422 3202 1453 3266 p.
1471 3181 1504 3246 C.
1520 3181 1664 3246 libellum

439 3283 587 3359 absoluit,
610 3283 668 3347 hoc
691 3286 740 3347 est
762 3286 873 3349 codem
896 3305 993 3362 anno,
1017 3305 1079 3368 quc
1095 3286 1228 3350 Allinius
1243 3284 1484 3368 Apclcgeticum
1508 3284 1663 3367 scripturn

439 3404 508 3450 esse
533 3387 687 3469 opinatur.
731 3388 819 3451 Adde
843 3407 943 3452 unum
966 3407 1084 3452 annum
1107 3388 1317 3471 quadraginta
1332 3387 1432 3450 tribus
1448 3385 1526 3450 illis:
1550 3387 1665 3469 Apulo

440 3489 578 3570 geticum
603 3492 675 3553 ante
699 3489 866 3555 Octavium
889 3491 1096 3573 compositum
1120 3492 1187 3554 erit.
1232 3489 1318 3554 Nihil
1341 3491 1426 3553 enim
1448 3489 1562 3566 obstat,
1586 3491 1663 3571 quin

440 3592 630 3656 arbitremur
651 3593 734 3657 inter
756 3593 945 3674 colloquium
969 3593 1112 3657 habitum
1135 3598 1167 3657 et
1189 3591 1302 3656 litteris
1326 3589 1514 3656 mandatum
1536 3591 1662 3673 longius

439 3695 590 3777 temporis
615 3696 754 3778 spatium
775 3695 999 3760 intercessisse.
1036 3695 1185 3760 Ceterum
1207 3696 1330 3759 etiamsi
1345 3693 1456 3759 fictum
1472 3696 1556 3758 esset
1570 3695 1663 3758 collo-

439 3797 550 3878 quium
584 3797 679 3874 illnd,
714 3799 795 3880 quod
831 3799 897 3862 sine
931 3798 1015 3861 insta
1047 3817 1144 3862 causa
1176 3796 1333 3862 Schultzio
1361 3795 1394 3879 (l.
1417 3815 1443 3860 a
1472 3815 1502 3879 p.
1527 3796 1602 3876 505)
1632 3799 1663 3860 et

439 3899 586 3963 Kuehnio
609 3901 644 3980 (l.
668 3920 694 3963 c.
718 3920 747 3983 p.
765 3901 796 3980 7)
819 3901 922 3965 risum
945 3904 994 3965 est
1015 3901 1065 3978 (cf.
1083 3899 1243 3964 Schuenk.
1259 3898 1279 3963 l.
1296 3917 1321 3963 0.
1338 3919 1368 3982 p.
1385 3898 1464 3973 286;
1488 3897 1661 3963 Baehrens.

439 3999 460 4066 l.
484 4021 510 4065 c.
534 4001 631 4084 prael.
655 4023 684 4084 p.
708 4001 769 4065 VII
793 4003 893 4083 adn),
922 4007 1029 4068 tamen
1057 4021 1138 4068 anno
1161 4002 1224 4066 fere
1249 4003 1311 4065 200
1334 4000 1384 4065 vel
1407 4001 1568 4082 aliquanto
1590 4005 1662 4084 post

439 4123 493 4187 pro
525 4105 725 4181 auctoritate,
760 4124 856 4187 quam
883 4105 998 4170 1101110
1026 4105 1156 4188 eiusque
1183 4106 1300 4189 scripta
1328 4105 1426 4169 etiam
1453 4107 1522 4168 tum
1544 4103 1662 4168 habue-

439 4208 527 4284 runt,
550 4207 706 4272 Minucius
729 4226 780 4284 ea,
804 4207 841 4272 de
866 4208 980 4289 quibus
1004 4208 1121 4290 agitur,
1143 4209 1238 4273 rerba
1261 4208 1396 4273 scribere
1419 4207 1531 4291 potuit.

511 4467 530 4526 ¹)
551 4463 643 4517 llerrn.
663 4462 725 4516 l'lll
748 4464 814 4517 1814
833 4478 858 4530 p.
878 4464 937 4516 198.

439 4617 443 4626 ¹
511 4551 532 4617 ⁹)
557 4548 730 4604 Schwenkius
762 4547 856 4617 viginti
885 4549 1001 4617 quinque
1032 4562 1116 4602 annos
1144 4545 1301 4604 interiectos
1328 4559 1388 4620 esse
1414 4551 1510 4616 putat,
1537 4547 1659 4601 lleimios

440 4635 544 4703 viginti.
