3546 5236
729 443 941 540 „et-

311 635 353 702 de
382 636 432 702 ire
460 636 491 700 lI
515 638 568 721 34,
591 639 627 702 4:
664 659 758 722 pram
784 659 875 722 caepe
901 641 1021 702 ocniam
1048 641 1100 721 qiti
1126 641 1245 721 nepeeit
1268 641 1363 722 petit
1390 637 1451 716 (sic

217 744 323 828 Art,
342 747 432 829 petiit
454 743 627 824 Gertrius).
1012 775 1017 786 ·

310 851 424 934 11136,
445 856 475 916 1:
498 859 613 916 notare
630 854 782 936 patienter
805 848 950 937 (sensus)
972 857 1053 932 eant,
1077 853 1106 916 si
1127 853 1252 916 animno
1274 853 1343 916 illoc
1357 853 1453 916 derit

215 956 284 1042 (eie
307 957 376 1042 ΑΡ,
399 959 511 1022 decimi
531 956 568 1040 L,
591 959 682 1024 deeiit
704 957 860 1044 editores)
884 977 1089 1042 connmpere.

311 1063 354 1128 sd
372 1064 471 1131 Marc.
492 1068 517 1147 1,
535 1067 569 1130 i:
594 1067 702 1130 tertios
720 1069 783 1132 iom
804 1067 988 1151 praeterit
1008 1064 1070 1148 (sic
1085 1064 1154 1149 ΑΡ,
1163 1067 1326 1150 praeteriit
1339 1064 1450 1149 vulgo)

216 1193 333 1253 annm,
356 1193 426 1236 mm
448 1173 570 1236 interim
592 1173 669 1236 nibil
690 1194 730 1237 ea
747 1176 853 1257 primo
875 1174 927 1238 illo
950 1174 1055 1256 inpete
1077 1173 1192 1237 cecidit.

316 1280 364 1363 13,
388 1279 424 1344 2:
453 1281 535 1344 idem
559 1287 662 1344 temen
685 1278 880 1363 (Pulvillus),
902 1285 937 1344 nt
958 1280 1057 1343 redit
1079 1278 1141 1360 (sie
1163 1277 1232 1363 ΑΡ,
1255 1279 1347 1343 rediit
1369 1277 1396 1341 F
1420 1285 1453 1344 et

217 1385 377 1466 editores)
400 1386 537 1468 domam,
562 1393 591 1450 et
611 1389 735 1470 inplevit
756 1388 860 1452 emim
883 1393 912 1450 et
933 1387 1054 1470 adquae
1069 1386 1189 1466 flebiles
1210 1406 1297 1450 eoeee
1320 1387 1404 1450 misit
1425 1393 1455 1449 et

216 1495 353 1578 peractio
383 1513 462 1576 artae
492 1513 559 1558 mos
591 1501 658 1558 erat
685 1501 848 1578 praeclare
880 1493 1032 1576 deftmctie
1063 1493 1105 1556 ad
1135 1491 1341 1576 Capitolinam
1367 1493 1454 1557 mam

216 1601 321 1664 redit
344 1598 407 1682 (sic
430 1597 532 1683 ΑΡΡ,
553 1601 647 1664 rediit
669 1599 823 1676 editores)
845 1602 970 1664 enimn.

316 1709 364 1790 14,
392 1707 427 1772 3:
463 1707 497 1772 0.
528 1706 658 1788 Cercar,
695 1727 766 1772 crim
796 1707 995 1771 Britanniam
1025 1712 1211 1789 peroptaret
1244 1727 1300 1770 nee
1333 1704 1453 1772 Oceano

216 1815 376 1878 continere
391 1815 573 1898 felicitatem
599 1835 688 1878 niam
710 1821 825 1897 portet,
856 1813 962 1878 aedit
985 1809 1062 1896 (aad
1083 1813 1108 1875 it
1129 1811 1167 1896 Α,
1189 1813 1277 1876 credit
1297 1811 1333 1896 P,
1356 1814 1456 1878 midiit
1561 1813 1568 1824 '

222 1919 366 1986 editores
379 1927 456 2004 post
469 1919 668 2000 Fickertum)
691 1922 856 1985 decessisse
870 1921 974 2001 filiam
992 1918 1116 2002 publico
1138 1939 1240 1983 rernm
1252 1923 1327 2002 sala
1344 1921 1454 1984 decen

220 2035 292 2091 lein.
330 2032 363 2092 et
377 2025 489 2110 paullo
504 2025 655 2092 inferius:
680 2035 782 2092 tamen
803 2029 888 2092 intro
911 2027 1034 2090 tertiam
1056 2027 1137 2090 dien
1159 2028 1359 2110 imperatoria
1381 2026 1455 2092 obit

223 2133 274 2214 (ob
303 2135 328 2197 it
355 2135 392 2216 Α,
421 2133 482 2198 obit
504 2133 539 2216 P,
567 2133 640 2198 obiit
667 2131 822 2218 editores)
854 2131 962 2198 mimia
994 2139 1023 2196 et
1050 2139 1112 2197 mm
1139 2135 1197 2197 cito
1224 2133 1360 2198 dotorem
1385 2136 1456 2198 eicit

218 2261 315 2324 ortem
337 2243 441 2304 mnnia
462 2241 585 2306 solebat.

316 2349 365 2432 16,
384 2349 419 2413 5:
443 2349 508 2412 iam
530 2367 599 2411 mm
616 2351 750 2430 sormna
771 2349 805 2412 io
821 2349 965 2430 pretione,
989 2347 1121 2427 Marcia,
1145 2349 1317 2428 reverteris,
1342 2348 1453 2427 nitela,

218 2475 301 2538 qnae
315 2457 348 2517 in
363 2453 519 2538 Scipiones
535 2453 770 2538 Scipionmnqne
782 2461 898 2519 matres
912 2455 1035 2536 etfiliae
1049 2455 1157 2536 eoepit,
1181 2454 1290 2537 qubus
1306 2453 1456 2518 Caesareo

215 2563 314 2646 petit
336 2560 399 2640 (sie
421 2560 522 2644 ΑΡΡ,
541 2563 631 2645 petiit
654 2558 820 2644 editores),
842 2583 881 2625 ne
903 2583 924 2626 c
946 2568 975 2626 te
997 2562 1118 2646 quiden
1140 2563 1305 2626 coittinaitt
1443 2625 1452 2662 ,

313 2669 365 2751 20,
390 2669 425 2732 2:
452 2669 526 2733 baec
553 2669 665 2749 (mors)
694 2676 748 2750 ert,
777 2689 869 2752 qaam
892 2676 985 2753 pater
1012 2675 1082 2733 iniis
1104 2669 1274 2752 concepit
1301 2668 1453 2753 (concipit

220 2773 253 2837 A
266 2794 308 2839 m.
327 2775 439 2839 1.-2,
463 2773 638 2839 secondum
662 2773 839 2858 Gerteium,
862 2777 1036 2859 concipioit
1058 2774 1095 2853 P,
1118 2777 1270 2859 conmpiil
1291 2773 1457 2854 editores),

314 2882 366 2959 21,
395 2884 428 2945 l:
454 2883 548 2946 nimie
572 2889 672 2946 tomen
694 2883 752 2947 cito
771 2885 873 2966 perit
901 2881 960 2960 (ito
983 2881 1053 2965 ΑΡ,
1076 2883 1172 2965 periit
1193 2880 1220 2944 Ρ
1244 2888 1277 2946 et
1300 2879 1455 2961 editores)

223 2995 254 3050 et
273 2990 460 3052 innecterent.

315 3096 367 3176 24,
390 3097 428 3159 5:
456 3098 556 3177 imopo
580 3095 742 3160 damtacot
755 3097 819 3176 filii
842 3097 887 3160 toi
909 3097 1011 3179 perit
1038 3094 1100 3175 (ita
1123 3093 1192 3175 ΑΡ,
1215 3096 1311 3177 periit
1332 3093 1457 3178 vulgo).

316 3198 357 3264 de
385 3207 510 3284 tranqu.
538 3220 590 3268 an.
620 3204 650 3285 2,
681 3205 736 3268 lb:
762 3203 895 3285 fastidio
924 3221 989 3266 ecee
1019 3202 1081 3265 illie
1113 3203 1211 3286 eoepit
1240 3204 1302 3266 aila
1333 3209 1363 3265 et
1392 3204 1458 3286 ipre

225 3309 360 3372 ciendae
386 3315 415 3372 et
441 3309 540 3372 rabit
567 3307 648 3391 (ΑΡ,
676 3309 768 3372 enbiit
796 3306 938 3373 editores
961 3313 1036 3393 poet
1058 3305 1204 3392 Lipsium
1228 3309 1352 3388 omnes)
1381 3309 1459 3372 illnd

220 3414 400 3480 labidcinm
422 3416 617 3480 deliciosam:
645 3435 799 3499 prompte
822 3416 946 3480 eodeni

318 3523 368 3606 16,
392 3523 427 3586 21
458 3524 487 3586 ei
512 3522 701 3586 muliebriter
727 3529 757 3586 et
778 3524 885 3604 ipnam
908 3524 1078 3606 perierant,
1106 3523 1184 3586 nibil
1204 3523 1308 3605 perit
1335 3517 1457 3606 (itari,

220 3631 320 3712 periit
341 3627 415 3694 libri
438 3629 635 3695 recentiores
660 3635 692 3694 et
716 3627 881 3708 editores).

316 3733 358 3799 de
387 3733 501 3801 brevit
530 3735 585 3800 vit
616 3739 666 3818 15,
695 3737 731 3800 5:
769 3737 907 3800 transit
938 3731 1064 3818 (tramit
1091 3733 1129 3818 Α,
1161 3732 1248 3817 quod
1281 3731 1458 3800 seeundum

223 3841 391 3907 Gertzium
415 3842 482 3908 elie
496 3861 611 3907 menas
625 3841 659 3906 in
674 3843 807 3908 transilit
820 3841 966 3924 mutavit,
990 3843 1132 3906 tramicit
1146 3839 1239 3906 codd.
1253 3840 1458 3924 recentiores,

221 3949 351 4015 tromiit
372 3948 554 4032 Fickertus,
569 3947 722 4032 Hcasius,
736 3947 899 4028 Gertzius)
924 3956 1041 4033 tempas
1064 3933 1195 4032 olidmd,
1219 3949 1274 4012 boc
1297 3946 1457 4033 (sopiens)

222 4058 438 4122 recordatione
460 4057 647 4140 conprendit.

319 4164 370 4246 11,
392 4159 478 4248 5⁸³)
507 4164 601 4227 iodea
623 4163 718 4228 derit
741 4163 891 4244 (desilit,
922 4160 1010 4245 qood
1033 4181 1073 4227 m.
1091 4164 1117 4226 1.
1141 4160 1174 4226 in
1197 4163 1286 4226 desiit
1308 4159 1459 4242 mutarit)

221 4289 302 4350 eree,
327 4271 481 4352 mmeeitor
503 4277 557 4334 eet.

319 4460 355 4530 ⁸¹)
373 4463 402 4516 in
422 4463 518 4520 eedem
537 4463 713 4534 peregrapho
734 4463 820 4518 etiem
839 4466 957 4519 dommus
975 4461 1104 4532 (decimus
1119 4465 1151 4530 A.
1171 4465 1320 4518 desinimus
1334 4464 1358 4515 A
1373 4480 1410 4517 ιιι.
1422 4463 1459 4530 3.)

226 4569 276 4622 pro
300 4554 431 4606 deotimus
456 4552 599 4608 invenitur
625 4557 658 4608 ut
681 4553 715 4608 ad
745 4553 823 4608 Helv.
847 4554 886 4618 10,
907 4555 923 4607 3
946 4557 1100 4622 repetimus,
1127 4552 1201 4622 quod
1228 4569 1290 4606 eum
1315 4549 1407 4620 Lipsio
1430 4551 1460 4605 in

227 4644 386 4712 repetiimus
409 4645 518 4697 mutere
541 4641 692 4698 nonlicet.
729 4645 847 4698 desimus
870 4645 962 4698 exstet
984 4643 1070 4698 etism
1093 4659 1136 4713 ep.
1159 4659 1226 4697 mor.
1245 4641 1309 4696 XIV
1327 4641 1353 4708 2,
1372 4642 1405 4696 31
1431 4641 1461 4695 in

226 4731 251 4784 B
268 4749 305 4784 m.
328 4733 349 4785 1.

1260 4801 1295 4858 91
