3548 5256
933 435 978 500 62

342 632 458 698 3517
487 627 652 716 Καδμείη
675 635 769 716 νίκη·
826 628 864 694 S:
895 629 1062 716 Καδμεία
1091 635 1185 718 νίκη·
1217 628 1238 717 ἡ
1268 635 1412 716 παροιμία
1439 628 1487 694 ἐπὶ
1512 618 1571 717 τῆς

343 738 392 804 ἐπὶ
405 751 461 804 τών
475 735 657 810 ἀλυσιτελῶς
669 741 772 801 νικών-
826 735 1010 810 ἀλυσιτελοῦς
1042 743 1138 825 νίκης·
1171 737 1200 801 οἱ
1231 744 1282 824 μέν
1312 736 1374 802 ἐπεὶ
1404 733 1570 823 Ἐτεοκλῆς

342 869 409 911 των.
455 847 523 910 ἕκοι
561 847 669 930 ταώτην
708 847 772 927 περί
824 849 878 908 καὶ
902 843 1084 931 Πολυνείκης
1107 854 1346 932 μονομαχοῦντες
1358 849 1517 910 πίπτουσιν.
1541 845 1571 907 οἱ

344 951 439 1039 (παρὰ
451 949 495 1038 Α)
510 948 772 1022 Ἑτεοκλέοοςκαὶ
825 953 857 1014 δὲ
879 950 927 1016 ἐπί
948 964 1005 1015 τών
1027 950 1100 1015 ἑπτὰ
1122 949 1150 1016 οἱ
1172 952 1217 1016 ἐπ’
1236 952 1373 1039 Ἀθήνας
1387 950 1462 1036 (sic)
1478 973 1571 1034 στρα-

345 1058 541 1131 Πολονείκοος
570 1062 660 1146 φασὶν
689 1054 771 1144 εἰρη-
823 1060 1005 1138 τεδσπντες“)
1028 1057 1222 1133 είλοναώτάς,
1245 1058 1287 1132 ώς
1300 1083 1325 1123 τι
1340 1057 1375 1146 (Ι.
1388 1057 1475 1143 ὥστε)
1489 1061 1571 1143 ἔχειν

343 1171 425 1232 σθω.
440 1165 577 1251 ἕτεραδὲ
592 1169 659 1249 περὶ
673 1162 771 1249 (παρὰ
824 1161 930 1239 αἰποδς
966 1165 1119 1252 ἀλοσιτελῆ
1156 1171 1209 1251 την
1249 1175 1333 1252 κ’κην
1373 1165 1571 1236 ἀπολέσαντες

344 1273 389 1352 Α)
415 1270 573 1345 Οἰδίποδος
596 1278 713 1355 γνδντος
735 1276 769 1335 τὸ
825 1269 859 1358 (λ
887 1271 1103 1360 ἀπολέσαντας)
1134 1276 1202 1346 τοὺς
1237 1279 1373 1358 πατέρας.
1419 1272 1506 1337 ἄλλοι
1538 1274 1572 1335 δὲ

342 1393 398 1467 της
420 1379 548 1468 Σφιγγὸς
573 1379 692 1467 αἴνιγμα
718 1383 770 1444 καὶ
825 1378 970 1459 <ὅιτ>
993 1385 1027 1444 τὸ
1042 1379 1168 1468 Σφιγγὸς
1192 1379 1309 1468 αἴνιγμα
1332 1384 1434 1452 συνιεὶς
1456 1376 1572 1444 601&-

344 1489 392 1552 διὰ
418 1491 452 1552 τὸ
481 1485 660 1574 ἑρμηνεῦσαι
685 1496 770 1551 τοῦτο
824 1508 898 1560 ποσς
920 1491 971 1551 καί
994 1493 1116 1574 νικιίρας
1139 1487 1252 1568 ἀγνοῶν
1274 1485 1365 1573 ἔγημε
1387 1491 1440 1573 τὴν
1466 1484 1571 1549 ἑαυτοῦ

343 1601 526 1682 νικήσαντος.
558 1593 648 1659 ἄλλοι
670 1595 701 1658 δέ
723 1593 772 1658 έπὶ
825 1598 948 1680 μητέρα,
973 1591 1047 1679 (εἶτα
1066 1592 1278 1681 ἐξ)ετὺφλωσεν
1301 1593 1412 1678 ἑαυτόν,
1434 1591 1508 1658 ώστε
1525 1596 1570 1679 μὴ

343 1714 401 1768 τών
437 1706 580 1768 νικώντων
616 1705 667 1789 μὲν
703 1703 771 1774 τοὺς
825 1702 1013 1787 λοσιτελησαι
1035 1705 1088 1788 τὴν
1110 1706 1192 1788 νίκην
1216 1701 1304 1786 αι’)τιμ
1342 1700 1431 1765 ἄλλοι
1454 1703 1485 1764 δέ
1498 1723 1571 1772 πιες

343 1813 509 1898 πολεμίως,
519 1813 657 1882 πλείονας
671 1811 771 1875 ὢτων
827 1805 870 1872 ὅτι
896 1811 934 1872 τὰ
961 1807 997 1872 ἐκ
1024 1805 1167 1896 Φοινίκης
1199 1815 1360 1896 γράμματα
1391 1810 1572 1894 βουλόμενος

344 1914 459 1982 οἰκείων
482 1915 717 2000 ἀποβαλλόντων.
826 1915 1001 2001 διαδοθῆναι
1015 1927 1077 1989 τοῖς
1085 1913 1219 2002 Ἕλλησι
1232 1914 1360 2002 Κάδμος
1374 1913 1467 1980 ἀνεῖλε
1482 1913 1573 1980 Λίνον

825 2025 877 2086 καί
900 2018 988 2086 αι’ντὸν
1007 2021 1071 2087 ἴδια
1092 2027 1254 2109 γράμματα
1276 2021 1511 2108 ἑπιδεικώρενον,
1539 2022 1573 2084 ὃν

825 2126 991 2200 ἀπεδιωξαν
1013 2127 1041 2193 οἱ
1062 2133 1191 2194 πολῖται·
1215 2131 1262 2194 διὰ
1285 2133 1318 2194 τὸ
1333 2133 1375 2215 μὴ
1389 2131 1573 2214 λνσιτελησαι

825 2241 915 2300 τοίων
937 2231 1037 2309 αδτοῖς
1058 2241 1112 2324 την
1123 2240 1258 2324 τοιιώτην
1269 2242 1351 2323 νίκην
1367 2233 1505 2324 εἰρῆσθαι
1517 2239 1573 2321 τὴν

824 2347 992 2430 παροιμίαν.
1039 2342 1132 2429 ἕτεροι
1158 2345 1191 2408 δέ
1213 2365 1300 2432 φασιν
1322 2339 1413 2430 αὐτὴν
1435 2340 1573 2429 εἰρῆσθαι

824 2447 873 2513 ἐπὶ
885 2461 942 2515 τῶν
954 2455 1097 2516 νικώντων
1111 2456 1163 2537 μέν
1177 2453 1246 2524 τοὺς
1255 2454 1421 2536 πολεμίως,
1434 2452 1572 2522 πλείονας

825 2558 857 2621 δὲ
868 2569 927 2622 τῶν
940 2555 1054 2623 οἰκείων
1068 2557 1303 2642 ἀποβαλλόντων.
1318 2557 1382 2622 Die
1388 2555 1573 2638 Erklssrung

825 2662 869 2730 ist
890 2663 963 2730 ins
987 2685 1058 2730 zum
1073 2665 1147 2730 Teil
1169 2665 1282 2732 besser
1305 2663 1451 2730 erhalten
1468 2663 1518 2730 als
1536 2664 1572 2727 in

824 2769 851 2834 P
866 2773 974 2838 1v45.

345 2932 457 2998 13518
480 2936 600 3005 κοινὸς
624 2927 771 3018 Ἑρμῆς·
828 2930 866 2996 S:
888 2937 1007 3005 κοινὸς
1029 2931 1174 3019 Ἑρμῆς·
1198 2937 1286 3020 φασίν
1305 2931 1572 3005 ὅτικλεπτίστατος

346 3039 406 3106 ἀπὸ
433 3049 485 3106 τοῦ
512 3043 549 3104 τὰ
572 3044 668 3127 φώρια
690 3042 774 3103 κοινὰ
827 3045 979 3126 γενόμενος
994 3035 1011 3103 ὁ
1028 3036 1143 3126 Ἑρμης
1165 3039 1313 3113 κατέδειξε
1336 3043 1420 3105 κοινὰ
1442 3040 1572 3106 εἶναιτὰ

345 3145 432 3219 τάξαι
453 3151 502 3212 τὸν
524 3143 650 3234 Ἑρμῆν·
681 3144 701 3232 ἢ
728 3143 773 3211 δτι
828 3149 922 3233 φώρια
944 3149 1081 3219 καὶτοῖς
1103 3152 1277 3233 καταμόνας
1303 3148 1472 3212 κλέπτουσιν
1500 3145 1571 3210 ἐπά-

346 3251 363 3318 ὁ
386 3257 476 3336 λόγος
498 3259 607 3326 κοινός.
827 3275 933 3335 ναγκες
956 3252 1029 3318 εἶναι
1050 3257 1124 3338 πρὸς
1146 3255 1215 3327 τοὺς
1236 3257 1353 3328 κοινοὺς
1366 3255 1569 3342 διανέμεσθαι·

827 3357 855 3424 οἱ
877 3361 909 3424 δέ
931 3359 974 3424 ὅτι
995 3363 1154 3441 τὸνλόγον
1174 3363 1253 3448 έχων
1267 3366 1434 3428 κοινωνικὸν
1451 3360 1570 3446 ἐποίησε

826 3472 939 3541 πάντας
962 3466 997 3532 δι’
1020 3465 1109 3533 αὐτοῦ
1133 3471 1254 3557 σοφοώς.

871 3574 1000 3640 Ebenso
1023 3573 1079 3638 ΜΙ
1093 3573 1148 3658 κβ’.
1185 3573 1273 3640 Suid.

347 3753 374 3817 B
405 3755 470 3819 539
506 3755 677 3838 κεστρεὺς
707 3778 773 3842 νη·
828 3752 865 3818 S:
888 3755 1062 3838 κεστρεὺς
1084 3757 1264 3840 νηστείει·
1288 3760 1432 3842 παροιμία
1448 3753 1569 3818 ἐπὶτῶν

348 3863 480 3926 στείιει·
504 3858 552 3926 έπί
565 3872 622 3927 τών
642 3863 773 3949 λαιρώρ-
827 3865 902 3925 πάνυ
924 3861 1106 3945 λαιμάργων·
1130 3871 1260 3927 τοιοῦτον
1282 3867 1339 3948 γάρ
1362 3861 1422 3927 ἐστι
1443 3866 1476 3926 τὸ
1499 3865 1568 3945 ζῷον

347 3989 415 4050 γων.
440 3965 526 4033 ἄλλοι
544 3969 575 4032 δὲ
594 3965 642 4032 ἐπὶ
659 3979 717 4034 τών
731 3970 774 4034 δι-
828 3966 976 4054 ἄπληστον
1004 3964 1021 4031 ὁ
1047 3969 1202 4054 κεστρεὺς·
1236 3972 1289 4033 καί
1316 3968 1352 4032 ἐκ
1379 3951 1479 4034 τοίοισι
1503 3968 1569 4039 τοὺς

347 4077 603 4160 καιοπραγοὺντων
634 4073 775 4164 εἰρῆσθαι
828 4080 996 4161 νεχηνὰιας
1016 4071 1039 4160 ἢ
1063 4085 1219 4148 πεινῶντας
1245 4086 1373 4160 κεστρεῖς
1401 4076 1502 4155 ἔλεγον
1529 4073 1569 4147 ὡς

348 4186 447 4270 φασίν·
490 4179 554 4248 ἰλὺν
589 4186 646 4268 γὰρ
682 4182 776 4250 ἐσθίει
829 4183 1017 4268 λαιμάργως.
1063 4181 1151 4246 ἄλλοι
1178 4183 1210 4246 δέ
1238 4204 1311 4270 φασι
1336 4185 1388 4268 τἠν
1414 4187 1569 4268 παροιμίαν

349 4294 440 4378 ρώνην
457 4293 608 4375 κεστρεὺς,
632 4289 674 4363 ώς
688 4314 774 4379 φησιν
829 4289 877 4354 έπὶ
892 4301 948 4355 τών
963 4291 1247 4374 δικαιοπραγοίννιων
1263 4295 1324 4375 μέν,
1344 4286 1425 4354 οὐδέν
1439 4291 1470 4352 δὲ
1483 4292 1569 4354 πλέον

348 4393 574 4485 Ἀριστοτέλης,
616 4397 682 4463 ἀλλ’
719 4398 774 4463 οὐκ
829 4397 865 4462 ἐκ
896 4409 951 4484 τῆς
978 4398 1166 4482 δικαιοσίννης
1199 4394 1437 4484 ἀποφερομένων·
1467 4394 1483 4460 ὁ
1515 4399 1570 4480 γὰρ

424 4627 443 4698 ι)
470 4647 537 4685 corr.
561 4625 584 4679 οἱ
607 4624 633 4678 δὲ
655 4624 719 4679 ἐπεὶ
743 4634 792 4680 τῶν
816 4627 878 4679 ἑπτὰ
901 4625 923 4679 οἱ
942 4624 1069 4692 <οίοί>
1093 4623 1131 4678 ἰπί
1154 4625 1263 4697 Θήβας
1286 4624 1487 4698 στρατεύσαντεςι
1515 4627 1572 4700 νςλ

349 4719 466 4793 Ηοογσίι.
1076 4739 1081 4752 ’
1556 4737 1559 4746 ’
