3548 5256
821 440 956 538 „Q
980 533 1032 539 --

313 641 459 698 resectae
484 641 566 718 sunt,
589 655 673 700 nunc
695 635 827 700 minima
852 643 916 718 est,
946 635 1028 702 conf.
1052 636 1174 704 codicis
1189 638 1332 704 Palatini
1349 644 1391 706 24
1414 639 1546 706 1011176

315 738 370 820 (ad
385 737 511 804 Livium
526 741 730 826 pertinentis)
756 741 930 825 imaginem
943 742 1162 828 photographi
1178 752 1248 810 arte
1264 753 1544 830 repraesentatam

313 845 347 912 in
370 847 429 912 Th.
452 847 641 914 Mommseni
666 856 698 914 et
721 847 758 914 G.
782 849 994 915 Studemundi
1016 849 1192 917 ‘Analectis
1215 851 1372 920 Liuianis*
1397 853 1544 938 (Lipsiae

317 955 414 1032 1873)
429 955 494 1020 tab.
508 955 545 1040 V,
570 963 601 1021 et
618 955 762 1022 eiusdem
779 955 901 1023 codicis
916 956 986 1022 lolii
1002 960 1042 1024 77
1062 958 1118 1040 (ad
1136 957 1322 1025 Ciceronem
1336 959 1542 1045 pertinentis)

313 1060 487 1144 imaginem
516 1061 549 1126 in
573 1062 702 1128 Aemilii
727 1061 898 1128 Chatelain
929 1061 1156 1150 ‘Poldopraptie
1178 1068 1231 1130 des
1254 1069 1418 1152 emanares
1441 1063 1545 1132 lotiae'

315 1167 464 1250 (Parisiis
491 1172 588 1250 1885)
613 1170 678 1235 tab.
692 1169 819 1234 XXXII
844 1173 872 1236 2.
912 1169 976 1235 Sed
999 1191 1040 1237 ne
1065 1171 1096 1236 in
1121 1171 1254 1256 antiquo
1277 1172 1406 1256 quidem
1431 1173 1547 1239 codice

314 1275 493 1341 Annaeano
522 1275 670 1342 foliorum
697 1275 833 1342 formam
862 1297 1014 1361 magnam
1047 1277 1149 1344 fuisse
1182 1278 1277 1345 docet
1310 1280 1545 1346 breviculornm

314 1401 462 1447 versuum
495 1383 527 1446 in
557 1383 695 1466 singulis
722 1384 854 1468 paginis
883 1385 1074 1470 scriptorum
1098 1406 1249 1453 numerus
1272 1407 1403 1472 parvus.
1447 1387 1545 1472 Ipsae

314 1487 492 1554 litterarum
521 1488 642 1556 formas
675 1510 745 1555 cum
774 1490 999 1576 typographus
1032 1499 1183 1559 accurate
1212 1493 1331 1559 imitari
1359 1514 1422 1559 non
1450 1501 1544 1579 potu-

317 1595 386 1680 erit,
418 1595 545 1662 litteras
576 1593 756 1682 ‘capitales’
790 1618 872 1680 quas
904 1606 1022 1664 vocant
1054 1619 1112 1684 pro
1145 1600 1302 1684 eleganti,
1339 1621 1403 1684 qua
1441 1600 1544 1666 codex

316 1709 469 1769 exaratus
493 1710 551 1788 est,
578 1704 737 1789 scriptura
759 1701 899 1770 ‘unciali’
925 1705 1077 1771 substitui
1100 1726 1219 1791 passus
1244 1728 1325 1790 sum,
1350 1728 1544 1791 quamquam

315 1809 397 1874 haee
429 1809 492 1875 dno
525 1810 705 1895 scripturae
737 1831 858 1894 genera
890 1819 959 1877 toto
992 1811 1084 1877 eaelo
1111 1812 1196 1878 inter
1225 1833 1261 1880 se
1290 1813 1421 1880 distant
1471 1813 1546 1879 Non

317 1917 411 1982 nimis
435 1917 531 2000 longe
553 1917 678 1982 recedit
693 1917 864 1984 Annaeani
888 1917 1010 1984 codicis
1035 1919 1195 2004 scriptura
1219 1921 1261 1985 ab
1285 1941 1333 2004 ea,
1357 1941 1422 2004 qna
1441 1920 1546 1985 Gaius

315 2023 512 2090 Veronensis
536 2023 675 2107 insignis
699 2031 758 2108 est,
781 2025 846 2091 nisi
870 2024 956 2108 quod
980 2023 1084 2091 forma
1108 2025 1285 2092 litterarum
1311 2028 1335 2090 B
1360 2033 1393 2092 et
1415 2027 1445 2090 D
1466 2033 1498 2092 et
1514 2026 1545 2090 G

316 2137 349 2196 et
371 2130 402 2195 M
427 2138 459 2195 et
483 2131 505 2194 S
529 2151 550 2195 a
573 2130 702 2196 Gaiana
726 2130 926 2217 discrepans,
955 2153 1027 2198 cum
1056 2132 1194 2198 accedat
1221 2133 1265 2198 ad
1292 2133 1543 2200 minuscularum

316 2238 549 2320 characterem,
572 2256 673 2322 prope
697 2238 791 2303 abest
819 2239 861 2303 ab
885 2259 925 2304 ea
949 2238 1060 2324 forma,
1088 2260 1173 2323 qnae
1201 2241 1339 2306 occurrit
1366 2241 1399 2306 in
1421 2239 1547 2306 ‘codice

317 2343 432 2410 Bezae'
458 2344 512 2427 qui
541 2343 639 2428 vulgo
668 2343 794 2430 dieitur,
826 2345 862 2411 id
890 2346 1001 2412 estin
1031 2346 1142 2412 codice
1171 2348 1389 2414 bibliothecae
1418 2348 1545 2413 univer-

317 2451 425 2517 sitatis
454 2450 732 2534 Oantabrigiensis
759 2452 819 2518 Nn.
843 2452 883 2518 II.
906 2455 948 2518 41
984 2452 1122 2536 (saeculi
1149 2454 1217 2541 VI),
1250 2455 1341 2521 euius
1370 2455 1544 2538 imaginem

317 2558 418 2623 habes
458 2557 491 2622 in
529 2559 637 2642 operis
674 2579 694 2623 a
732 2560 888 2624 societate
924 2560 1203 2645 palaeographiea
1240 2561 1428 2627 Britannica
1465 2561 1544 2626 editi

318 2662 521 2746 (Faesirniles
544 2670 583 2748 os
599 2669 804 2750 manuscripts
827 2668 890 2731 aad
912 2669 1123 2751 inscriptions,
1148 2669 1247 2732 editori
1269 2669 1306 2751 by
1328 2669 1367 2732 Ε.
1391 2669 1430 2732 Α.
1455 2669 1548 2732 Bond

317 2775 381 2838 aad
404 2773 442 2835 E.
460 2773 503 2835 M.
523 2768 721 2858 Thompsoa’)
746 2773 842 2838 ser.I
865 2772 977 2837 tabula
1003 2778 1058 2856 153
1087 2774 1150 2840 nisi
1174 2773 1259 2857 quod
1285 2775 1546 2858 Cantabrigiensi

314 2875 351 2945 'et
388 2878 569 2960 elegantius
607 2878 747 2963 scriptus
785 2887 834 2944 est
867 2879 1044 2945 Vaticanus
1078 2880 1247 2946 Palatinus
1285 2889 1317 2946 et
1352 2881 1481 2947 litterae
1513 2881 1545 2944 M

319 2985 423 3050 forma
447 3007 467 3050 a
487 2986 747 3070 Cantabrigiensi
772 2986 903 3053 diversa
927 2987 1042 3054 similis
1066 2995 1116 3054 est
1140 2989 1218 3073 eius,
1243 3008 1326 3071 quae
1350 2988 1546 3074 conspicitur

318 3093 350 3156 in
375 3093 564 3176 fragmentis
587 3093 700 3159 incerti
724 3094 934 3160 iureconsulti
959 3095 1113 3180 (Ulpiani,
1130 3094 1321 3182 utridetur)
1344 3095 1394 3161 ‘de
1409 3095 1549 3161 iudiciis’

318 3199 581 3266 Berolinensihus
619 3201 761 3278 (saeculo
795 3207 830 3266 ut
860 3200 989 3266 videtur
1026 3209 1117 3268 sexto
1155 3202 1285 3268 ineunte
1325 3202 1467 3287 scriptis)
1505 3223 1547 3267 ex

319 3307 470 3392 Aegypto
495 3306 650 3391 advectis,
674 3327 806 3390 quorum
831 3307 1005 3391 imaginem
1021 3308 1211 3374 Theodorus
1225 3309 1402 3375 Mommsen
1424 3309 1546 3393 publici

318 3413 398 3478 iuris
422 3411 499 3478 feeit
522 3413 555 3478 in
578 3411 823 3479 ‘dionatsberiebt
845 3417 900 3479 der
923 3417 1121 3497 ffiiniqliehea
1143 3416 1309 3480 ,laudatio
1332 3418 1387 3480 der
1415 3417 1545 3480 Wissea-

318 3523 456 3604 sebasten
469 3543 509 3584 aa
523 3517 640 3585 Berlin’
661 3541 744 3586 anno
765 3524 848 3587 1879
863 3521 907 3586 ad
921 3543 995 3607 pag.
1011 3523 1118 3604 503¹).
1157 3523 1347 3588 Universum
1367 3523 1546 3608 scripturae

319 3647 390 3657 --·--
404 3649 530 3654 -..-.--.

416 3733 434 3800 ¹)
454 3735 572 3788 Omnes
592 3721 695 3788 codices
713 3733 797 3788 latini
816 3734 976 3789 maiusculis
995 3735 1097 3790 litteris
1113 3735 1216 3804 scripti,
1237 3737 1336 3804 quibus
1354 3737 1419 3790 libri
1437 3735 1547 3790 iuridici

319 3822 479 3893 argumenti
493 3823 677 3888 continentur,
692 3820 916 3878 ‘uncialibus’
936 3823 1038 3878 litteris
1053 3823 1091 3890 (si
1105 3843 1120 3879 a
1132 3821 1265 3880 ‘rubricis’
1275 3825 1425 3890 recesseris)
1440 3827 1547 3881 exarati

319 3915 392 3976 sunt,
412 3929 446 3967 ne
465 3929 535 3966 unus
554 3911 665 3980 quidem
686 3909 883 3982 ‘capitalibus’;
909 3917 975 3968 sunt
993 3917 1087 3968 autem
1105 3913 1149 3968 hi:

411 4001 433 4068 1)
465 4002 551 4056 Gaius
574 4002 737 4056 Veronensis
766 4001 845 4070 (conf.
873 4003 973 4057 codicis
1000 4003 1153 4072 imaginem
1186 4003 1215 4056 in
1243 4003 1306 4058 Gaii
1339 4003 1547 4059 institutionum

320 4090 480 4160 apographo
495 4088 603 4158 Lipsiae
619 4091 687 4144 1874
706 4108 723 4144 a
741 4109 785 4146 me
804 4091 878 4145 edito
894 4095 921 4145 et
935 4093 965 4144 in
980 4091 1064 4146 Z.-W.
1085 4091 1125 4158 [id
1139 4094 1181 4146 est
1195 4092 1225 4145 in
1239 4091 1330 4146 Caroli
1345 4093 1549 4162 Zangemeister

320 4183 349 4234 et
376 4177 509 4234 Guilelmi
532 4178 719 4232 Wattenbach
754 4176 902 4248 ‘Exemplis
931 4179 1054 4234 codicum
1081 4180 1232 4234 latinorum
1260 4179 1362 4235 litteris
1389 4179 1549 4235 maiusculis

320 4265 492 4336 scriptorum³
511 4267 711 4337 Heidelbergee
731 4270 807 4334 18711,
832 4269 957 4337 adquae
981 4269 1086 4324 accedit
1107 4271 1331 4338 supplementum
1350 4271 1550 4340 Heidelbergae

323 4358 390 4411 1879
409 4356 526 4424 editum]
547 4357 602 4412 tab.
623 4357 670 4421 a4;
793 4355 797 4360 ’

409 4447 449 4510 Ill
474 4446 621 4516 Papiniani
640 4464 770 4516 responsa
788 4465 821 4502 ex
840 4448 968 4518 Aegypto
988 4447 1091 4516 partim
1110 4447 1267 4502 Berolinum
1287 4451 1389 4518 partim
1409 4449 1548 4504 Lutetiam

321 4534 488 4590 Parisiorum
507 4535 622 4590 advena
643 4535 724 4602 [conf.
743 4537 855 4591 tabulas
874 4537 1076 4607 Krnegerianas
1095 4537 1125 4590 in
1142 4534 1359 4592 ‘Mcaatsbsrs'clrt
1378 4542 1427 4592 der
1445 4541 1548 4606 Konip-

321 4627 406 4678 lichen
423 4625 571 4679 Akademie
584 4629 633 4678 der·
651 4627 876 4692 V’iascnschasten
896 4645 931 4679 aa
946 4623 1051 4681 Berlin’
1074 4627 1142 4680 1880
1161 4627 1195 4681 ad
1215 4645 1277 4696 pag.
1293 4628 1408 4696 363sqq.
1428 4629 1549 4682 adiectas

322 4716 350 4766 st
374 4714 483 4766 tabulas
507 4713 695 4783 photographi
719 4718 779 4768 arte
798 4715 935 4769 confectas
960 4715 989 4768 in
1010 4712 1142 4770 ‘Noaaelle
1165 4733 1242 4770 rasas
1261 4718 1408 4785 historicae
1427 4721 1457 4772 ds
1476 4720 1548 4771 droit
