3514 5244
729 407 941 506 „Pl-

223 603 335 668 horum
359 602 457 687 igitur
479 601 632 666 librorum
656 601 684 668 ri
708 602 762 684 qui
786 601 1030 668 aSanotolonio
1051 602 1183 670 saeculo
1208 601 1333 667 decimo
1358 601 1452 667 tertio

223 710 367 776 attributi
382 708 467 774 infra
481 728 545 773 non
559 711 826 794 memorabuntur,
841 731 898 776 eos
913 708 1013 774 aetati
1029 708 1201 776 recentiori
1216 707 1265 795 (51
1276 708 1453 775 Vaticanos

223 820 319 901 2201,
331 819 426 901 2205,
438 819 533 902 2201,
543 817 758 900 Regineusem
776 815 1248 902 1454,01151)551555ι51670)
1265 816 1452 882 tribuendos

223 946 296 991 esse
324 923 400 989 mihi
430 923 555 991 credas.
602 945 707 1007 neque
735 925 837 990 maior
865 923 946 990 fides
975 925 1126 990 habenda
1155 931 1205 990 551
1228 923 1381 990 Fickerto
1411 923 1452 989 de

222 1033 271 1117 iis,
295 1052 379 1116 quae
403 1031 444 1097 de
468 1030 634 1098 codicibus
657 1032 817 1099 Parisinis
841 1053 861 1098 a
885 1053 920 1098 se
944 1032 1016 1117 ipso
1040 1032 1196 1117 inspectis
1220 1031 1327 1097 refert.
1363 1029 1452 1096 haud

221 1159 396 1225 paucorum
419 1139 512 1218 enirn,
537 1159 670 1223 quorum
694 1139 841 1206 notitiam
864 1140 916 1206 uel
941 1161 980 1206 ex
1004 1139 1155 1224 catalogo
1180 1139 1268 1225 typis
1293 1158 1448 1224 expresso

221 1254 332 1332 petere
355 1253 492 1332 poterat,
516 1269 557 1314 55
580 1247 774 1314 mentionem
798 1247 927 1331 quidem
952 1245 1037 1313 lecit.

309 1355 522 1422 Vaticanus
550 1356 644 1422 1551
672 1354 795 1422 5555511
818 1354 909 1433 XIII,
938 1353 1061 1420 formae
1087 1357 1137 1433 16,
1167 1353 1309 1420 continet
1332 1354 1450 1439 epistu-

221 1462 323 1528 larum
348 1468 473 1548 partem
495 1463 634 1547 priorem
658 1464 691 1528 in
715 1463 814 1529 libros
838 1483 901 1528 non
925 1461 1073 1528 divisam.

308 1570 515 1636 Palatinus
532 1572 630 1638 1540
646 1569 768 1638 5555511
783 1570 872 1656 XIII,
889 1569 1011 1636 formae
1023 1575 1167 1654 quartae,
1178 1569 1449 1654 55511551551515-

219 1678 323 1744 larum
350 1684 475 1763 partem
508 1679 648 1764 priorem
680 1678 712 1744 in
746 1677 846 1744 libros
877 1698 943 1742 non
975 1676 1122 1742 divisam.
1173 1675 1260 1742 loliis
1287 1676 1449 1743 nonnullis

219 1784 343 1852 avulsis
367 1784 486 1852 desinit
509 1786 542 1851 in
565 1784 727 1872 epistulae
750 1785 798 1849 XI
822 1789 851 1870 2,
877 1787 917 1850 19
945 1783 1053 1850 verbis
1082 1782 1149 1850 Iris:
1182 1787 1263 1869 quod
1289 1786 1370 1850 uolet
1397 1787 1448 1848 od

220 1899 331 1960 lucore
353 1897 486 1960 adiutus.

308 2001 513 2067 Palatinus
550 2001 648 2068 1550
686 2000 808 2066 5555511
840 2000 934 2085 XIII,
970 1999 1092 2066 formae
1125 2006 1269 2084 octavae,
1307 1999 1449 2066 continet

220 2109 378 2194 epistulas
415 2109 462 2173 111
487 2113 504 2175 l
539 2129 640 2192 usque
673 2108 717 2174 ad
748 2109 812 2173 XII
839 2113 865 2193 I,
889 2110 933 2175 20
964 2115 1067 2184 (mune
1096 2111 1206 2172 uilium
1238 2115 1377 2184 1555155)
1415 2108 1448 2173 15

219 2216 318 2282 libros
341 2238 405 2282 non
429 2216 561 2283 divisas.

307 2324 540 2408 RegInensis
563 2327 636 2391 209
660 2323 783 2390 5555511
800 2322 888 2408 XIII,
912 2323 1034 2388 formae
1055 2328 1199 2406 octavae,
1231 2327 1307 2407 post
1322 2321 1446 2388 Sidonii

219 2431 377 2516 epistulas
401 2432 543 2498 continet
567 2433 711 2498 Senecae
735 2431 894 2517 epistulas
918 2431 1014 2509 11‚1
1039 2449 1141 2513 usque
1165 2427 1209 2493 ad
1233 2429 1359 2514 V13‚3
1383 2449 1446 2494 uon

218 2546 413 2606 numeratas.

306 2648 537 2731 Reginensis
561 2650 634 2714 236
659 2647 782 2714 saeculi
805 2647 893 2731 XIII,
923 2647 1046 2712 formae
1070 2651 1214 2731 octavae,
1237 2651 1312 2730 post
1334 2642 1444 2710 Hilde-

217 2755 298 2822 berti
336 2756 589 2822 Cenomanensis
627 2755 784 2840 epistulas
821 2755 909 2821 foliis
943 2755 1160 2820 735-1245
1192 2753 1309 2839 5515515
1341 2752 1445 2838 555115

218 2863 429 2948 epistularum
452 2863 597 2929 Senecae
622 2869 774 2948 excerpta
798 2863 880 2928 satis
904 2863 1013 2947 ampla
1036 2861 1142 2927 habet.
1424 2941 1428 2950 ὓ

306 2970 538 3056 Reginensis
574 2972 672 3038 1546
706 2970 828 3036 5555511
855 2969 932 3055 XII,
965 2969 1087 3035 formae
1120 2975 1270 3053 quartae,
1302 2967 1445 3034 continet

218 3077 363 3144 Senecae
386 3078 598 3161 epistularum
620 3084 744 3163 partem
766 3079 913 3162 priorem.

306 3186 507 3253 Parisinus
522 3189 622 3253 6318
636 3184 855 3270 (Bigctianus)
869 3186 992 3251 formae
1007 3185 1176 3270 maximae,
1190 3184 1276 3250 binis
1287 3184 1443 3252 columnis

219 3293 349 3358 saeculo
377 3292 457 3358 XIII
490 3293 641 3378 scriptus,
674 3292 896 3378 complectitur
929 3293 1019 3378 prius
1051 3291 1261 3378 epistularum
1293 3293 1443 3358 uolumen

216 3401 384 3484 integrum.

306 3508 509 3575 Parisinus
534 3511 632 3576 6388
657 3508 747 3590 (olim
773 3509 895 3574 Claudii
917 3511 1060 3592 Puteoai)
1085 3507 1294 3586 saeculinL
1320 3506 1442 3574 formae

216 3617 385 3702 maalmae,
409 3617 551 3683 continet
574 3617 690 3701 5515515
712 3616 884 3682 voluminis
908 3615 1066 3701 epistulas
1090 3635 1209 3680 omnes.

305 3724 505 3791 Parisinus
536 3727 638 3792 8624
671 3723 901 3808 (Gelbertinns)
936 3723 1058 3790 5555511
1087 3723 1285 3809 XII-XIII,
1318 3722 1441 3789 formae

214 3832 388 3918 maximae,
421 3833 563 3900 continet
590 3833 674 3899 inter
701 3833 885 3918 Symmachi
918 3837 952 3916 (a
980 3833 1071 3899 ouius
1102 3833 1284 3918 nuperrimo
1317 3831 1440 3899 editore

214 3938 380 4006 adhibitus
394 3961 458 4006 non
473 3943 535 4022 est)
561 3948 593 4007 et
608 3939 738 4026 Apuleii
761 3939 861 4006 libros
885 3940 1043 4025 quosdam
1059 3947 1091 4007 et
1107 3941 1251 4006 Senecae
1274 3942 1440 4008 naturales

215 4047 422 4130 quaestiones
445 4048 533 4114 loliis
557 4050 626 4115 695
648 4067 750 4133 usque
768 4047 812 4113 ad
829 4048 1028 4133 subprioris
1043 4047 1252 4134 epistularum
1268 4048 1439 4116 voluminis

214 4155 441 4240 fragmentum,
474 4156 560 4240 quod
588 4155 811 4241 complectitur
839 4155 996 4240 epistulas
1025 4155 1074 4219 III
1098 4157 1127 4234 8,
1155 4159 1194 4221 12
1223 4160 1287 4233 (oi
1315 4179 1367 4241 555
1395 4161 1440 4222 lai

212 4265 374 4340 55555555)
398 4283 499 4348 usque
523 4262 567 4328 ad
590 4263 634 4329 IV
658 4267 687 4347 8,
711 4265 732 4330 2
760 4271 892 4348 (paucos
915 4265 979 4328 dies
1001 4271 1175 4330 55155555
1200 4267 1268 4339 15).

303 4371 506 4438 Ρ55151555
537 4373 635 4438 8541
674 4371 797 4438 5555511
828 4369 921 4455 XIII,
958 4369 1080 4436 Iormae
1116 4377 1260 4456 quartae,
1297 4369 1439 4437 continet

213 4478 424 4564 epistularum
448 4479 596 4545 volumen
618 4479 708 4564 prius
731 4477 900 4562 integrum.

302 4585 509 4653 Parisinus
527 4587 626 4653 8542
645 4585 736 4668 (olim
751 4589 813 4652 155.
829 4587 908 4670 Aop.
927 4587 1057 4668 Thenai,
1079 4591 1195 4671 postea
1211 4585 1437 4672 Oolbertiuus),

214 4692 336 4760 formae
363 4700 512 4778 quartae,
542 4692 685 4759 continet
712 4693 873 4758 variorum
902 4693 1048 4761 Senecae
1075 4692 1227 4760 librorum
1255 4692 1437 4780 fragmenta
