3560 5242
956 373 996 465 aa

359 597 425 662 cius
455 597 564 660 dicunt
592 595 753 660 homiuem
780 594 903 658 facilius
932 614 951 658 a
981 595 1113 658 mortuis
1136 596 1262 659 excitari
1286 615 1381 677 quam
1404 595 1495 678 fingi,
1528 597 1584 678 qui

358 718 536 782 numquam
558 701 653 762 antea
676 697 785 773 luerit,
808 697 835 761 ei
859 697 941 780 apud
966 697 1135 762 Tatianum
1157 699 1236 762 nihil
1258 698 1434 782 respondet.
1471 697 1583 780 Neque

358 804 387 867 ei
415 801 538 866 Tatiani
560 800 642 876 loco,
669 800 722 882 qui
750 800 870 864 orditur
893 818 912 864 a
935 800 1037 864 verbis
1061 790 1135 862 nt»
1158 803 1238 886 πῦρ,
1267 801 1381 866 similia
1403 801 1487 884 apud
1508 802 1585 864 Ter-

358 905 527 970 tullianum
549 904 713 984 leguntur;
744 901 901 966 lllinucius
928 907 1048 978 autem,
1084 902 1142 966 etsi
1166 904 1281 968 similia
1303 905 1443 988 scripsit,
1473 906 1585 968 tamen

346 1027 421 1072 ‚non
455 1007 495 1071 ad
523 1007 655 1070 verbum
682 1024 755 1069 cum
782 1004 913 1068 Tatiano
949 1005 1103 1086 congruit.
1152 1007 1240 1069 Adde
1269 1007 1351 1088 quod
1379 1006 1523 1070 similiter
1545 1024 1585 1069 ac

357 1110 509 1174 Tatianus
536 1107 621 1172 haud
644 1107 737 1190 pauci
760 1107 929 1190 scriptores
951 1108 1156 1172 ecclesiastici
1179 1109 1217 1173 de
1240 1109 1464 1174 resurrectione
1487 1109 1585 1173 verba

357 1213 516 1278 lecerunt:
538 1210 618 1274 Iust.
641 1210 730 1293 Apol.
754 1207 770 1271 Ι
795 1211 842 1272 19.
868 1211 922 1284 19;
943 1211 1099 1291 Athenag.
1123 1211 1161 1274 de
1184 1231 1243 1276 res.
1266 1215 1356 1276 mort.
1381 1213 1409 1274 3.
1431 1214 1461 1273 4.
1478 1213 1506 1274 8.
1524 1212 1581 1283 10;

357 1315 517 1398 Theophil.
547 1314 586 1378 ad
618 1314 722 1377 Autol.
745 1309 760 1374 l
783 1314 818 1386 8;
853 1311 998 1377 Ps.-lust.
1034 1313 1072 1377 de
1102 1331 1216 1377 resurr.
1246 1315 1280 1386 53
1313 1317 1408 1396 atque
1438 1333 1509 1378 vere
1538 1315 1585 1377 ait

358 1416 560 1484 Schweukius
583 1419 666 1480 certe
690 1416 791 1480 multo
814 1416 938 1498 saepius
962 1417 1001 1480 ab
1024 1417 1197 1499 apologetis
1213 1416 1399 1482 Christianis
1415 1416 1498 1481 hanc
1513 1436 1584 1481 rem

347 1522 526 1586 ‚tractatam
549 1537 633 1593 esse,
656 1537 753 1600 quam
775 1537 832 1582 nos
856 1518 969 1582 litteris
993 1520 1215 1601 acceperimus.

443 1639 542 1704 Valde
570 1639 666 1720 igitur
693 1639 824 1702 dubium
851 1643 914 1712 est,
941 1658 1018 1703 num
1049 1639 1217 1704 Tatianum
1244 1641 1342 1704 secuti
1371 1640 1435 1704 sint
1456 1639 1584 1702 Tertul-

356 1743 459 1807 lianus
482 1745 515 1807 et
537 1741 702 1806 Minucius.
740 1741 821 1805 Cum
844 1760 1040 1823 veronaque
1065 1742 1109 1806 eis
1125 1741 1255 1806 Minucii
1278 1743 1387 1818 verbis,
1411 1759 1585 1823 quaecum

355 1845 477 1910 Tatiani
507 1837 580 1907 nav
603 1845 668 1925 πῦρ
695 1863 720 1908 e.
744 1863 772 1924 q.
796 1862 820 1906 s.
850 1845 1097 1925 composuimus,
1131 1845 1214 1928 apud
1235 1845 1466 1909 Tertullianum
1493 1844 1583 1925 quic-

357 1967 453 2029 quam
477 1946 674 2029 respondeat,
698 1949 730 2010 et
745 1945 958 2010 Tertullianus
982 1965 1019 2009 ea
1042 1947 1260 2030 disputationis
1283 1955 1381 2031 parte,
1404 1965 1484 2028 quae
1508 1965 1585 2010 con-

348 2048 495 2113 cluditur
527 2050 631 2112 rerbis
665 2053 708 2113 ‘et
742 2051 818 2112 tunc
849 2049 971 2128 require
1003 2068 1066 2130 qua
1095 2047 1162 2113 fies*
1198 2070 1272 2115 cum
1294 2049 1416 2114 Tatiani
1440 2049 1583 2112 oratione

349 2152 457 2233 magis
479 2155 630 2233 congruat
654 2170 751 2233 quam
774 2170 847 2215 cum
863 2151 1008 2228 Minucii,
1036 2152 1100 2216 veri
1123 2154 1225 2217 simile
1240 2157 1288 2217 est
1304 2157 1336 2218 et
1350 2151 1583 2216 Tertullianum

354 2259 388 2319 et
410 2253 584 2318 Minucium
612 2273 670 2317 sua
699 2253 812 2318 debere
836 2254 1018 2337 apologetae
1040 2255 1087 2318 illi
1108 2255 1235 2328 Latino,
1263 2275 1357 2337 quem
1381 2257 1436 2318 aut
1457 2254 1584 2318 Tatiani

350 2356 487 2440 ‘vestigia
516 2357 667 2438 pressisse
696 2357 861 2420 statuerim
890 2359 945 2421 aut
974 2357 1054 2420 alius
1084 2359 1243 2441 scriptoris
1274 2357 1492 2435 ecclesiastici,
1526 2357 1584 2437 qui

355 2459 465 2524 eadem
489 2458 552 2522 lere
576 2459 695 2524 ratione
719 2479 755 2523 ac
779 2459 931 2523 Tatianus
953 2460 1144 2524 disseruerit.

346 2582 349 2589 “
442 2578 489 2643 Ne
522 2578 590 2642 aliis
620 2579 747 2661 quidem
772 2579 849 2643 locis
877 2580 1071 2662 comprobari
1095 2581 1268 2644 Minucium
1289 2581 1413 2645 Tatiani
1440 2578 1582 2642 oratioue

356 2680 395 2745 ad
419 2681 555 2746 Graecos
578 2700 672 2745 usum
695 2700 764 2746 esse
788 2681 989 2746 Schwenlrius
1012 2682 1033 2744 l.
1058 2703 1084 2747 c.
1107 2703 1136 2766 p.
1160 2684 1224 2746 278
1246 2684 1392 2762 docuit.¹)
1437 2682 1581 2761 Reliquis

356 2787 463 2847 autem
489 2783 583 2860 locis,
613 2785 726 2866 quibus
749 2785 965 2849 Tertullianus
995 2789 1027 2848 et
1048 2785 1200 2850 Tatianus
1225 2787 1308 2850 inter
1335 2805 1368 2850 se
1392 2793 1580 2865 congruunt,

355 2904 455 2950 unum
489 2887 533 2949 eis
562 2885 682 2950 fontem
710 2890 835 2970 praesto
861 2888 975 2964 luisse,
1010 2887 1092 2969 quod
1115 2887 1312 2952 Hamackius
1339 2888 1371 2968 (l.
1394 2905 1420 2953 c.
1443 2906 1473 2969 p.
1498 2887 1579 2967 220)

354 2989 474 3070 primus
498 2988 574 3051 vidit
596 2989 866 3054 etdemonstrare
889 2991 1005 3073 coepit,
1030 2991 1089 3054 alio
1111 2991 1179 3054 loco
1202 2991 1357 3073 copiosius
1380 2991 1578 3072 exponam.²)

931 3215 1002 3294 §a

439 3365 576 3428 Transeo
600 3385 683 3430 nunc
707 3367 747 3432 ad
769 3368 1033 3451 Theophilum,
1057 3387 1192 3449 quocum
1215 3367 1361 3432 convenit
1384 3367 1520 3431 Minucio
1544 3371 1578 3432 et

354 3467 546 3531 Tertulliano
569 3467 618 3531 his
640 3469 732 3534 locis:

423 3743 446 3806 ¹)
472 3739 586 3794 Praeter
608 3755 655 3796 eos
678 3740 764 3808 locos,
789 3758 854 3809 quos
873 3741 1049 3797 Schwenkius
1067 3744 1135 3798 scite
1154 3743 1252 3812 elegit,
1277 3742 1450 3796 Harnaclrius
1467 3741 1485 3794 l.
1506 3757 1528 3796 c.
1548 3758 1574 3811 p.

352 3826 406 3879 218
425 3823 488 3878 adn.
505 3826 558 3879 269
583 3825 682 3894 viginti
700 3826 757 3882 fere
776 3827 888 3881 Minucii
907 3829 981 3883 locos
1000 3828 1148 3896 congessit,
1168 3843 1234 3897 quos
1251 3829 1351 3897 partim
1370 3829 1404 3882 ad
1422 3828 1489 3883 alios
1508 3843 1575 3898 apo·

353 3911 460 3979 logetas
485 3909 620 3976 Graecos,
647 3913 748 3979 partim
773 3912 809 3966 ad
833 3913 970 3967 Ciceronis
997 3913 1080 3970 libros
1098 3913 1132 3970 de
1150 3919 1251 3969 natura
1268 3915 1393 3980 deorum,
1420 3915 1519 3982 partim
1538 3916 1574 3970 ad

353 3996 482 4050 Senecam
501 3995 602 4050 referre
621 3996 693 4052 licet.

422 4083 446 4146 ⁹)
469 4081 607 4149 lmprimia
624 4083 797 4152 Apologetici
816 4084 906 4152 capite
928 4085 958 4137 19
976 4091 1005 4139 et
1023 4084 1134 4139 Tatiani
1152 4086 1287 4154 capitibus
1304 4089 1346 4139 31.
1365 4087 1399 4139 36
1417 4101 1473 4154 sqq.
1494 4101 1572 4141 accu-

352 4171 412 4220 rate
435 4166 599 4221 examinatis
621 4173 649 4222 et
674 4184 733 4221 cum
759 4168 890 4222 similibus
914 4168 979 4223 locis
997 4170 1111 4224 alicnrm
1139 4171 1300 4238 scriptorum
1319 4171 1428 4225 collatis
1446 4179 1484 4236 tv.
1503 4188 1526 4227 e.
1545 4189 1571 4240 g.

352 4251 474 4304 Pa.·lust.
484 4252 543 4306 coh.
553 4251 587 4305 ad
601 4258 673 4322 gent.
683 4255 709 4316 9)
720 4253 844 4322 persuasi
861 4254 926 4307 mihi
939 4255 973 4308 de
985 4257 1120 4310 communi
1130 4257 1239 4311 Tatiani
1249 4263 1277 4310 et
1287 4257 1446 4312 Tertulliani
1460 4264 1572 4312 auctore

351 4335 525 4404 cogitandum
550 4353 618 4392 esse.
642 4369 674 4378 -
699 4337 726 4392 Ii
748 4338 909 4393 Tertulliani
931 4340 996 4403 loci,
1024 4357 1090 4408 quos
1116 4341 1287 4396 Haruaclrius
1310 4343 1327 4397 l.
1347 4359 1369 4396 e.
1394 4360 1420 4412 p.
1438 4343 1487 4396 221
1508 4343 1569 4398 adn.

344 4421 402 4475 217
426 4421 534 4488 attulit,
556 4437 647 4478 omnes
671 4424 774 4479 Iustino
798 4424 881 4480 tribui
904 4440 986 4492 posse
1011 4427 1076 4481 mihi
1102 4427 1234 4484 videntur.
1256 4457 1290 4467 -
1308 4429 1349 4483 De
1368 4429 1443 4496 apol.
1462 4431 1509 4495 50;
1535 4429 1571 4484 ad

350 4505 433 4562 Mart.
452 4509 481 4575 43
500 4506 562 4562 Tat.
580 4510 604 4562 3.
627 4511 657 4563 19
675 4524 758 4578 supra
776 4509 860 4565 verba
878 4509 988 4566 lecimus
1006 4513 1045 4581 (p.
1064 4515 1097 4566 31
1116 4515 1192 4582 sqq).
