3568 5238
379 679 418 723 ne
441 662 525 723 iusto
548 661 639 742 plura
663 678 699 722 611
721 660 817 723 ‘actis’
842 660 1035 732 derivemuS,
1070 679 1142 722 cum
1171 660 1208 723 de
1236 659 1299 722 illis
1326 660 1519 743 temporibus
1547 679 1597 721 611-

379 763 466 826 66166
490 782 622 844 666666,
646 763 676 828 16
700 762 782 845 6666
806 763 838 824 16
853 762 948 838 Livio,
970 762 1079 836 Dione,
1103 763 1252 844 Appiano,
1276 762 1442 826 Plutarcho
1458 763 1595 836 vidimus,

380 866 458 928 satis
482 869 626 929 accurate
648 865 808 928 rettulisse
831 865 1002 928 videantur.

465 971 511 1030 Ac
539 969 676 1050 primurn
706 968 831 1049 quidem
862 968 1031 1032 scholiasta
1058 967 1098 1052 (p.
1122 967 1173 1042 26,
1198 968 1229 1043 2)
1262 985 1297 1030 ex
1322 967 1420 1030 ‘actis'
1449 968 1596 1048 cognorit,

380 1089 440 1150 quo
464 1069 512 1132 die
537 1070 644 1134 Cicero
667 1090 722 1153 pro
738 1071 853 1135 Milone
877 1071 1002 1144 dixerit;
1025 1089 1100 1133 nam
1122 1070 1153 1133 in
1178 1089 1221 1145 eo,
1245 1070 1327 1150 quod
1351 1069 1458 1133 Cicero
1481 1070 1525 1133 ait
1545 1089 1597 1152 pro

379 1173 443 1235 Mil.
468 1175 518 1248 35,
545 1173 601 1234 98:
627 1176 811 1238 ‘centesima
834 1175 887 1238 161
911 1177 960 1237 666
981 1174 1060 1237 11666
1082 1174 1122 1236 ab
1145 1173 1275 1235 interitu
1297 1172 1331 1235 P.
1355 1171 1453 1236 Clodii
1477 1176 1516 1248 66
1537 1173 1598 1255 opi·

380 1295 450 1349 nor,
476 1276 584 1338 616616Ι
598 1277 630 1354 ¹),
665 1279 727 1340 iam
760 1277 874 1340 idcirco
908 1279 1137 1340 commentator
1171 1276 1370 1356 acquiescere
1394 1294 1455 1338 non
1490 1277 1597 1357 potuit,

380 1378 462 1458 quod
495 1379 626 1442 verbum
651 1381 778 1461 ‘opinor'
803 1379 983 1444 Ciceronem
1016 1379 1120 1460 ipsum
1153 1378 1190 1441 66
1225 1378 1283 1441 boc
1317 1378 1438 1442 dierum
1471 1397 1598 1441 numero

379 1480 512 1544 dubium
536 1480 633 1544 inisse
656 1482 792 1545 indicare
816 1482 947 1545 videtur.

464 1584 502 1647 In
526 1585 574 1660 iis,
603 1603 681 1666 6666
712 1587 887 1665 sequuntur
909 1587 949 1666 (p.
973 1585 1023 1659 26,
1048 1585 1154 1663 3-7),
1178 1601 1370 1664 quamquam
1392 1585 1547 1648 Asconius
1570 1586 1598 1646 in

382 1688 569 1751 auctoritaie
598 1688 745 1750 orationis
771 1687 883 1770 ipsius,
919 1686 1093 1762 annalium,
1128 1686 1203 1768 quin
1232 1685 1327 1749 etiam
1351 1685 1508 1750 Ciceronis
1532 1687 1599 1750 libri

381 1791 430 1852 ‘de
461 1791 577 1872 optimo
607 1807 719 1869 genere
753 1791 955 1868 6161616161)
983 1789 1110 1864 nititur,
1144 1793 1249 1852 tamen
1285 1791 1448 1852 ‘actorum'
1480 1790 1600 1854 nullam

379 1893 448 1955 fieri
471 1895 663 1956 mentionem
686 1895 769 1955 certe
792 1911 944 1974 perquam
971 1893 1087 1955 mirum
1110 1895 1172 1965 est,
1204 1893 1389 1973 praesertim
1413 1911 1485 1956 curn
1510 1895 1598 1956 ‘acta'

380 1994 526 2058 omnibus
549 1995 677 2075 reliquis
700 1993 839 2058 fontibus
862 1993 1056 2074 frequentius
1078 1995 1228 2057 nominet.
1278 1994 1431 2072 Quocirca
1454 1994 1491 2057 de
1515 2000 1601 2057 ‘nora

379 2097 479 2161 forma
501 2098 627 2172 iudicii',
651 2096 688 2160 de
705 2099 841 2160 exercitu
864 2097 897 2158 in
921 2097 985 2160 loro
1009 2097 1092 2159 etin
1116 2098 1261 2160 omnibus
1277 2099 1415 2179 templis,
1439 2117 1520 2179 quae
1544 2100 1601 2160 cir-

379 2219 451 2262 cum
475 2199 706 2274 formarent,
736 2200 901 2274 collocato,
930 2200 967 2262 de
991 2199 1155 2281 praesidiis
1179 2201 1262 2262 circa
1284 2217 1393 2263 omncs
1416 2200 1475 2264 lori
1498 2201 1600 2264 aditus

379 2303 538 2384 dispositis
572 2307 656 2380 (Asc.
688 2323 717 2385 p.
741 2303 796 2378 26,
831 2304 859 2364 3.
883 2306 917 2375 4;
942 2302 995 2377 36,
1022 2304 1118 2382 1-3)
1150 2322 1182 2365 16
1216 2321 1290 2365 6616
1322 2304 1351 2364 16
1387 2304 1484 2366 ‘actis'
1522 2303 1600 2366 nihil

379 2391 533 2487 scriptum
556 2405 652 2468 luisse
675 2425 730 2488 pro
750 2409 834 2469 certo
857 2406 967 2468 babeo.

463 2506 586 2584 Quibus
631 2507 669 2570 dc
702 2509 795 2571 rebus
828 2512 862 2571 ut
894 2509 982 2570 ‘acta'
1029 2508 1171 2581 silerent,
1216 2508 1440 2571 verisimillime
1472 2508 1599 2591 Pompei

379 2628 473 2692 opera
508 2615 540 2672 ct
573 2611 759 2673 auctoritate
794 2611 1004 2686 factumest,
1039 2612 1153 2693 quippe
1177 2611 1265 2675 cuius
1288 2611 1468 2687 interesset,
1499 2630 1540 2674 66
1561 2611 1600 2686 16,

380 2713 462 2794 6666
485 2731 598 2795 parum
621 2713 760 2793 legitime
783 2713 986 2788 instituisset,
1021 2715 1052 2776 in
1083 2715 1181 2776 ‘actis'
1206 2713 1362 2794 legeretur
1392 2733 1469 2776 neve
1498 2719 1602 2795 postc-

379 2834 485 2878 rorum
508 2816 677 2878 memoriae
700 2817 886 2879 traderetur.

466 2917 526 2982 Sed
555 2918 593 2980 de
622 2919 717 2982 66666
745 2919 813 3001 ipsa
840 2923 872 2982 66
895 2919 933 2981 66
955 2918 1008 2992 iia,
1045 2937 1123 2999 quae
1152 2937 1222 2982 earn
1252 2918 1474 2999 sequebantur,
1506 2921 1602 2984 rebus

379 3022 469 3084 ‘acta'
494 3021 649 3084 uberrime
672 3022 832 3085 rettulisse
856 3023 1102 3085 consentaneum
1129 3025 1185 3084 cst.
1233 3021 1382 3085 Milonem
1406 3041 1432 3084 a
1456 3022 1484 3084 6.
1510 3021 1601 3085 Xfll.

379 3124 451 3188 Kal.
467 3125 557 3187 Febr.
574 3123 750 3187 Lanuvium
774 3123 950 3206 profectum
974 3124 1072 3187 'actis'
1097 3125 1178 3187 tradi
1201 3124 1371 3188 scholiasta
1393 3126 1460 3206 ipse
1483 3126 1525 3206 (p.
1551 3126 1600 3198 27,

380 3227 432 3306 12)
449 3229 599 3300 testatum
622 3230 729 3290 utrum
754 3229 860 3290 autam
877 3245 972 3290 66666
990 3227 1394 3308 616166616616Μ116616666
1419 3230 1462 3310 (p.
1479 3228 1528 3304 27,
1549 3229 1600 3306 16)

379 3328 494 3392 ibidem
528 3331 644 3411 scripta
679 3350 719 3392 un
754 3328 938 3392 auctoritate
973 3347 1009 3392 66
1042 3331 1202 3393 voluntate
1234 3329 1377 3412 Pompei,
1413 3331 1467 3410 qui
1490 3348 1601 3394 necem

379 3431 477 3496 Clodii
501 3433 642 3496 consulto
666 3451 684 3495 a
706 3431 821 3496 Milone
848 3433 964 3496 16666111
989 3433 1085 3515 accipi
1112 3433 1270 3508 uoluisset,
1298 3433 1413 3496 omissa
1437 3433 1541 3510 fuerit
1569 3435 1600 3496 in

379 3534 473 3598 dubio
499 3535 675 3615 relinquam
685 3537 722 3615 3).

465 3653 580 3718 Contra
606 3655 753 3726 11111616,
784 3674 846 3737 666
869 3656 995 3720 Clodius
1020 3656 1344 3727 Μ1166166661161166.
1367 3655 1536 3718 indicanda
1564 3690 1597 3700 -

379 3757 473 3820 ‘circa
488 3757 596 3820 horam
612 3761 736 3820 nonam*
754 3759 862 3822 scribit
883 3795 925 3804 -
945 3759 1024 3839 quin,
1037 3759 1190 3822 Asconius
1212 3762 1254 3840 (p.
1272 3759 1323 3833 27,
1341 3759 1394 3839 17)
1420 3759 1510 3821 ‘acta'
1529 3777 1600 3822 con-

379 3859 519 3936 suluerit,
543 3877 614 3922 cum
636 3859 817 3925 aCicerone
835 3864 903 3943 (pro
924 3860 990 3923 Mil.
1015 3862 1064 3937 10,
1081 3862 1135 3940 29)
1158 3861 1277 3924 ‘horam
1301 3861 1365 3924 lere
1389 3860 1599 3925 undecimam*

378 3963 560 4025 nominante
574 3962 737 4044 discrepet,
754 3983 790 4026 ec
802 3965 908 4028 minus
921 3964 1052 4028 dubium
1068 3983 1136 4028 esse
1153 3965 1266 4046 potest,
1280 3963 1361 4045 quod
1379 3964 1416 4026 de
1433 3964 1491 4026 bac
1503 3965 1600 4046 potis-

380 4066 496 4129 simum
516 4083 549 4126 re
570 4064 601 4126 in
621 4065 735 4130 indicio
752 4067 888 4149 plurima
904 4068 999 4130 verba
1018 4087 1087 4130 esse
1104 4066 1189 4130 locta
1204 4071 1453 4129 consentaneum
1470 4070 1526 4130 est.
1562 4065 1599 4128 ln

166 4181 169 4188 ’
288 4199 291 4204 -
379 4168 583 4248 sequentibus
607 4170 697 4231 ‘acta‘
722 4187 757 4231 eo
780 4170 910 4232 indicari
935 4169 1082 4247 arbitror,
1107 4169 1189 4250 quod
1207 4167 1356 4234 Cicerone
1373 4171 1405 4232 et
1421 4169 1598 4244 annalibus,

449 4431 468 4484 1)
487 4426 521 4479 cf.
540 4426 596 4480 Cic.
615 4440 664 4495 pro
683 4422 740 4477 Mil.
760 4424 801 4488 10,
821 4425 863 4476 27.

448 4513 470 4578 1)
489 4511 546 4566 Cic.
564 4510 598 4564 de
616 4517 673 4580 opt.
691 4525 751 4580 gen.
770 4510 882 4574 61664,
901 4511 940 4562 10.

448 4598 469 4666 1ζ)
489 4597 569 4650 Certe
586 4595 697 4666 quidem
715 4595 786 4648 116116
804 4611 859 4648 rem
880 4593 1017 4649 Asconius
1035 4596 1063 4647 in
1082 4594 1205 4648 oratione
1223 4595 1284 4664 ipsa
1296 4595 1348 4661 (10,
1365 4595 1411 4658 27;
1430 4595 1473 4660 17,
1491 4595 1533 4648 ab.
1552 4594 1597 4658 16)

378 4682 491 4735 invenit.
