3514 5244
926 433 969 494 60

421 623 760 707 Wiraeburgensis
794 623 909 690 theol.
938 627 1024 706 916,
1058 625 1132 690 olim
1161 625 1314 691 abbatiae
1342 624 1373 689 S.
1403 624 1559 708 Stephani

333 727 376 812 (v.
402 729 455 795 sol.
482 729 589 813 la⁵²),
625 730 657 795 in
695 731 889 796 membranis
926 730 1048 797 formae
1085 739 1220 814 quartae
1257 731 1387 796 saeculo
1420 731 1559 816 scriptus

332 834 524 902 duodecimo
541 834 619 921 (W).
658 835 837 922 (Pachumii
861 837 930 903 uita
954 845 986 902 et
1009 837 1073 902 duo
1098 838 1333 922 epigrammata
1352 837 1394 904 de
1410 837 1511 922 Helpc
1527 844 1559 902 et

335 942 375 1007 de
394 942 532 1009 Boethio
556 951 589 1008 et
604 943 722 1010 Ottone
737 944 794 1028 ΙΙΙ,
819 944 1012 1010 Germaniae
1036 945 1239 1029 imperatore,
1263 964 1347 1027 quae
1370 945 1403 1010 in
1418 946 1456 1008 W
1471 953 1504 1008 ct
1526 945 1559 1008 in

333 1049 459 1132 aliquot
473 1049 705 1116 consolationis
719 1051 921 1118 Boethianae
940 1050 1106 1116 codicibus
1130 1053 1280 1134 leguntur
1305 1048 1344 1138 [v.
1359 1054 1504 1118 Boethius
1522 1053 1559 1116 de

332 1159 538 1221 cousoiatioue
555 1159 765 1241 philosophiae
788 1161 833 1223 ed.
854 1160 966 1242 Pemer
981 1179 1013 1243 p.
1028 1158 1170 1223 XXXVI
1194 1166 1226 1225 et
1248 1179 1279 1243 p.
1293 1158 1388 1223 XXX
1404 1155 1471 1244 aql,
1495 1157 1559 1222 iam

334 1263 466 1328 saeculo
491 1261 660 1329 undecimo
684 1272 820 1329 exarata
844 1263 940 1350 sunt).
978 1265 1123 1331 Senecae
1142 1264 1300 1350 epistulas
1317 1265 1366 1330 ΙΙ
1391 1284 1493 1347 usqne
1516 1263 1560 1328 ad

333 1368 395 1433 Vll
417 1373 448 1454 4,
473 1373 516 1436 25
548 1371 581 1434 in
614 1370 730 1436 iisdem
762 1372 870 1438 verbis
899 1380 997 1455 atque
1028 1372 1060 1436 in
1088 1371 1115 1436 E
1148 1371 1334 1438 desinentes
1362 1370 1560 1456 praecedunt

331 1478 424 1541 uerba
439 1478 518 1541 beati
531 1481 714 1561 Hieronymi
727 1481 764 1542 de
780 1478 895 1544 Sereecu
918 1487 951 1542 et
973 1481 1172 1563 Epitaphium
1187 1479 1328 1544 Senecae.
1353 1477 1559 1544 salutationis

333 1581 470 1648 formula
492 1583 616 1667 primae
640 1591 764 1649 tantum
782 1584 942 1668 epistulae
957 1584 1146 1669 praeposita
1161 1593 1219 1670 est,
1242 1584 1470 1650 valedictionis
1483 1603 1558 1649 raro

332 1689 463 1756 omissa.
510 1689 670 1774 epistulae
692 1691 725 1755 in
749 1691 849 1756 libros
872 1711 937 1756 non
964 1690 1158 1776 dividuntur,
1187 1691 1246 1758 sed
1273 1711 1388 1758 manus
1417 1689 1560 1757 secunda

333 1795 482 1880 aequalis
505 1835 549 1844 -
573 1797 701 1882 eadem,
733 1798 767 1863 ni
799 1797 909 1882 fallor,
942 1818 1026 1884 quae
1058 1799 1185 1866 litteras
1217 1799 1360 1864 initiales
1390 1798 1494 1882 pinxit
1516 1835 1560 1842 —-

333 1923 484 1970 numeros
503 1904 545 1968 .Ι.
565 1924 668 1987 usque
690 1903 734 1968 ad
758 1905 889 1970 ,LXVL
911 1911 1091 1970 atramento
1114 1905 1148 1970 in
1163 1906 1362 1989 marginibus
1377 1904 1559 1988 adscripsit.

333 2009 449 2075 eadem
476 2031 549 2076 raro
578 2031 662 2094 quae
689 2031 804 2077 manus
826 2012 932 2097 prima
955 2011 1131 2096 scripserat
1155 2012 1302 2078 correxit.
1348 2011 1488 2077 crebrior
1511 2018 1561 2076 est

332 2137 448 2182 manus
462 2117 558 2182 tertia
574 2117 696 2184 saeculi
709 2119 922 2202 XIII-XIV,
946 2139 1030 2202 quae
1046 2118 1161 2184 eadem
1175 2119 1209 2184 in
1223 2119 1423 2202 marginibus
1438 2119 1561 2200 aliquot

246 2272 249 2281 .
334 2224 465 2290 notulas
502 2223 632 2291 adiecit
696 2225 817 2291 contuli
853 2225 937 2290 hunc
973 2223 1130 2309 codicem,
1169 2246 1231 2309 quo
1268 2227 1333 2291 iam
1368 2225 1562 2290 lhanciscus

333 2328 462 2397 Medius
486 2351 563 2397 usus
588 2340 638 2398 est
661 2330 888 2417 (lllooautiquae
907 2335 1046 2398 iectiouea
1060 2332 1263 2398 Francofurti
1281 2336 1367 2399 1584
1385 2354 1416 2417 p.
1433 2334 1497 2398 262
1513 2351 1561 2413 sq.

334 2442 366 2500 et
389 2437 481 2517 alibi)
511 2446 543 2503 et
570 2459 664 2522 quem
691 2439 863 2504 Fickertus
891 2439 968 2520 (vol.
993 2439 1009 2503 I
1032 2461 1062 2524 p.
1085 2440 1159 2522 XV)
1193 2439 1330 2525 periisse
1359 2439 1561 2524 opinabatur,

334 2544 376 2608 ab
408 2543 459 2628 iis,
492 2545 546 2629 qui
579 2545 795 2611 bibliothecae
827 2546 1049 2613 universitatis
1081 2546 1359 2630 Wirzeburgensis
1396 2555 1560 2630 praesunt,

333 2649 565 2717 Vratislaviam
589 2651 817 2719 liberalissime
841 2652 1126 2734 transmissum.⁵⁸)

423 2758 450 2822 E
466 2766 498 2825 et
511 2759 552 2824 W
566 2759 665 2843 igitur
680 2779 751 2825 cum
766 2779 829 2824 non
847 2767 971 2824 tantam
990 2761 1024 2824 in
1040 2759 1155 2826 eadem
1179 2759 1430 2844 epistulaV116
1453 2756 1562 2822 media

335 2861 494 2947 desinant,
510 2865 570 2932 sed
583 2866 664 2932 vitia
679 2887 806 2950 quoque
819 2867 921 2932 multa
937 2867 1117 2932 communia
1132 2866 1282 2958 habeant,
1297 2886 1337 2931 en
1350 2851 1563 2931 eodcmlonte

337 2991 490 3038 manasse
512 2980 612 3058 patet.
652 2994 786 3058 quoram
808 2974 890 3040 haec
912 2974 1009 3039 velim
1033 2972 1234 3040 consideres:
1258 2973 1275 3036 Ι
1294 2977 1323 3057 8,
1343 2975 1362 3040 8
1386 2992 1444 3056 pro
1463 2979 1565 3056 potest

327 3081 424 3160 sieri
450 3079 483 3142 in
511 3079 538 3144 E
565 3081 607 3146 W
634 3087 685 3146 est
710 3089 813 3166 potest
843 3084 1063 3164 coutiupere.
1093 3119 1138 3126 —
1166 3081 1326 3164 epistulae
1354 3079 1429 3144 113
1461 3077 1495 3143 in
1520 3077 1563 3142 W

333 3184 438 3268 prima
452 3188 551 3252 verba
566 3195 641 3253 sunt
653 3187 750 3253 haec:
775 3189 844 3253 Moe
860 3192 940 3272 suit
962 3191 1181 3271 antiquitus,
1207 3185 1329 3252 codicis
1344 3187 1371 3250 Ε
1387 3184 1562 3251 secundum

332 3291 532 3376 Fickertnm,
561 3295 616 3377 qui
643 3295 813 3360 verborum
841 3293 986 3360 ordinem
1015 3314 1128 3360 curare
1156 3313 1218 3360 non
1244 3292 1340 3359 solet:
1369 3294 1439 3358 Mos
1466 3294 1563 3357 auti-

333 3402 457 3487 quitus
473 3404 568 3483 suit‚·
592 3401 706 3467 melius
730 3402 791 3486 Pp
820 3402 900 3467 Pr.b
927 3403 998 3467 Mos
1022 3405 1187 3485 autiquia
1203 3405 1291 3484 suit.
1317 3437 1361 3446 -
1385 3402 1414 3482 9,
1434 3401 1454 3465 3
1478 3397 1563 3462 EW

333 3515 407 3590 post
431 3507 530 3571 verba
552 3511 594 3572 act
607 3510 733 3590 fidelem
755 3509 950 3592 stabilemque
973 3507 1123 3573 omittunt
1137 3506 1328 3573 vocabulum
1340 3507 1504 3589 pluriam.
1521 3541 1561 3552 -

371 3616 546 3624 -——-.--

424 3647 462 3715 ⁵¹)
481 3649 511 3702 in
534 3652 696 3720 tegumento
721 3649 820 3704 codicis
844 3650 974 3704 interiore
997 3667 1082 3704 manu
1106 3649 1189 3718 paulo
1212 3647 1362 3703 recentiore
1380 3665 1420 3706 ea.
1444 3646 1564 3716 quaein

331 3736 398 3792 folio
419 3739 457 3792 la
474 3738 583 3793 saeculo
601 3739 652 3792 XV
671 3739 792 3807 scripsit:
817 3741 871 3792 Iste
889 3741 957 3793 iiber
973 3742 1092 3807 pertinet
1110 3741 1147 3794 ad
1166 3746 1295 3814 sanctum
1307 3739 1477 3805 stephanum,
1496 3737 1562 3790 haec

331 3824 464 3895 legumtur
477 3844 548 3894 quae
567 3831 663 3896 postea
677 3828 770 3882 deleta
784 3831 862 3882 sunt:
882 3829 1042 3882 Leouurdus
1056 3827 1220 3895 (sequuntur
1234 3829 1368 3894 quattuor
1381 3825 1438 3880 fere
1452 3825 1563 3880 litterae

331 3933 440 3984 prorsas
458 3915 576 3984 deletae)
596 3918 759 3972 Leunardus
778 3919 989 3984 Aldeuehenpeu.

422 4003 458 4072 Μ)
477 4005 550 4058 hune
564 4023 649 4060 unum
665 4023 698 4060 ex
713 4005 801 4059 tribus
811 4005 949 4060 codicibus
959 4006 1140 4075 epistularum
1153 4005 1271 4059 Senecae
1280 4003 1561 4072 Wimeburgensibna

331 4093 431 4161 quihus
449 4093 557 4148 Medius
575 4112 603 4148 se
623 4113 702 4148 usum
726 4111 783 4149 essa
806 4095 875 4149 dicit
898 4094 927 4162 (l.
947 4113 968 4150 c.
989 4113 1017 4164 p.
1036 4097 1074 4160 5).
1100 4110 1238 4163 superesse
1262 4092 1347 4146 didici
1370 4109 1404 4146 ex
1426 4092 1468 4156 iia,
1493 4107 1563 4160 quae

331 4183 494 4238 Rnhlandus
518 4201 551 4239 ex
577 4186 664 4240 Medii
686 4187 836 4238 euchiridio
864 4184 894 4238 in
917 4184 1087 4238 bibliotheca
1114 4182 1304 4237 universitatis
1327 4180 1562 4251 Wirueburgensis

332 4277 470 4327 asservato
498 4272 528 4326 in
554 4275 669 4341 Serapei
691 4273 744 4327 vol.
764 4273 829 4327 XIV
854 4291 881 4343 p.
901 4273 935 4328 86
958 4291 998 4342 sq.
1026 4273 1070 4335 (ci.
1094 4290 1120 4341 p.
1144 4272 1204 4339 loo)
1232 4271 1374 4340 excerpsit.
1417 4272 1474 4324 iam
1500 4287 1562 4324 uero

331 4361 450 4430 cognitis
473 4361 572 4416 codicis
591 4362 627 4415 W
652 4361 824 4426 lectionibus,
849 4361 898 4430 qni
921 4379 955 4416 ex
977 4361 1074 4416 ceteris
1097 4361 1186 4429 iisque
1210 4359 1360 4430 deperditis
1382 4359 1468 4414 Medii
1488 4359 1563 4413 libris

330 4451 495 4521 scripturam
514 4450 639 4520 aliquam
659 4450 694 4505 ab
713 4467 744 4506 eo
764 4451 902 4520 prolatam
921 4450 1103 4514 exhibuerint,
1123 4449 1313 4505 ratiocinando
1332 4448 1438 4504 efficere
1457 4449 1562 4516 aliquot

331 4539 397 4594 locis
416 4540 489 4594 licet.
528 4558 583 4593 non
603 4543 729 4594 accurate
749 4543 842 4594 antem
862 4557 914 4604 eos,
939 4556 1055 4608 quorum
1078 4557 1149 4592 unus
1172 4538 1217 4592 vel
1242 4538 1296 4592 dno
1315 4537 1400 4592 codici
1420 4539 1445 4592 A
1462 4537 1563 4592 similes

330 4628 460 4684 videntur
482 4629 575 4694 fuisse,
601 4629 636 4683 ab
659 4628 708 4683 illo
733 4628 848 4684 collatos
870 4645 927 4683 esse
951 4646 985 4683 ea
1006 4645 1040 4682 ex
1062 4645 1091 4682 re
1115 4632 1230 4697 apparet
1254 4627 1335 4696 quod,
1363 4645 1425 4681 eum
1449 4645 1476 4696 p.
1496 4630 1511 4680 ‘l
1533 4627 1563 4679 in

331 4730 373 4788 ep.
393 4719 406 4773 Ι
424 4723 449 4783 l,
470 4721 485 4772 5
508 4721 608 4787 pusio
632 4735 681 4787 pro
701 4721 859 4787 pupillus
882 4717 911 4772 in
936 4721 1047 4787 scriptia
1071 4719 1150 4772 libris
1172 4719 1294 4772 omuibus
1312 4718 1407 4770 extare
1425 4716 1508 4780 dicat,
1527 4715 1562 4768 W

336 4811 431 4862 tamen
445 4809 604 4876 pupillus
621 4807 715 4861 babet.
