3514 5244
745 391 889 488 .---.⁷¹.

326 585 486 652 Panciora
522 585 627 650 habeo
662 605 745 668 quae
779 583 820 650 de
856 582 974 650 aliero
1013 582 1250 666 epistularum
1289 583 1469 649 volumine

238 695 327 776 (XIV
354 694 490 761 l-XX
515 692 548 780 7)
580 692 694 758 dicam.
744 713 820 758 nam
848 699 880 758 et
908 693 1055 758 codicum
1084 690 1200 776 quibus
1228 699 1392 758 servatum
1421 699 1471 759 est

236 823 386 868 numerus
419 801 518 866 multo
551 801 655 866 minor
692 807 742 866 est
779 821 874 884 quam
909 800 1026 886 prioris
1059 806 1091 866 et
1125 799 1165 864 de
1197 798 1327 884 optimis
1360 820 1469 865 eorum

237 909 431 974 Franciscus
446 908 663 975 Buechelerus
680 909 713 973 in
729 908 931 994 praefatione
946 908 1098 974 editionis
1120 908 1252 973 Sermone
1267 911 1469 992 arietatorum

236 1020 350 1102 aliquot
370 1015 545 1102 philologis
566 1025 598 1082 et
611 1016 878 1101 praeceptoribus
896 1015 1090 1082 Germaniae
1105 1016 1265 1081 Treveros
1280 1035 1365 1080 anno
1383 1017 1467 1082 1879

237 1124 501 1189 convenientibus
525 1123 656 1189 oblatae
679 1123 726 1188 ita
750 1122 911 1208 disseruit,
935 1124 990 1188 vin
1013 1129 1048 1187 ut
1071 1123 1244 1206 quicquam
1257 1121 1336 1187 addi
1351 1122 1466 1207 possit.

236 1230 300 1296 duc
336 1231 436 1314 igitur
472 1230 627 1296 habemus
666 1230 810 1296 eiusdem
851 1229 1045 1316 exemplaris
1087 1229 1292 1314 apographa,
1335 1228 1466 1296 codices

235 1337 623 1424 A(rgent0ratensem
644 1337 728 1404 cvl
744 1336 778 1425 5)
802 1345 836 1404 et
858 1337 1244 1421 B(ambergensemV
1261 1339 1314 1418 14)
1335 1337 1466 1403 saeculo

235 1468 319 1512 nono
344 1452 481 1513 exeunte
505 1453 562 1511 aut
585 1447 710 1512 decimo
735 1446 865 1513 ineunte
889 1454 1049 1513 exaratos.
1082 1445 1203 1512 habere
1225 1465 1284 1511 uos
1309 1464 1366 1510 ecs
1390 1444 1466 1530 dixi,

236 1554 428 1639 quamvisd
450 1555 521 1639 ipsc
546 1554 610 1619 iam
634 1574 697 1619 non
721 1560 816 1620 extet.
853 1554 977 1638 aliquot
1001 1555 1085 1619 enim
1105 1553 1199 1618 anuis
1214 1559 1290 1617 ante
1304 1553 1465 1620 funestam

234 1661 324 1727 illam
351 1661 429 1727 belli
457 1660 591 1745 cladem,
624 1683 688 1745 qua
716 1663 906 1747 absumptus
935 1669 997 1746 est,
1027 1668 1120 1727 tanta
1148 1682 1221 1727 eum
1248 1660 1465 1727 Buechelerns

235 1768 406 1852 diligentia
443 1768 630 1855 contulerat,
667 1775 703 1834 ut
739 1769 774 1834 id
811 1769 976 1855 exemplar
1012 1769 1268 1855 Fickertiannm,
1306 1769 1356 1834 cui
1395 1769 1465 1835 eius

139 1873 140 1878 ’
234 1876 390 1944 lectiones
414 1877 602 1963 adscripsit,
631 1877 696 1942 iam
724 1877 847 1944 codicis
870 1879 974 1943 instar
997 1897 1071 1944 esse
1095 1876 1225 1943 dixeris.
1272 1897 1465 1960 quamquam

234 1990 342 2051 autem
374 1985 540 2069 utriusque
574 1984 696 2051 codicis
728 1985 853 2051 librarii
882 2023 924 2032 —
954 2005 975 2050 a
1006 1985 1152 2070 pluribus
1185 1984 1270 2050 enim
1296 1990 1464 2068 utrumque

234 2099 400 2160 exaratum
429 2113 503 2159 esse
530 2093 748 2159 Buechelerus
778 2093 966 2174 affirmate)
991 2131 1032 2142 -
1058 2100 1150 2158 tanta
1173 2093 1330 2177 religione
1353 2091 1463 2157 arche-

234 2207 345 2286 typum
369 2221 460 2266 suum
485 2201 588 2266 secuti
612 2207 695 2285 sunt,
719 2207 754 2266 ut
775 2201 904 2284 singula
921 2201 987 2268 fere
1002 2200 1083 2265 folia
1096 2201 1180 2266 inter
1195 2221 1230 2266 se
1243 2199 1464 2285 respondeant

234 2315 266 2374 et
292 2307 419 2387 fuerint,
449 2308 503 2391 qui
531 2309 559 2372 A
587 2327 627 2372 ex
651 2309 677 2372 B
707 2307 903 2394 descriptum
933 2329 1007 2376 esse
1031 2307 1322 2392 contenderentw),
1354 2314 1462 2372 tamen

233 2416 261 2482 is
285 2415 340 2500 qui
361 2416 447 2482 huuc
471 2416 626 2494 exaravit,
652 2437 722 2480 cum
746 2417 900 2482 maiorem
924 2416 980 2482 illo
1002 2416 1136 2500 linguae
1148 2415 1287 2481 Latinae
1307 2415 1461 2498 cognitio-

231 2544 305 2590 nem
332 2523 475 2608 haberet,
504 2525 608 2590 rarius
637 2544 734 2608 quam
761 2524 830 2608 ille,
859 2524 912 2608 qni
943 2544 1023 2608 qnos
1051 2524 1230 2589 litterarum
1259 2522 1374 2589 ductus
1398 2543 1462 2588 non

231 2631 443 2716 intellegebat
468 2631 583 2696 saltem
608 2629 782 2716 diligenter
804 2632 998 2718 imitabatur,
1020 2632 1054 2697 in
1078 2631 1249 2698 scribendo
1272 2631 1385 2717 lapsus
1402 2637 1461 2697 est.

231 2737 330 2804 habet
367 2745 475 2804 tamen
512 2738 565 2804 hic
602 2760 730 2822 quoque
766 2760 890 2824 paucas
923 2739 1083 2822 quasdam
1115 2740 1306 2824 scripturas,
1344 2739 1460 2823 quibus

231 2845 463 2928 Bambergensi
486 2852 632 2931 praestet
656 2853 688 2910 et
712 2867 794 2930 quas
819 2846 1007 2912 coniciendo
1030 2848 1179 2913 inventas
1203 2867 1276 2914 esse
1299 2847 1354 2912 vix
1374 2846 1459 2929 quis-

231 2974 326 3036 quam
355 2952 517 3038 putaverit
541 2959 582 3032 (v.
605 2953 785 3019 Buecheler
807 2976 837 3039 p.
857 2955 924 3033 Vl).
970 2953 1022 3020 his
1049 2955 1148 3039 igitur
1175 2954 1266 3020 libris
1295 2960 1458 3037 tamquam

231 3059 373 3125 fontibus
396 3059 560 3144 primariis
584 3060 616 3125 in
639 3061 838 3126 recensendo
863 3061 1074 3146 epistularum
1097 3061 1259 3128 volumine
1279 3061 1459 3147 posteriore

230 3167 384 3233 utendum
422 3173 479 3234 est.
534 3167 688 3251 quamdiu
726 3176 834 3234 antem
865 3169 1054 3235 Bneoheleri
1088 3169 1263 3236 editionem
1299 3170 1459 3253 integram

231 3281 448 3360 expectamus,
472 3276 548 3358 quia
572 3296 655 3358 quae
672 3275 1002 3360 Schweighaeuserns
1024 3285 1056 3342 et
1070 3277 1242 3343 Fickertus
1267 3277 1308 3343 de
1331 3277 1458 3343 illorum

232 3383 400 3468 scripturis
424 3382 626 3449 tradiderunt
650 3383 841 3450 satisfacere
861 3383 948 3448 nullo
962 3384 1058 3449 modo
1072 3391 1217 3470 possunt,
1240 3383 1277 3450 A.
1292 3384 1458 3450 Weidneri

231 3489 353 3556 codicis
377 3490 627 3573 Bambergensis
652 3491 825 3557 collatione
849 3490 1002 3557 utendum
1021 3498 1070 3558 est
1084 3511 1105 3556 a
1120 3493 1261 3576 Georgio
1277 3491 1457 3557 Windhaus

229 3599 262 3664 in
284 3605 523 3683 programmate
547 3598 708 3682 gymnasii
727 3598 1007 3666 Darmstadtensis
1022 3599 1106 3697 ¹auru
1123 3601 1208 3666 1879
1231 3598 1352 3684 publici
1375 3597 1454 3664 iuris

229 3706 318 3771 iacta
342 3712 374 3771 et
397 3705 670 3792 adnotationibus,
701 3707 816 3791 quibus
843 3706 1018 3792 prudenter
1040 3707 1228 3792 plerumque
1252 3706 1293 3772 de
1317 3705 1454 3790 singulis

229 3814 310 3880 locis
333 3813 497 3900 iudicavit,
521 3814 702 3880 inlustrata.
735 3815 834 3880 multo
858 3835 934 3880 vero
958 3815 1063 3880 minus
1079 3823 1231 3880 accurate
1245 3835 1266 3879 a
1279 3814 1453 3881 Weidnero

318 4107 357 4178 ⁶⁹)
376 4109 472 4164 Haasii
490 4108 676 4164 coniecturam
690 4109 803 4176 (roilli
817 4127 842 4178 p.
859 4109 919 4176 lli),
939 4109 987 4178 qni
1007 4111 1041 4165 ab
1060 4109 1153 4165 ecdem
1174 4109 1286 4164 librario
1305 4114 1452 4180 utrumque

227 4200 328 4254 librum
356 4201 501 4253 exaratum
529 4215 586 4252 esse
612 4199 739 4267 putabat,
767 4198 961 4268 speciminibus
988 4200 1149 4269 scripturae,
1177 4218 1249 4268 quae
1272 4200 1453 4256 Buechelerus

227 4289 341 4344 editioni
361 4305 426 4342 suae
445 4287 554 4354 adiecit,
574 4287 647 4342 inter
665 4305 693 4342 se
712 4288 878 4357 comparatis
897 4289 1041 4344 refellitur.

320 4411 355 4484 ¹⁰)
374 4415 450 4468 Aem.
470 4415 583 4469 Hermes
601 4415 631 4468 in
652 4417 856 4481 eraeaaonibas
874 4418 979 4470 criticis
996 4419 1026 4472 in
1045 4419 1078 4472 L.
1097 4419 1205 4472 Auunci
1224 4418 1334 4472 Senecae
1352 4420 1453 4486 epictu-

225 4507 316 4559 larum
334 4507 478 4560 rncrclr'um
493 4513 601 4572 pur-tem
617 4505 652 4558 Il
667 4505 868 4574 programmati
886 4506 1025 4575 gymnasii
1044 4507 1182 4561 Meursani
1201 4507 1268 4562 anni
1289 4507 1356 4561 1874
1375 4525 1450 4576 prae·

225 4593 315 4648 missis
329 4612 355 4663 p.
369 4596 394 4660 6,
407 4594 439 4648 G.
450 4593 606 4648 Windhaus
619 4593 707 4648 libelli
722 4593 795 4648 infra
809 4595 978 4650 memorandi
989 4615 1014 4666 p.
1030 4597 1050 4662 l,
1066 4597 1095 4652 l'.
1106 4597 1258 4652 Gloeckner
1272 4597 1302 4651 in
1314 4601 1449 4664 Quaestio·

225 4687 304 4738 m'bus
322 4687 489 4753 Aancecm'a,
507 4683 587 4738 Halis
607 4685 674 4738 1877
693 4702 720 4754 p.
740 4685 771 4738 31
788 4702 826 4752 sq.

1514 1229 1533 1268 1.
1554 1229 1645 1271 codices

1499 1301 1666 1343 vetustissimi:

1549 1374 1574 1420 Δ,
1588 1375 1614 1416 B.
