3560 5242
762 361 970 457 „Q-

253 577 435 646 Minervam.
479 582 518 646 cf.
541 585 621 665 Aug.
644 583 679 650 C.
702 582 741 646 D.
763 581 826 646 VH
848 583 889 647 le
904 582 939 658 f.;
967 584 1049 647 Tert.
1073 583 1112 646 ad
1135 585 1200 646 nat.
1223 583 1255 646 II
1280 584 1329 661 16,
1350 585 1383 648 in
1406 585 1474 666 qui·

253 684 312 747 bus
334 684 411 748 locis
433 685 628 750 Varroniano
650 685 792 750 doctrina
812 686 905 750 inest.
932 723 969 732 -
996 723 1033 732 -

337 786 406 850 Iam
430 785 498 852 Oct.
520 789 561 850 23
585 791 617 852 εὴ
638 789 727 872 Apol.
752 791 792 850 14
813 789 897 852 inter
920 809 953 854 se
977 788 1165 854 conferenda
1187 790 1276 852 sunt:

508 888 584 952 Min.
1137 891 1219 954 Tert

294 991 362 1054 Has
385 991 511 1056 fabulas
534 997 566 1056 εὴ
588 1011 707 1058 errores
730 996 769 1059 ab
793 996 840 1058 in·
927 994 1006 1058 Nolo
1018 997 1043 1076 ¹)
1066 996 1099 1058 et
1119 995 1198 1057 ritus
1220 995 1341 1056 vestros
1364 1011 1471 1056 recen-

251 1094 360 1177 peritis
391 1095 575 1176 parentibus
609 1096 773 1172 discimuS,
808 1101 840 1160 εὴ
883 1114 965 1160 sere:
999 1115 1061 1160 non
1096 1095 1163 1160 dico
1196 1095 1305 1177 quales
1339 1094 1408 1160 sitis
1438 1094 1470 1158 in

253 1196 335 1278 quod
359 1199 407 1260 est
429 1196 569 1278 gravius,
591 1198 649 1280 ipsi
672 1198 784 1263 studiis
807 1203 840 1263 et
883 1198 1100 1276 sacrificando,
1128 1217 1198 1262 cum
1227 1200 1336 1261 enecta
1362 1200 1395 1262 et
1423 1200 1471 1262 ta-

252 1297 426 1381 disoiplinis
455 1299 667 1375 elaboramus
694 1301 839 1365 carmini·
883 1300 991 1366 bidosa
1014 1304 1045 1365 et
1067 1301 1210 1366 scabiosa
1226 1319 1369 1382 quaeque
1385 1319 1471 1365 mao-

253 1401 311 1464 bus
356 1402 521 1485 praecipue
565 1405 740 1484 poetarum,
785 1405 838 1486 qui
882 1405 971 1478 tatia,
996 1423 1068 1467 oum
1091 1403 1128 1467 de
1151 1403 1262 1486 opimis
1286 1405 1318 1466 εὴ
1338 1402 1469 1484 integris

250 1503 421 1586 plurimum
449 1507 603 1585 qrrantum
629 1507 752 1571 veritati
779 1507 837 1589 ipsi
882 1524 1077 1589 superuacua
1121 1525 1263 1588 quaeque
1304 1507 1469 1582 truncatis,

251 1624 321 1669 sua,
353 1609 540 1672 auctoritate
577 1613 761 1674 nocuerunt.
806 1613 838 1673 et
882 1609 1018 1692 capitula
1047 1612 1079 1672 et
1101 1608 1251 1689 ungulas,
1283 1626 1363 1690 quae
1387 1607 1469 1672 domi

250 1705 342 1772 Plato
375 1709 445 1774 ideo
477 1712 635 1793 praeclare
663 1711 837 1776 Homerum
881 1730 1005 1792 quoque
1037 1711 1143 1794 pueris
1177 1710 1226 1774 vel
1256 1711 1387 1774 canibus
1416 1709 1470 1774 de·

250 1809 340 1874 illurn
355 1812 508 1894 inclytum
526 1813 689 1877 laudatum
705 1819 737 1878 εὴ
753 1834 837 1878 coro-
881 1814 1065 1890 stinassstis‚
1089 1832 1161 1876 curn
1184 1813 1221 1876 de
1246 1813 1366 1877 decima
1389 1811 1468 1876 Her·

251 1917 362 1977 natum
386 1915 424 1979 de
448 1915 582 1990 civitate,
606 1935 701 1996 quam
723 1918 754 1979 in
772 1936 837 1981 ser·
881 1917 960 1980 culis
1005 1935 1063 1980 nec
1106 1917 1231 1980 tertiam
1274 1920 1397 1999 partem
1435 1915 1468 1976 in

249 2034 342 2080 mone
365 2017 564 2094 instituebat,
587 2019 686 2083 eiecit.
881 2037 969 2083 aram
1013 2020 1080 2082 eius
1124 2019 1274 2101 inponitis
1319 2016 1468 2100 (laudabo

291 2117 351 2183 Hic
395 2122 479 2184 enirn
524 2122 710 2204 praecipuus
754 2124 836 2188 bello
880 2121 981 2202 magis
1004 2120 1210 2204 sapientiam,
1234 2120 1317 2203 quod
1339 2119 1376 2183 de
1399 2137 1468 2200 per-

249 2221 354 2286 Troico
382 2222 455 2287 deos
485 2228 619 2300 vestros,
654 2227 711 2288 etsi
746 2226 835 2290 ludos
881 2225 945 2289 dito
977 2224 1095 2305 aliquid
1129 2224 1272 2306 eripitis),
1305 2221 1360 2285 sed
1394 2240 1467 2285 oon·

137 2367 140 2374 ,
248 2321 337 2398 lacit,
365 2327 473 2389 tamen
499 2327 531 2390 in
555 2328 718 2392 hominum
742 2330 834 2393 rebus
880 2346 988 2391 uersus
1004 2327 1043 2390 ad
1059 2326 1182 2391 litteras
1198 2329 1326 2402 vestras,
1351 2324 1465 2406 quibus

248 2429 280 2490 et
303 2428 426 2491 actibus
449 2429 593 2505 miscuit,
624 2431 685 2496 hio
707 2451 833 2496 eorum
879 2429 1089 2493 informamini
1127 2429 1165 2492 ad
1203 2428 1401 2512 prudentiam
1435 2430 1467 2490 et

246 2530 355 2611 paria
383 2534 609 2614 composuit,
644 2536 834 2599 sauciarit
878 2531 1020 2595 liberalia
1048 2531 1164 2614 officia,
1196 2533 1314 2613 quantu
1342 2528 1466 2592 inuenio

248 2629 443 2710 Ven'erem,
488 2633 648 2699 dlartem
694 2638 832 2712 vinxit,
877 2633 1023 2699 ludibria!

246 2733 442 2812 vulneravit,
498 2736 627 2819 fugavit.
707 2740 831 2804 Iovem
921 2737 1010 2800 deos
1041 2739 1141 2801 inter
1170 2757 1207 2800 se
1239 2739 1364 2819 propter
1390 2734 1464 2797 Tro·

246 2841 377 2900 narrat
413 2839 570 2906 Briareo
615 2842 831 2918 liberatum,
877 2841 964 2904 iauos
992 2843 1024 2904 et
1050 2840 1184 2904 Achiuos
1214 2843 1254 2902 ut
1282 2837 1465 2919 gladiato·

246 2956 289 3002 ne
320 2958 338 3003 a
366 2941 438 3006 diis
466 2944 605 3008 ceteris
636 2945 832 3026 ligaretur,
877 2963 957 3007 rum
1001 2944 1107 3027 paria
1144 2959 1369 3022 congressos
1408 2939 1466 3003 de·
1529 3002 1535 3012 ,

246 3043 284 3104 εὴ
314 3041 574 3127 Sarpedonem
605 3047 720 3121 filium,
758 3067 833 3129 quo-
876 3065 1084 3130 pugnasse,
1114 3045 1300 3108 Venerem
1325 3043 1464 3106 humana

245 3143 331 3207 niam
358 3147 450 3209 morli
474 3167 536 3211 non
559 3153 682 3231 poterat
705 3152 832 3233 eripere,
877 3150 992 3231 sagitto
1015 3148 1243 3222 sauciatam,
1266 3145 1348 3228 quod
1363 3145 1463 3207 lilium

245 3249 385 3312 cruentis
413 3249 565 3314 imbribus
598 3251 767 3328 flevisse,
801 3259 833 3316 et
877 3272 970 3317 suum
993 3257 1120 3316 Aenean
1142 3269 1240 3334 perone
1263 3247 1463 3313 interfectum

244 3349 309 3413 loro
323 3349 454 3415 Veneris
470 3353 621 3417 inlectum
637 3355 831 3438 flagrantius,
878 3357 917 3419 ab
941 3355 1050 3420 eodem
1066 3353 1217 3418 Diomede
1234 3370 1341 3434 rapere
1358 3349 1464 3424 vellet,

245 3470 340 3532 quam
364 3453 395 3516 in
421 3454 580 3520 adulteras
603 3458 718 3533 soleat,
749 3478 831 3523 cunr
876 3458 1037 3523 Martem
1065 3456 1216 3521 tredecim
1238 3453 1400 3518 mensibus
1424 3452 1460 3514 in

243 3554 391 3620 Iunone
415 3577 508 3621 uxore
532 3560 793 3626 concumbere.
877 3561 1043 3625 vinculis
1088 3577 1186 3644 paene
1230 3559 1464 3638 consumptum,

286 3659 368 3723 Alibi
392 3659 544 3725 Hercules
573 3667 710 3727 stercora
734 3666 831 3747 egerit
874 3665 1018 3738 Iovem,
1057 3682 1100 3726 ne
1138 3662 1294 3726 eandem
1332 3659 1405 3722 rim
1444 3675 1462 3721 a

243 3763 275 3824 et
296 3763 432 3844 Apollo
455 3764 612 3828 Admeto
635 3784 749 3847 pecus
772 3787 831 3851 pa·
875 3767 1012 3832 ceteris
1043 3765 1249 3830 caelitibus
1277 3762 1463 3846 experire-

243 3863 328 3927 soit.
372 3864 619 3931 Laomedonti
650 3887 831 3934 veremu-
875 3872 949 3945 tur,
982 3888 1101 3952 opera
1133 3868 1328 3933 cuiusdam
1360 3885 1460 3931 mon·

242 3984 302 4030 ros
326 3965 525 4050 Neptunus
548 3971 742 4048 instituit,
774 3992 830 4038 nec
874 3973 945 4038 stri
962 3973 1180 4044 liberatum;
1198 3975 1348 4035 etnuno
1365 3969 1461 4032 ilen-

312 4239 333 4306 ¹)
356 4239 401 4293 Sic
424 4240 494 4293 enim
520 4257 569 4310 pro
593 4243 668 4296 ‘volo'
691 4261 750 4298 curm
771 4245 967 4315 llarercampio
990 4247 1130 4314 legendum
1154 4261 1213 4300 esse
1232 4245 1370 4313 perspexit
1389 4243 1460 4295 llar-

242 4323 321 4377 telius
341 4325 391 4380 l.o
419 4340 443 4392 p.
463 4327 521 4378 366.
558 4327 615 4380 Noc
639 4336 728 4383 tamen
752 4330 864 4398 desunt,
889 4333 933 4399 qui
957 4333 1037 4387 verbo
1060 4332 1136 4386 ‘volo'
1161 4337 1270 4385 servato
1293 4347 1342 4398 pro
1373 4327 1461 4382 ‘ritus'

240 4409 410 4462 scribendum
443 4413 631 4478 proposuerint
663 4414 758 4468 ‘risus’.
808 4415 921 4484 Legitur
949 4418 1020 4472 enim
1049 4417 1083 4471 ad
1116 4425 1171 4471 nat.
1197 4417 1207 4470 1
1239 4417 1270 4470 10
1301 4432 1325 4484 p.
1357 4417 1418 4478 169,
1442 4415 1460 4466 2

241 4494 321 4547 simili
341 4495 415 4548 loco:
433 4495 583 4550 ‘Derisus
603 4515 664 4553 voro
682 4507 783 4566 «pilento
802 4501 934 4567 lascivior,
955 4507 1033 4558 tanto
1052 4503 1206 4558 denotatior
1224 4502 1258 4556 ad
1272 4501 1458 4556 contumeliae

239 4595 356 4634 morsum
368 4580 375 4601 '
