3546 5236
855 337 1067 473 „aee-'-

344 571 379 633 in
404 571 515 655 capita
539 568 687 636 distinxit
707 569 815 636 dicere
834 570 966 656 placuit,
990 571 1176 657 postposuit
1196 571 1263 654 (12,
1281 574 1330 654 17,
1344 572 1428 653 461)
1465 573 1583 656 itaque

346 677 374 741 si
403 676 518 742 Florus
550 676 707 742 historiae
736 677 902 742 Romanae
936 677 1097 762 epitomen
1136 676 1231 742 modo
1261 679 1300 761 01,
1329 699 1423 762 quem
1451 679 1579 746 Seneca

345 789 439 866 pater
467 783 499 848 in
529 782 672 848 historiis
697 791 827 850 secutus
858 793 936 868 erat,
968 784 1130 850 simillimo
1154 783 1323 869 disposuit,
1353 807 1428 850 num
1455 807 1475 850 a
1503 807 1578 871 pro-

347 889 515 954 babilitate
545 889 696 955 abhorret
729 909 801 955 eum
830 891 927 956 etiam
959 891 992 956 in
1024 911 1129 956 rerum
1163 892 1368 958 enarratione
1400 893 1502 958 multa
1536 894 1581 958 ab

345 1017 384 1060 eo
408 997 619 1080 petivisse⁹)?
667 1017 861 1080 quamquam
890 1005 998 1063 autem
1028 1019 1067 1063 ex
1092 999 1227 1063 duorum
1250 1000 1485 1083 prooemiorum
1510 1000 1577 1064 dis·

345 1103 532 1169 criminibus
566 1124 636 1168 eum
670 1123 735 1168 non
767 1105 863 1169 anxie
897 1125 932 1170 se
965 1104 1009 1168 ad
1039 1105 1184 1170 Senecae
1218 1106 1318 1171 verba
1355 1106 1579 1191 applicaviese

344 1211 550 1296 perspicuum
574 1219 633 1294 est,
657 1219 764 1276 tamen
789 1220 963 1295 supersunt
985 1211 1128 1296 vestigia
1151 1213 1193 1278 ab
1213 1212 1376 1297 epitomae
1396 1213 1579 1279 editoribus

345 1317 473 1382 silentio
497 1317 586 1383 haud
609 1318 849 1402 praetermissa,
874 1338 913 1382 ex
933 1319 1050 1401 quibus
1067 1319 1194 1382 Florum
1210 1318 1398 1384 historicum
1413 1320 1577 1402 quendam

344 1425 554 1492 vetustiorem
579 1433 645 1489 tam
669 1425 880 1508 neglegenter
904 1433 1048 1490 secutum
1073 1445 1147 1491 esse
1170 1431 1292 1510 pateat,
1319 1435 1355 1491 ut
1379 1447 1463 1510 quae
1485 1427 1579 1492 illius

344 1540 454 1597 aetate
478 1531 542 1596 dici
566 1539 724 1617 poterant,
756 1552 816 1598 000
844 1552 908 1596 000
936 1533 1021 1616 item,
1051 1551 1183 1597 securus
1207 1533 1445 1600 transcriberet.
1490 1535 1577 1599 haric

344 1640 385 1702 ob
415 1659 547 1703 causam
576 1638 722 1724 Pompeii
750 1647 782 1704 et
805 1639 1042 1705 Herculaneum
1065 1640 1135 1705 eius
1160 1647 1269 1705 aetate
1292 1639 1414 1704 dudum
1438 1643 1578 1706 obrutae

343 1744 373 1824 (Ι
402 1744 454 1830 11)
488 1755 574 1812 01010
603 1747 700 1811 etiam
728 1753 794 1810 tum
822 1746 1039 1830 perhibentur,
1069 1747 1372 1813 haneobcausam
1398 1745 1578 1832 (113010),

344 1852 439 1935 signa
463 1861 496 1918 et
520 1853 648 1936 aquilas
672 1853 755 1918 duas
779 1853 912 1917 Variani
937 1853 1105 1935 exercitua,
1135 1874 1218 1936 quae
1246 1855 1311 1919 iam
1336 1875 1356 1918 a
1379 1855 1577 1920 Germanico

343 1967 476 2044 recepta
504 1970 609 2045 arant,
637 1960 705 2027 suis
733 1960 931 2044 temporibus
960 1961 1117 2025 barbaros
1146 1968 1256 2026 tenere
1279 1960 1422 2026 tradidit.
1467 1982 1576 2045 neque

298 2059 300 2064 ⁸
344 2073 452 2132 tamen
477 2068 508 2131 in
532 2067 712 2152 posteriore
736 2067 817 2132 libro
843 2067 912 2132 0010
929 2067 1086 2133 Senecam
1110 2067 1243 2132 aFloro
1268 2068 1474 2154 compilatum
1499 2089 1577 2135 esse

343 2182 432 2258 pulo.
489 2175 558 2240 sine
591 2175 688 2240 dubio
723 2175 807 2239 enim
840 2193 927 2239 more
959 2174 1016 2238 1110
1054 2175 1108 2268 01)Ι
1130 2175 1276 2240 omuibus
1309 2174 1376 2240 1010
1408 2175 1576 2242 historicis

343 2281 506 2362 Romanis,
531 2281 736 2364 quiquidem
761 2281 891 2346 maioris
915 2281 1056 2345 ambitus
1080 2301 1180 2366 opera
1204 2281 1472 2366 conscripserunt,
1496 2283 1574 2347 iude

343 2409 364 2451 a
392 2388 504 2454 Fabiis
535 2388 718 2472 Cinciisque
749 2409 852 2472 usque
880 2386 923 2452 ad
954 2389 1102 2452 Tacitum
1131 2397 1274 2472 servato,
1304 2389 1358 2471 qui
1386 2410 1444 2473 pro
1468 2390 1572 2456 brevi-

342 2494 509 2576 loquentia
533 2516 593 2561 sua
615 2496 822 2580 paucissimis
845 2494 952 2560 verbis
977 2514 1055 2560 usus
1080 2501 1142 2578 est,
1173 2505 1207 2560 ut
1230 2515 1282 2560 res
1306 2497 1471 2562 Romanae
1495 2495 1574 2562 inde

343 2622 364 2666 a
391 2600 576 2686 primordiis
606 2622 708 2684 usque
737 2601 780 2666 ad
809 2622 849 2666 00
876 2609 1021 2686 tempora
1051 2623 1071 2666 a
1102 2601 1218 2684 quibus
1246 2601 1400 2687 prolixior
1427 2604 1573 2668 narratio

343 2709 521 2793 incipiebat
544 2709 633 2774 brevi
654 2716 826 2793 conspectu
847 2709 887 2772 ob
903 2708 1014 2774 oculos
1030 2708 1205 2791 legentium
1220 2718 1423 2794 ponerentur,
1447 2711 1569 2778 Seneca

343 2835 469 2898 quoque
490 2824 663 2880 accuratae
680 2823 711 2880 et
728 2815 876 2898 diligenti
891 2815 1046 2881 bellorum
1062 2815 1201 2880 civilium
1218 2815 1426 2900 descriptioni
1441 2818 1573 2884 brevem

344 2930 377 2987 et
401 2922 564 2988 concisam
589 2929 790 2987 externorum
815 2922 970 2987 bellorum
995 2921 1211 2988 narrationem
1233 2923 1455 3006 praemiserat,
1478 2945 1571 3009 prae-

343 3030 454 3096 sertim
482 3049 552 3094 cum
582 3036 707 3095 constet
735 3049 807 3094 eum
835 3029 926 3093 initio
951 3030 1102 3122 librorum
1126 3049 1255 3095 suorum
1279 3037 1379 3095 totam
1402 3031 1571 3096 historiam

342 3137 521 3200 Romanam
544 3137 576 3199 in
600 3145 728 3202 aetates
753 3136 913 3202 divisisse.
956 3157 1035 3202 eave
1060 3146 1168 3201 tamen
1192 3135 1368 3204 credideris
1393 3138 1570 3204 breviorem

342 3243 430 3307 illam
461 3243 567 3328 priore
595 3243 682 3307 Flori
711 3242 792 3308 libro
822 3243 931 3309 101000.
978 3264 1052 3308 0001
1081 3252 1113 3308 01
1136 3242 1289 3310 historias
1312 3263 1452 3326 magnae
1475 3245 1569 3310 molis

342 3349 443 3416 101000
468 3371 548 3434 opus
574 3371 671 3434 supra
694 3349 834 3416 vidimus
859 3356 891 3416 et
914 3349 1081 3434 egregiam
1101 3349 1262 3434 praefatio
1277 3348 1431 3416 historico
1449 3351 1568 3418 rhetori

342 3458 545 3522 occasionem
574 3455 780 3522 declamandi
808 3457 1000 3542 praebebat,
1030 3477 1101 3522 curn
1125 3459 1233 3540 imago
1258 3457 1314 3522 illa
1338 3458 1570 3541 magnitudinis

341 3566 507 3630 Romanae
536 3564 568 3628 in
596 3564 691 3630 bellis
719 3564 860 3629 externis
889 3565 1028 3629 maxime
1053 3565 1229 3649 conspicua
1253 3565 1347 3648 quasi
1372 3585 1434 3630 uno
1458 3567 1569 3630 obtutu

341 3674 383 3738 ob
407 3672 517 3738 oculos
541 3679 721 3756 poneretur.
768 3671 895 3737 accedit
923 3671 1010 3754 quod
1038 3672 1160 3738 similes
1189 3671 1409 3756 praefationes
1434 3672 1567 3737 aliorum

433 3903 457 3972 “J
476 3923 501 3958 v.
522 3905 551 3958 Ο.
574 3903 686 3958 10110100
705 3903 789 3972 prael.
810 3921 835 3971 p.
855 3903 1016 3970 xxxvrsq.

433 4010 454 4080 ⁰)
473 4013 583 4065 Florum
603 4012 721 4066 Senecae
744 4011 802 4075 11111,
828 4011 904 4065 00100
927 4029 1068 4080 perperam
1089 4011 1215 4080 putabat,
1239 4029 1306 4080 opus
1329 4009 1567 4065 1110101100101011·

340 4106 432 4157 101001
458 4119 514 4156 esse
538 4102 595 4156 iam
620 4100 705 4170 Lipsii
729 4101 839 4155 videtur
861 4101 944 4155 fuisse
967 4101 1115 4155 0001011110.
1156 4119 1181 4154 u.
1204 4100 1290 4155 editio
1313 4118 1424 4170 operum
1452 4101 1567 4155 Senecae

341 4191 521 4246 plantiniana
550 4192 616 4244 0001
648 4192 713 4245 1615
743 4208 768 4259 p.
788 4191 906 4244 XXXIII
929 4190 1022 4244 adnot.
1067 4207 1237 4258 quamquam
1265 4208 1298 4244 ex
1321 4189 1487 4244 brevissimis
1511 4190 1567 4244 eius

339 4281 430 4336 verbis
449 4297 503 4334 non
523 4297 630 4349 prorsus
649 4280 739 4334 elucet
758 4284 851 4332 utrum
870 4279 904 4333 de
923 4279 1062 4348 prooemio
1086 4282 1196 4334 tantum
1216 4279 1290 4333 Flori
1314 4297 1349 4334 00
1368 4279 1401 4333 de
1420 4281 1480 4333 toto
1499 4279 1566 4332 libro

340 4389 373 4424 ex
392 4369 509 4425 Senecae
529 4368 650 4423 historiis
669 4368 818 4437 compilato
837 4368 1011 4437 cogitaverit.

432 4474 466 4539 ¹⁰)
490 4476 601 4530 Livium
624 4480 763 4530 auctorem
788 4476 885 4530 erroris
908 4475 1027 4530 Senecae
1054 4474 1137 4528 101000
1165 4477 1240 4543 puto,
1271 4492 1288 4528 a
1311 4492 1365 4542 quo
1388 4492 1448 4528 eum
1474 4476 1565 4530 Florus

340 4566 465 4635 sumpsit.
503 4583 528 4620 v.
549 4584 575 4634 p.
598 4566 656 4618 167.
693 4568 813 4620 ceterum
833 4565 915 4618 huius
934 4564 1018 4618 verba
1037 4569 1102 4617 0001
1121 4565 1200 4617 haec:
1224 4567 1306 4632 sipara
1329 4574 1352 4618 et
1372 4567 1482 4632 aquilus
1500 4567 1565 4618 duos

338 4658 427 4710 adbuc
445 4658 556 4709 barbari
572 4659 718 4724 possident.
