3548 5256
795 403 837 465 lX

202 603 366 661 recentem
389 596 568 670 tribuamus
591 597 774 678 aetatem2).
816 597 989 664 Poetarum
1013 598 1144 682 quidem
1167 600 1310 664 carmina
1335 597 1432 684 ‘capi-

203 699 334 768 talibus'
352 702 470 770 litteris
493 703 678 770 describere
702 704 851 770 solebant
874 704 999 771 librarii
1021 705 1269 791 permultorum
1288 707 1433 772 saeculo-

202 828 272 874 rum
296 808 512 893 decursum⁸)3
545 810 621 894 quin
645 811 743 876 etiam
767 809 869 878 fuisse
896 811 1056 895 videntur,
1085 813 1140 895 qui
1163 813 1263 880 libros
1287 813 1432 880 oratione

201 914 361 982 rhetorice
385 924 513 1003 compta
536 925 569 984 et
590 937 763 984 numerosa
786 938 846 985 ncc
869 919 965 986 nimis
988 919 1087 1004 longe
1105 940 1126 984 a
1144 921 1274 1005 poetica
1289 919 1432 987 distante

200 1021 416 1108 conscriptos,
453 1024 568 1107 quales
601 1032 675 1091 sunt
706 1025 872 1092 orationes
906 1047 926 1092 a
960 1025 1116 1092 Cicerone
1149 1033 1181 1092 ct
1213 1047 1233 1092 a
1270 1027 1432 1093 Frontone

202 1126 344 1214 habitae,
380 1128 595 1216 ‘capitalibus'
630 1131 815 1198 describere
847 1152 907 1217 per
939 1133 1068 1216 longius
1106 1133 1259 1218 temporis
1291 1135 1432 1218 spatium

201 1245 390 1318 pergerent3
436 1238 562 1304 solutae
603 1245 711 1304 autern
750 1239 907 1306 orationis
945 1240 1119 1324 scriptores
1157 1261 1253 1324 quam
1290 1241 1432 1325 antiquis

202 1344 401 1426 temporibus
430 1344 590 1430 scriptura
617 1341 756 1410 ‘unciali’
786 1347 964 1432 propagari
992 1347 1099 1432 coepti
1133 1346 1238 1433 sint⁴)‚
1271 1367 1342 1414 curn
1375 1347 1432 1413 abi

201 1447 334 1516 codices
367 1451 485 1518 docent
517 1459 583 1517 turn
613 1452 771 1536 singulari
804 1453 951 1539 exemplo
985 1454 1087 1520 codex
1120 1455 1315 1538 Reginensis
1344 1457 1430 1522 2077

203 1557 390 1642 rescriptas,
423 1559 456 1624 in
490 1578 553 1642 quo
587 1559 697 1626 insunt
725 1559 891 1626 Ciceronis
919 1562 953 1629 iu
976 1562 1108 1628 Verrem
1137 1563 1318 1628 orationum
1344 1562 1431 1646 frag·

202 1670 311 1728 menta
335 1665 466 1731 saeculo
491 1674 525 1731 ut
548 1665 676 1732 videtur
698 1674 813 1750 quarto
837 1667 885 1732 ita
906 1665 1122 1754 ‘capitalibus'
1153 1669 1272 1736 litteris
1302 1669 1433 1754 scriptu,

204 1775 239 1834 ut
263 1771 305 1836 ab
330 1771 444 1838 eodem
467 1773 599 1839 librario
622 1774 722 1840 verba
745 1774 900 1840 nonnulla
923 1783 1088 1859 tamquam
1112 1784 1204 1842 extra
1228 1775 1373 1842 ordinem
1402 1782 1434 1841 et

203 1882 387 1943 contextum
404 1879 637 1946 Ciceronianae
652 1880 807 1948 orationis
826 1883 1035 1966 pronuntiata
1049 1882 1187 1949 ‘unciali'
1205 1883 1365 1968 scriptura
1380 1903 1433 1947 ex·

202 1991 385 2050 orarentur:
406 1987 505 2053 veluti
519 1987 551 2052 in
567 1986 644 2052 folio
660 1991 731 2072 895
747 1989 838 2054 cuius
856 1989 1030 2073 imaginem
1045 1998 1282 2075 proposuerunt
1297 1988 1433 2055 Carolus

202 2088 449 2190 {all-Qum&
476 2101 509 2160 et
532 2093 711 2160 Guilelmus
736 2095 952 2162 Wattenbacb
979 2097 1013 2161 in
1040 2096 1131 2182 libro,
1164 2097 1219 2180 qui
1246 2097 1432 2162 inscribitur

295 2217 316 2280 ¹)
335 2217 412 2272 Cous.
431 2219 516 2274 etiam
536 2219 654 2274 Paulum
668 2220 792 2289 Krueger
807 2220 837 2274 in
852 2218 1021 2288 ‘Zeitscbrs‘ft
1039 2225 1088 2276 der
1102 2223 1363 2292 Socipny·8tiftunp
1381 2223 1432 2287 far

202 2304 450 2370 Rechtspcscbichte
468 2308 723 2365 Liliomunistr'scbe
742 2307 913 2378 hortaturus
933 2310 1025 2376 (1880)
1044 2329 1108 2380 pag.
1131 2311 1181 2365 106
1200 2310 1249 2364 inf.

293 2393 315 2462 ⁸)
343 2395 419 2452 Coni.
443 2382 553 2467 praeter
580 2403 682 2454 ceteros
706 2399 810 2453 codices
835 2399 1016 2469 Vergilianus.
1044 2429 1080 2438 —
1108 2399 1183 2454 Conf.
1213 2399 1300 2454 etiam
1326 2399 1431 2454 Sedulii

201 2483 323 2538 codicem
342 2485 539 2542 Taurineusem
559 2489 589 2542 Ε.
609 2489 655 2542 IV.
676 2489 710 2542 44
730 2491 781 2543 etc.

293 2573 315 2640 ⁴)
339 2575 445 2642 Nescio,
469 2581 537 2646 quot
559 2577 640 2632 milia
663 2578 787 2632 codicum
810 2578 961 2632 latinorum
985 2581 1156 2632 vetustorum
1181 2579 1241 2630 tam
1260 2577 1330 2630 sacri
1348 2594 1432 2645 quarn

200 2663 310 2730 profani
343 2667 503 2734 argumenti
534 2667 661 2722 manibus
693 2668 761 2722 meis
793 2667 968 2722 versaverinr.
1024 2668 1101 2721 Inter
1131 2669 1175 2721 tot
1205 2665 1290 2720 libros
1325 2669 1435 2735 praeter

202 2751 377 2808 Ciceronis
405 2755 578 2811 orationes
606 2759 635 2811 et
662 2757 844 2812 Frontonis
873 2757 1027 2826 gratiarum
1050 2756 1188 2810 actionem
1211 2755 1241 2809 in
1264 2757 1361 2810 senatu
1385 2773 1434 2824 pro

202 2840 479 2912 Carthaginiensibus
509 2844 597 2913 [cuius
622 2845 781 2916 fragmenta
804 2845 905 2900 litteris
929 2842 1114 2915 ‘capitalibus'
1139 2863 1155 2900 c
1184 2844 1308 2899 Terentii
1334 2844 1433 2899 codicis

202 2929 329 2986 Bembini
339 2933 491 3002 scripturae
502 2935 590 2988 forma
599 2951 654 2988 non
663 2935 746 3004 longe
760 2935 949 2990 recedentibus
963 2935 1010 2988 sed
1020 2935 1110 2989 multo
1119 2933 1315 2988 minutioribus
1330 2935 1434 3002 scripta

203 3017 298 3074 insunt
326 3021 355 3074 in
379 3022 470 3077 codice
495 3023 631 3077 Vaticano
656 3024 784 3078 Palatino
808 3025 855 3088 24;
886 3023 1023 3093 specimen
1052 3023 1204 3093 scripturae
1231 3023 1434 3077 Frontonianae

203 3109 347 3176 proposuit
367 3111 489 3179 Angelus
508 3111 565 3166 Mai
584 3096 744 3166 in'tabulae
764 3113 909 3167 Frontonis
929 3113 1044 3167 editioni
1063 3114 1204 3166 Romanae
1223 3130 1248 3166 a.
1269 3112 1338 3166 1846
1357 3129 1433 3180 prae-

202 3195 272 3250 fixae
297 3201 375 3266 parte
399 3200 506 3264 infimum
535 3201 605 3254 conl.
624 3201 711 3256 etium
729 3203 868 3271 Angelum
888 3203 943 3256 Mai
969 3202 987 3255 l.
1006 3219 1028 3256 c
1048 3220 1074 3271 p.
1094 3199 1247 3268 237-239]
1272 3201 1434 3269 perpauci

203 3286 315 3342 soluta
334 3289 490 3344 oratione
508 3290 663 3359 concepti
682 3290 766 3344 libri
785 3291 815 3344 in
829 3309 927 3346 manus
942 3309 1017 3346 meas
1031 3293 1167 3346 venerunt
1181 3290 1318 3345 codicibus
1332 3287 1433 3358 ‘capi-

204 3373 283 3430 tali’
306 3377 443 3448 scriptura
465 3379 621 3450 insignibus
644 3379 805 3450 propagati,
831 3384 915 3448 atque
944 3380 974 3435 bi
1002 3380 1107 3435 codices
1133 3397 1227 3434 omnes
1248 3378 1435 3446 antiquissimi

203 3468 281 3520 sunt:
306 3466 436 3521 nimirum
456 3468 616 3524 Sallustii
641 3468 820 3523 historiarum
840 3469 999 3538 fragmenta
1021 3468 1124 3538 partim
1143 3469 1173 3522 in
1192 3468 1330 3522 Vaticana
1352 3468 1433 3538 Regi·

203 3555 289 3620 nensi,
317 3556 419 3625 partim
443 3557 473 3610 in
496 3557 674 3622 Berolinensi,
702 3557 806 3627 partim
828 3557 858 3612 in
882 3558 1073 3612 Aurelianensi
1097 3556 1266 3612 bibliotheca
1289 3556 1434 3610 adservata

205 3641 286 3710 [coni.
305 3645 441 3715 imagines
463 3647 493 3701 in
512 3647 606 3701 Z.-W.
625 3647 682 3701 tab.
703 3647 718 3700 'l
742 3651 770 3701 et
793 3647 823 3700 in
851 3647 961 3700 Aemilii
985 3646 1133 3701 Chatelain
1158 3643 1367 3714 ‘Puldoprupbie
1389 3649 1435 3699 dec

202 3737 347 3804 alacriores
366 3733 459 3798 latiae’.
473 3737 530 3791 tab.
541 3736 602 3805 Ll];
622 3736 711 3791 Livii
730 3735 795 3791 libri
810 3735 870 3791 XCI
889 3738 1078 3806 fragmentum
1092 3735 1260 3790 Vaticanum
1273 3735 1434 3788 Palatinum

204 3824 286 3891 [conf.
310 3824 460 3895 imaginem
487 3826 519 3881 in
542 3825 683 3882 Analectis
706 3825 829 3881 Liuianis
854 3826 895 3880 ed.
920 3825 971 3879 Th.
991 3825 1143 3879 Mommsen
1162 3828 1190 3878 et
1209 3825 1241 3878 G.
1262 3823 1433 3878 Studemund

202 3914 259 3968 tab.
271 3915 308 3976 V;
333 3915 416 3970 ceteri
435 3915 539 3971 codices
558 3915 667 3970 Liviani
685 3915 790 3970 vetusti
809 3933 903 3970 omnes
922 3911 1044 3969 ‘unciali'
1063 3913 1201 3983 scriptura
1220 3913 1326 3968 armati
1345 3911 1435 3980 suut];

203 4003 356 4058 Euclidis
383 4005 495 4060 latine
523 4005 610 4060 lacti
637 4005 798 4072 fragmenta
824 4003 1006 4068 Veronensis,
1040 4019 1112 4070 quae
1144 4019 1207 4056 mcx
1234 4001 1339 4071 publici
1368 4001 1436 4054 iuris

203 4092 316 4156 laciam3
350 4093 457 4149 Gellii
486 4095 645 4164 fragmenta
671 4093 812 4148 Vaticana
838 4092 970 4148 Palatina
1004 4091 1085 4159 [conl.
1115 4091 1268 4159 scripturae
1298 4089 1435 4159 specimen

203 4198 301 4249 parum
324 4183 449 4238 sollerter
471 4185 625 4238 confectum
653 4181 682 4236 in
710 4181 820 4248 tabula,
849 4199 932 4250 quern
957 4179 1127 4236 Niebuhrius
1151 4178 1267 4233 editioni
1294 4179 1436 4233 Romanae

204 4271 339 4326 Ciceronis
359 4272 515 4326 orationum
533 4289 583 4341 pro
601 4271 637 4325 M.
653 4271 767 4326 Fonteio
787 4273 883 4339 obpro
898 4269 928 4325 C.
942 4267 1056 4324 Rabirio
1070 4268 1291 4338 fragmentorum
1307 4270 1342 4329 (a.
1355 4267 1435 4332 1820)

203 4360 332 4416 adiunxit
350 4379 425 4414 num.
440 4362 470 4426 b;
489 4361 523 4415 de
542 4360 693 4430 scripturae
712 4363 806 4414 aetate
825 4359 895 4413 conf.
914 4359 1085 4412 Guilelmum
1100 4357 1288 4410 Wattenbnch
1308 4356 1337 4409 in
1352 4355 1437 4412 Gellii

203 4449 325 4506 editione
344 4468 361 4504 a
379 4449 499 4504 Muttine
518 4449 602 4504 Herba
620 4451 718 4504 curata
735 4449 789 4504 vol.
809 4449 835 4502 Η
856 4447 990 4514 (Berolini
1011 4447 1091 4513 1885)
1111 4463 1175 4516 pag.
1191 4445 1276 4513 XVI].
1306 4445 1438 4500 Consulto

204 4540 283 4593 omisi
298 4541 327 4594 in
344 4540 395 4594 bac
409 4539 616 4594 enumeratione
631 4539 734 4593 codices
749 4538 896 4592 nonnullos
910 4537 1063 4591 Bibliorum
1078 4536 1222 4592 Sacrorum
1238 4537 1273 4590 ab
1288 4552 1436 4590 amanuen-

204 4629 279 4683 sibus
298 4628 493 4684 receutioribus
513 4628 660 4696 antiquum
680 4623 827 4696 ‘capitalis’
846 4627 999 4695 scripturae
1018 4643 1105 4696 genus
1130 4625 1275 4680 artificiose
1299 4623 1437 4679 imitanti·

205 4720 255 4772 bus
274 4718 396 4788 scriptos.
