3546 5236
841 409 1052 506 *jii-

331 603 524 690 saepissime
555 604 589 668 in
626 603 655 667 R
688 612 720 668 et
751 603 779 668 e
815 601 935 668 laetum
968 623 1042 670 esse
1078 602 1236 686 videmus,
1272 603 1381 668 littere
1412 603 1564 687 aspirata

330 711 463 776 evanuit
486 717 519 776 et
540 711 689 775 cadocilta
711 716 869 776 mutatum
893 719 943 777 est
965 710 998 775 in
1021 712 1158 775 caduca
1232 739 1235 744 ·

420 817 546 900 Agam.
573 819 640 884 484
680 816 864 900 Eurybates
899 816 1091 902 procellam,
1128 836 1193 899 qna
1230 816 1428 882 Graecorum
1460 817 1560 882 Troia

330 922 534 990 redeuntium
554 923 672 990 classis
692 943 851 1008 oppressa
866 931 947 1008 erat,
971 922 1159 990 describens
1173 929 1288 988 ventos
1307 941 1418 988 omnes
1433 943 1561 989 ennnre

330 1039 389 1114 rat,
413 1049 547 1114 quorum
570 1029 654 1096 alter
677 1029 780 1096 altero
803 1030 1026 1097 vehementius
1050 1028 1212 1096 saevierit
1252 1029 1364 1095 ultimo
1387 1049 1464 1094 vero
1488 1030 1559 1095 loco

330 1137 645 1204 vehementissimum
667 1138 759 1222 ponit
782 1136 908 1221 Corum,
932 1137 973 1202 de
996 1157 1060 1220 quo
1084 1136 1165 1202 baec
1189 1135 1352 1202 dicuntur:

490 1249 584 1334 quid
605 1247 742 1312 rabidas
766 1267 825 1313 orc
849 1249 954 1314 Corus
981 1246 1103 1312 Oceano
1127 1247 1282 1311 carrena?
1345 1331 1348 1337 Ι

490 1355 645 1420 mundum
668 1354 792 1420 revellit
814 1353 943 1419 sedibus
966 1359 1067 1420 totum
1089 1356 1160 1418 suis

490 1463 641 1548 ipsosque
663 1469 760 1546 rupto
782 1463 927 1526 crederes
949 1463 1035 1525 coelo
1060 1461 1135 1525 deos

490 1569 635 1634 decidere
658 1575 687 1633 et
710 1575 819 1632 atrum
841 1567 936 1632 rebus
960 1568 1075 1632 induci
1096 1565 1203 1632 chaos.

329 1670 481 1756 displicet
508 1671 720 1755 interrogatio
747 1670 819 1756 illa,
851 1671 942 1738 cuius
971 1671 1107 1737 similem
1135 1669 1225 1757 apud
1253 1669 1410 1737 Senecam
1433 1671 1488 1735 vix
1509 1691 1561 1736 re·

329 1779 447 1862 perias.
492 1799 557 1844 una
583 1778 693 1845 littera
719 1785 845 1844 muas
873 1779 1007 1862 elegans
1037 1785 1071 1844 et
1097 1779 1256 1844 concinne
1288 1777 1392 1844 oratio
1427 1779 1559 1844 existet:

329 1891 423 1974 quire
437 1923 463 1932 -
479 1922 502 1934 -
516 1923 542 1932 -
557 1923 582 1934 -
598 1909 730 1953 exerere
753 1891 910 1952 mundam
933 1889 1056 1952 recellit
1079 1905 1106 1950 e
1121 1904 1151 1967 q.
1166 1904 1192 1951 s.
1216 1904 1245 1950 r.
1259 1884 1392 1968 Thyest
1407 1885 1481 1968 990,
1503 1883 1561 1949 ubi

329 1991 525 2058 enumeratis
549 1991 624 2058 aliis
648 1991 808 2077 prodigiis
830 1992 942 2057 ultimo
966 1991 1038 2058 loeo
1061 1991 1124 2058 hoo
1150 1989 1353 2074 describitur,
1382 1997 1450 2077 ipse
1477 1996 1557 2078 puis

329 2101 439 2166 aether
459 2104 571 2186 prauis
596 2105 682 2166 inter
705 2102 789 2166 diem
813 2110 993 2188 noctemque
1016 2107 1158 2166 desertus
1182 2109 1296 2186 stupet.

418 2205 526 2271 Here.
549 2204 630 2272 Oet.
654 2207 698 2272 30
729 2205 762 2270 in
795 2205 929 2271 tumoris
961 2213 995 2270 et
1025 2204 1246 2291 impudentiae
1274 2203 1372 2289 plena
1403 2203 1559 2288 oratione,

327 2332 393 2396 qua
416 2312 573 2379 Hercules
597 2313 713 2378 alors
735 2321 793 2378 aut
815 2331 900 2377 nova
922 2311 1068 2398 pericula
1090 2319 1148 2377 aut
1171 2310 1297 2376 caelum
1321 2311 1453 2396 expetit,
1477 2310 1559 2374 haee

328 2427 455 2486 extant:

490 2547 512 2556 -
528 2546 553 2556 -
568 2547 594 2556 -
617 2514 648 2576 si
671 2520 767 2596 nepot
790 2513 932 2576 mucidus
953 2511 1057 2594 feros,

488 2621 635 2684 criseam
658 2637 841 2699 caeream,
863 2619 963 2683 redde
986 2638 1071 2682 nunc
1093 2625 1169 2682 nato
1190 2625 1318 2701 patrem

489 2725 538 2790 cel
561 2735 654 2791 astra
676 2727 768 2807 forti.

327 2848 440 2894 vocem
467 2853 605 2897 coerccrn
637 2829 702 2894 iam
729 2827 858 2894 Etrusci
886 2828 1036 2894 librarius
1064 2827 1172 2913 posito
1205 2846 1304 2913 supra
1336 2827 1477 2894 litteram
1505 2827 1557 2906 α’)

326 2936 532 3021 corruptelae
556 2935 697 3019 quodam
720 2935 814 3020 signo
839 2933 1052 3020 depravatam
1075 2955 1149 3002 esse
1173 2933 1380 3018 significavit
1415 2953 1558 3020 proque

328 3041 416 3125 quod
439 3043 514 3107 inA
539 3043 743 3109 substituitur
765 3067 910 3128 noverca,
934 3042 1126 3109 satisfacere
1149 3061 1213 3106 non
1236 3049 1354 3127 potest
1386 3039 1557 3125 legendum

328 3148 470 3215 videtur:
494 3173 634 3235 coerce,
657 3149 745 3235 quod
767 3149 842 3216 ideo
866 3149 1078 3236 depravatum
1103 3169 1177 3217 esse
1195 3157 1283 3234 puto,
1308 3149 1386 3232 qnia
1401 3149 1435 3214 in
1448 3147 1557 3214 arohe-

329 3260 408 3340 typo
423 3256 551 3322 Etrusci
575 3257 710 3323 alterius
733 3255 932 3323 recensionis
955 3255 1061 3340 lectio,
1085 3266 1121 3321 ut
1145 3256 1277 3341 saepius
1302 3255 1475 3338 usuvenit,
1498 3253 1558 3318 boc

329 3379 398 3446 fers
421 3380 517 3447 modo
540 3382 674 3468 appieta
697 3389 782 3448 erat:
810 3361 936 3449 iiico?
972 3379 1047 3446 hino
1070 3380 1199 3446 omissis
1223 3381 1275 3446 vel
1297 3400 1363 3445 non
1385 3378 1558 3462 intellectis

329 3485 445 3554 litteris
478 3513 500 3556 a
534 3497 567 3555 et
598 3513 620 3555 a
651 3495 828 3555 monstrum
864 3486 946 3553 illud
976 3487 1067 3552 verbi
1100 3485 1208 3553 effecit
1239 3485 1400 3552 librarius
1450 3493 1559 3574 potest

328 3599 438 3660 tamen
466 3595 564 3660 etiam
593 3595 640 3662 sic
672 3594 754 3661 illud
785 3603 889 3660 ortum
922 3613 995 3661 esse
1027 3598 1063 3660 ut
1090 3594 1120 3660 is
1147 3594 1202 3677 qui
1235 3594 1360 3659 variam
1388 3592 1559 3658 lectionem

330 3699 459 3766 addidit
482 3702 649 3768 festinanti
673 3702 799 3768 calu-mo
824 3727 874 3769 am
899 3708 1024 3768 tentum
1047 3700 1144 3767 modo
1168 3701 1358 3767 enataverit
1401 3699 1460 3766 sed
1483 3719 1559 3782 quo·

328 3827 454 3892 amque
486 3809 582 3874 modo
615 3809 798 3895 corruptela
830 3815 909 3874 nata
942 3816 1001 3888 est,
1035 3808 1133 3874 valde
1165 3807 1255 3874 favet
1285 3808 1416 3874 invento
1448 3815 1559 3874 nostro

329 3914 445 3982 similis
475 3915 566 3982 loeus
600 3914 746 3982 eiusdem
773 3915 966 4000 tragoediae
995 3917 1102 3998 (262):
1136 3920 1184 3984 ret
1211 3921 1243 3984 εἰ
1267 3917 1359 4002 ferae
1390 3923 1561 4002 repertur,

327 4024 412 4090 banc
435 4029 589 4108 sartonam,
607 4048 736 4112 precor,
759 4035 904 4092 converte
928 4027 965 4091 irc
988 4025 1132 4112 aliquod.

488 4131 594 4196 Hero.
619 4129 698 4197 Oet.
722 4133 802 4198 465:
834 4155 915 4220 precs
944 4115 1068 4198 Pontus
1098 4131 1212 4198 barbas
1238 4140 1370 4216 perteret
1397 4139 1454 4196 cut
1477 4152 1561 4216 pace

655 4241 810 4306 Thessala

488 4347 651 4432 subrepo
675 4347 804 4412 Pindus
828 4347 931 4411 cluit
953 4346 1019 4410 obi
1041 4346 1205 4411 inveniam
1229 4347 1361 4427 molum,

488 4452 539 4518 cuc'
560 4457 651 4520 cedat
675 4455 753 4519 dte?

420 4599 443 4668 Ι)
461 4601 534 4656 nolo'
548 4617 671 4670 premere
689 4617 774 4670 supra
791 4601 863 4656 banc
880 4600 971 4670 ipsam
990 4599 1115 4656 litteram
1133 4599 1205 4654 illud
1222 4599 1335 4670 signum
1353 4597 1474 4668 positum
1492 4613 1562 4660 ense,

325 4689 382 4746 elsi
409 4690 483 4746 idem
507 4708 533 4745 v.
558 4690 610 4744 600
633 4690 659 4744 ei
687 4690 815 4748 vocabuli
842 4693 908 4746 cute
935 4689 1048 4746 litterae
1073 4689 1234 4758 imponitur,
1262 4704 1335 4757 quse
1357 4691 1487 4756 compte
1509 4690 1562 4742 est
