3480 5230
959 405 998 471 66

870 498 1079 508 -—.-—-—-

366 628 532 713 αίτοτελὲς
564 631 639 718 μέν,
672 627 715 712 ιίις
747 634 801 698 καί
835 625 873 698 τὸ
910 625 1054 716 ἀξίωμα,
1091 621 1256 717 αίτητικὸν
1292 628 1329 695 δὲ
1365 619 1592 714 ἀποκρίσεως,

366 735 501 822 πύσμα
524 734 561 802 δέ
583 735 652 802 ἐστι
675 739 824 822 πρᾶγμα,
849 727 935 820 πρὸς
955 726 974 800 ὃ
995 734 1196 818 συμβολικῶς
1222 725 1278 798 οίικ
1304 728 1392 799 ἔστιν
1417 723 1594 817 ἆποκρίνε·

367 844 461 920 σθαι,
483 833 525 917 ὡς
540 836 598 904 ἐπὶ
620 841 676 904 τοῦ
698 836 911 925 ἐρωτήματος,
935 834 1018 920 Ναί,
1044 829 1113 902 ἀλλ’
1136 831 1259 912 εἰπεῖν·
1281 830 1364 902 οἰκεῖ
1386 831 1523 920 ἔντῷδε
1544 835 1593 918 τῷ

365 941 470 1028 τόπῳ.

379 1107 384 1118 ,
450 1045 520 1111 Iam
556 1064 628 1110 vero
664 1044 793 1110 tertium
826 1044 1038 1127 interrogandi
1071 1063 1171 1126 genus
1206 1043 1302 1108 Stoici
1333 1042 1518 1107 statuerunt
1553 1029 1595 1102 τὸ

366 1143 619 1235 ἐπαπορητικόν,
628 1148 659 1212 id
682 1151 731 1212 est
748 1152 883 1234 πρᾶγμα
904 1138 1085 1234 διενηνοχὸς
1108 1140 1305 1228 ἀξιώματος,
1325 1135 1344 1210 ὃ
1366 1139 1396 1209 εί
1417 1140 1507 1230 λέγοι
1529 1165 1594 1219 τις,

366 1241 508 1338 ἀποροίη
530 1242 584 1328 ίίν,
606 1251 717 1316 veluti:
744 1237 794 1337 ἆρ’
819 1245 887 1316 ἔστι
911 1247 1057 1335 συγγενίς
1078 1273 1110 1314 τι
1133 1244 1223 1338 λύπη
1245 1247 1300 1314 καί
1323 1243 1403 1332 βίος.
1415 1249 1438 1329 ¹)
1481 1247 1593 1310 Etiam

368 1355 536 1418 scholiasta
559 1355 597 1418 cd
621 1355 777 1436 Aphthon.
801 1353 833 1417 H
856 1375 884 1438 p.
908 1354 969 1417 662
995 1353 1042 1416 W.
1065 1353 1123 1418 hes
1146 1355 1211 1418 tres
1233 1350 1448 1432 interrogandi
1469 1348 1593 1414 formes

367 1465 403 1520 ut
431 1457 605 1522 Stoicorum
637 1456 794 1522 doctrinae
825 1459 964 1540 propn'es
993 1454 1097 1532 affert,
1127 1455 1351 1539 Peripateticos
1380 1473 1442 1518 uno
1465 1448 1594 1537 ἐρωτη-

367 1561 494 1646 ματικῷ
527 1560 597 1624 illes
624 1561 894 1643 comprehendisse
922 1559 1048 1624 addens.
1091 1559 1137 1622 Ac
1165 1578 1205 1624 ue
1228 1559 1306 1624 illud
1330 1557 1458 1640 quidem
1481 1574 1501 1619 a
1523 1555 1593 1620 veri

367 1663 570 1728 similitudine
586 1663 738 1741 abhorret
762 1664 877 1740 lumen,
900 1662 982 1744 quod
998 1661 1137 1726 rhetores
1153 1661 1349 1742 (Cornificius
1366 1660 1476 1726 Cicero
1491 1656 1594 1736 Qum-

368 1766 496 1851 tiliunus
512 1765 577 1845 ulii)
593 1765 713 1831 hahent
736 1765 1008 1841 dubitationis,
1031 1765 1080 1828 vel
1110 1758 1394 1850 διαπορήσεως
1415 1762 1466 1828 vel
1489 1751 1593 1822 ἄπο-

368 1863 453 1952 ρίας
480 1866 627 1951 (Gorgics
650 1870 732 1952 cpud
755 1869 829 1933 Rnt.
852 1869 930 1951 Lup.
952 1867 986 1931 II
1011 1868 1050 1932 10
1073 1887 1103 1950 p.
1129 1869 1168 1930 18
1191 1867 1246 1948 Η.)
1273 1885 1310 1931 ex
1338 1866 1392 1930 illo
1414 1860 1593 1948 ἐπαπορη-

366 1973 446 2056 τικῷ
470 1969 646 2035 Stoicorum
668 1989 737 2036 esse
760 1971 944 2055 profectum.

452 2073 592 2154 Denique
623 2063 662 2136 τὸ
688 2070 848 2160 ὁρκικόν
878 2073 1054 2139 secundum
1084 2073 1203 2139 Stoicos
1235 2072 1338 2137 forms
1359 2073 1409 2137 est
1432 2068 1592 2136 enuntiati

367 2167 577 2258 (ἀξιώματος)
605 2195 656 2254 ea,
685 2195 748 2259 qua
775 2178 824 2243 ius
845 2176 1015 2242 iurandum
1037 2175 1273 2256 contineatur.²)
1317 2174 1431 2240 Finitio
1452 2174 1510 2238 τοῦ
1534 2165 1594 2258 ὁρ

368 2280 456 2343 κικοῖι
477 2279 509 2342 in
530 2279 618 2344 libris
640 2299 738 2346 manu
760 2281 884 2364 scriptis
906 2280 1054 2361 Diogenis
1077 2279 1234 2344 intercidit
1257 2279 1289 2343 in
1312 2278 1398 2358 §du
1442 2277 1593 2342 Fortasse

369 2401 388 2446 α
410 2382 523 2446 Stoicis
551 2382 691 2448 rhetores
713 2385 918 2466 sumpserunt
939 2375 978 2446 τὸ
1001 2373 1127 2468 ὁρκικὸν
1148 2384 1284 2468 σχῆμα.
1327 2380 1418 2461 Quod
1441 2399 1516 2444 cum
1540 2397 1594 2443 ex-

368 2486 475 2548 hibeat
508 2489 616 2549 auctor
648 2485 717 2550 libri
751 2483 829 2571 περὶ
857 2480 960 2570 ἕρκους
982 2505 1007 2549 c.
1028 2485 1077 2561 16,
1105 2487 1135 2562 2,
1162 2485 1263 2551 denuc
1286 2486 1416 2568 apparet
1436 2484 1469 2546 in
1492 2501 1592 2564 quum

367 2589 476 2653 multis
504 2590 597 2652 rebus
621 2589 925 2671 Pseudo-Longinus
950 2589 1055 2654 Stoica
1084 2591 1252 2672 praecepte
1278 2587 1433 2652 rhetorice
1459 2587 1592 2650 secutus

368 2693 417 2756 sit
456 2683 503 2755 Τὸ
527 2685 623 2776 ὅρκου
645 2693 754 2775 σχῆμα
777 2691 881 2756 addito
904 2692 1013 2759 eodem
1036 2711 1097 2773 quo
1120 2690 1418 2772 Pseudo-Longinus
1440 2707 1518 2754 usus
1542 2689 1593 2752 cst

371 2794 512 2877 exemplo
535 2795 626 2859 effert
647 2796 745 2858 etiam
768 2793 912 2858 liberius
935 2819 972 2857 π.
996 2814 1092 2880 οχημ.
1116 2793 1165 2857 lII
1186 2815 1217 2878 p.
1233 2795 1274 2860 69
1290 2793 1343 2877 Sp.
1375 2792 1481 2858 Verba
1496 2791 1592 2854 huius

369 2897 515 2962 rhetoris:
543 2895 629 2975 τινὲς
658 2895 695 2961 δι’
717 2918 800 2984 φασι
826 2900 920 2960 τοῦτο
941 2895 1151 2983 παράδειγμα
1173 2887 1254 2962 εἶναι
1277 2897 1344 2962 κτλ.
1370 2897 1515 2964 accurate
1539 2894 1594 2957 de·

370 3002 487 3084 scripte
510 3004 584 3065 sunt
607 3019 643 3066 er
668 3001 803 3066 Aristide
824 3000 871 3079 (II
894 3021 924 3084 p.
946 3001 1008 3063 461
1033 3019 1079 3083 sq.
1105 3001 1180 3086 Sp).

944 3328 1014 3410 §e

454 3495 617 3564 Postremo
644 3499 808 3564 instituam
837 3499 1052 3582 quaestionem
1082 3500 1120 3564 ds
1148 3499 1308 3566 vocubulis
1336 3499 1526 3584 quibusdem
1548 3499 1590 3564 ab

370 3605 497 3668 auctore
509 3603 579 3666 libn'
593 3600 670 3687 περὶ
685 3597 790 3686 ὕψους
801 3602 994 3668 sollemniter
1004 3605 1172 3686 usurpetis,
1180 3599 1363 3690 panuclae
1373 3604 1441 3669 dico
1453 3607 1486 3666 et
1496 3596 1592 3666 εἰδω-

368 3699 533 3770 λοποιίαν.
573 3702 760 3784 clemacius
782 3706 827 3770 ad
845 3706 1070 3770 sublimitatem
1091 3706 1288 3773 efficiendam
1305 3706 1591 3790 quamplurimum

368 3809 471 3873 ualere
491 3809 653 3892 profitetur
673 3809 980 3892 Pseudo-Longinus
1002 3827 1026 3874 c.
1045 3810 1094 3887 15,
1110 3811 1139 3872 1.
1176 3810 1252 3874 llius
1275 3813 1377 3876 aetate
1399 3808 1590 3874 vocobulum

369 3904 533 3998 φαντασία
558 3912 708 3995 peculiari
733 3913 870 3994 quedam
895 3911 1044 3976 utebatur
1065 3913 1192 3977 notione
1213 3909 1396 4000 (κεκράτηκε
1421 3901 1590 3994 roi-copam:

370 4009 449 4078 ὅταν
470 4002 491 4078 ἃ
513 4010 615 4099 λέγεις
636 4005 692 4078 ὑπ’
716 4011 954 4098 ἐνθουσιασμοῦ
975 4012 1030 4080 καὶ
1054 4011 1189 4094 πάθους
1203 4013 1339 4100 βλέπειν
1353 4015 1448 4102 δοκῇς
1462 4011 1517 4078 καὶ
1531 4003 1589 4076 ier'

371 4109 452 4202 ίίψιν
473 4119 575 4205 τιθῇς
595 4120 663 4196 τοῖς
685 4108 861 4184 ἀκούουσιν.
900 4118 1002 4184 Simul
1026 4119 1174 4184 docemur
1196 4119 1254 4184 hus
1277 4113 1459 4206 φαντασίας
1481 4136 1500 4182 ο
1522 4115 1591 4200 qui·

369 4222 505 4286 busdam
526 4220 677 4307 appellari
700 4216 947 4302 εἶδολοποιίας;
975 4222 1020 4288 sic
1042 4223 1126 4288 cnirn
1150 4225 1234 4290 certe
1256 4221 1491 4307 interpretenda
1513 4223 1591 4284 suut

369 4379 579 4390 -——————0

438 4481 459 4546 ²)
478 4478 557 4548 Βίας.
575 4481 607 4536 L.
626 4479 683 4536 v11
701 4483 749 4550 673
768 4480 861 4535 Theon
879 4478 910 4534 Il
929 4496 955 4548 p.
973 4484 1008 4538 88
1026 4483 1072 4553 Sp.

367 4652 420 4706 306
437 4565 555 4723 ἠἳῦὓῑηη
571 4566 608 4724 ἕρ
624 4566 681 4625 vn
693 4569 740 4637 663
763 4569 796 4622 cl.
814 4555 906 4625 Theon
917 4565 949 4624 11
967 4585 993 4641 p.
1005 4571 1053 4626 89:
1071 4566 1187 4640 ὀμοιικὴ
1204 4563 1347 4668 προροριίς
1368 4567 1498 4640 Hermcg.
1514 4567 1547 4624 ΙΙ
1563 4587 1589 4640 p.
