3548 5256
824 369 882 432 Vll

238 583 341 648 genus
364 563 419 630 ubi
445 563 642 630 simillimum
666 583 739 630 esse
762 565 795 630 in
820 564 871 631 his
886 563 1076 648 fragmentis
1090 563 1355 632 Berolinensibus
1370 569 1468 647 atque

237 671 270 734 in
305 667 427 737 ‘codiee
459 667 577 736 Bezae'
611 670 878 756 consideraveris,
911 672 1056 738 codicem
1089 673 1300 738 Annaeanum
1338 669 1468 736 exeunti

237 776 304 843 fere
328 778 459 844 saeculo
485 777 596 861 quinto
620 778 672 843 vel
696 778 837 846 fortasse
861 781 970 864 potius
995 779 1119 845 ineunti
1149 787 1240 844 sexto
1264 775 1467 843 tribuendum

237 903 311 950 csse
333 904 458 951 mecum
482 884 680 967 consenties3
708 885 790 950 illud
816 886 900 951 enim
924 885 1047 952 codicis
1066 886 1238 952 Annaeani
1261 885 1466 952 simulacrum

235 1082 363 1147 franceis
381 1090 405 1136 et
424 1079 561 1152 &rangar’
580 1082 632 1136 VH
652 1082 721 1136 1883
741 1081 776 1136 ad
795 1099 858 1152 pag.
873 1083 924 1136 361
936 1099 1008 1151 sqq.;
1028 1082 1098 1136 coni.
1113 1081 1199 1136 etiam
1213 1081 1330 1136 Paulum
1346 1079 1469 1150 Krueger

237 1165 298 1224 ‘Die
315 1171 432 1224 Parisoi·
450 1173 613 1240 Fragments
631 1188 682 1225 asar
700 1171 857 1239 Papiniuas
875 1168 1017 1241 rseponsu’
1036 1171 1064 1225 in
1085 1169 1251 1236 ‘Zeilsclrrift
1269 1173 1318 1224 der
1333 1170 1468 1240 8266969-

237 1259 362 1327 Stiftung
373 1261 424 1324 fiir
434 1261 678 1328 Rechtsgeselsiclste
696 1259 729 1314 V.
750 1257 1145 1330 Romaistisclredbtlseiluap’
1165 1260 1234 1316 1884
1249 1277 1313 1329 pag.
1325 1257 1466 1327 166sqq.];

325 1347 376 1409 IIII
401 1347 500 1403 incerti
519 1349 700 1403 iureconsulti
719 1348 853 1418 (Ulpiani,
873 1353 905 1404 ut
922 1349 1044 1416 videtur)
1062 1349 1222 1418 fragmenta
1240 1345 1283 1402 ‘de
1300 1344 1419 1402 iudiciis'
1434 1363 1467 1402 ex

235 1437 364 1506 Aegypto
382 1438 541 1492 Berolinum
561 1437 677 1493 advecta
697 1437 778 1506 [conf.
794 1439 905 1494 tabulas
919 1439 949 1492 in
959 1436 1177 1494 ‘Monatsbcriclrt
1191 1441 1241 1492 der
1254 1439 1366 1506 Kdnipl.
1377 1437 1465 1491 Akra

234 1527 259 1580 d.
279 1527 358 1580 Wisa
378 1545 414 1580 au
434 1524 539 1582 Berlin*
560 1527 629 1582 1879
647 1526 684 1582 ad
703 1545 767 1596 pag.
786 1527 864 1595 abab

323 1615 373 1680 lv)
399 1615 513 1686 Ulpiani
532 1615 742 1670 institutionum
765 1616 924 1686 fragmenta
943 1615 1167 1671 vindobonensia
1191 1615 1272 1684 [coni.
1291 1614 1419 1669 tabulam
1436 1613 1466 1668 in

234 1703 315 1757 Pauli
340 1705 463 1774 Krueger
488 1701 635 1760 ‘Krs'ts'sclre
658 1705 790 1760 Verauclre
814 1709 852 1759 im
879 1709 982 1761 Gabiete
1004 1709 1050 1760 dea
1074 1707 1226 1761 romiscbea
1251 1700 1357 1759 Rechta’
1386 1703 1465 1756 Bero-

233 1792 401 1862 lini1870];

322 1883 358 1950 V)
385 1883 574 1953 fragmentum
597 1885 630 1939 de
653 1883 712 1939 iure
736 1885 793 1939 fisci
816 1885 972 1939 Veronense
1001 1883 1081 1952 [conf.
1102 1883 1213 1938 tabulas
1236 1883 1266 1936 in
1291 1881 1373 1936 huius
1392 1881 1466 1950 frug·

233 1971 321 2026 menti
340 1971 462 2028 editione
481 1991 498 2028 a
517 1973 604 2028 Paulo
623 1973 746 2043 Krueger
764 1973 873 2042 Lipsiae
894 1973 964 2028 1868
982 1973 1105 2040 curata];

322 2061 373 2120 Vll
403 2061 471 2116 iuris
500 2063 713 2118 anteiustiniani
740 2063 899 2133 fragmenta
927 2079 998 2131 quae
1026 2061 1156 2117 dicuutur
1185 2061 1323 2116 Vaticana
1354 2057 1466 2126 (codicis

232 2150 362 2205 Vaticani
378 2151 462 2218 5766)
480 2150 702 2218 [constabulum
716 2169 770 2206 non
785 2169 894 2221 prorsus
908 2155 1036 2206 accurate
1049 2150 1221 2220 lithographi
1236 2152 1295 2204 arte
1310 2165 1465 2218 expressam

231 2239 262 2293 in
281 2239 382 2308 Angeli
401 2239 457 2294 Mai
482 2240 553 2294 libro
572 2241 621 2309 qui
640 2240 801 2296 inscribitur
819 2238 895 2296 ‘iuris
915 2241 1004 2296 civilis
1023 2239 1251 2296 anteiustiniauei
1270 2237 1405 2306 reliquiae
1423 2238 1465 2292 in·

231 2327 323 2383 editae
342 2345 375 2382 ex
394 2328 484 2383 codice
503 2330 636 2398 rescripto
655 2330 838 2386 bibliothecae
857 2331 1015 2400 pontificiae
1030 2326 1194 2384 Vaticanae'
1213 2329 1317 2382 Romae
1337 2325 1432 2394 1823];

320 2417 383 2484 Vll)
406 2419 566 2488 fragmenta
585 2419 691 2474 Codicis
709 2420 901 2486 Theodosiani,
926 2437 998 2490 quae
1021 2421 1117 2475 insunt
1140 2420 1170 2474 in
1189 2418 1280 2474 codice
1299 2417 1463 2472 Taurinensi

229 2525 247 2560 a
266 2505 292 2560 II
311 2507 327 2562 2
352 2507 434 2574 [coni.
453 2509 606 2578 imaginem
625 2510 656 2565 in
674 2510 759 2564 z.-W.
779 2511 836 2565 tab.
856 2511 904 2576 25;
933 2511 1002 2565 conf.
1028 2510 1114 2566 etiam
1140 2506 1255 2564 ‘Codicis
1278 2505 1462 2561 Theodosiani

230 2595 389 2665 fragmenta
417 2596 608 2653 Taurinensia’
640 2599 682 2654 ed.
711 2599 813 2656 Paulus
842 2599 967 2670 Krueger
998 2600 1028 2654 in
1060 2595 1338 2654 commentationibus
1369 2595 1464 2665 regiae

229 2683 386 2740 academiae
405 2686 583 2741 scientiarum
599 2687 782 2742 Berolinensis
796 2689 889 2743 classis
904 2688 1110 2758 philosophicae
1125 2692 1154 2742 et
1167 2686 1315 2741 historicae
1330 2684 1462 2752 a.1879];

318 2775 394 2842 VIII)
423 2775 529 2830 Codicis
558 2776 739 2831 Theodosiani
767 2777 851 2832 codex
877 2778 1019 2832 Parisinus
1047 2777 1117 2832 9643
1147 2775 1228 2844 [coni.
1252 2774 1405 2844 imaginem
1431 2773 1462 2828 in

230 2862 315 2917 Z.·W.
335 2864 391 2917 tab.
412 2863 472 2930 26];

318 2951 367 3020 IX)
392 2951 498 3007 Codicis
518 2953 700 3008 Theodosiani
719 2955 803 3009 codex
822 2955 975 3009 Vaticanus
993 2955 1157 3026 Reginensis
1176 2955 1228 3008 886
1249 2951 1330 3020 [conf.
1349 2951 1461 3006 simula·

228 3057 304 3094 crum
324 3059 422 3110 parum
441 3045 569 3098 accurate
588 3043 742 3098 confectum
767 3044 841 3112 apud
860 3045 1014 3100 [iustarum
1033 3045 1138 3100 Haanel
1159 3041 1293 3111 ‘Antiqua
1311 3041 1462 3095 summaria

228 3128 334 3184 Codicis
354 3131 536 3186 Theodosiani
556 3149 588 3186 ex
608 3131 699 3186 codice
713 3133 851 3188 Vaticano
869 3152 944 3188 nunc
962 3134 1083 3202 primum
1102 3130 1187 3188 edita’
1206 3131 1316 3201 Lipsiae
1333 3129 1428 3198 1834];

317 3219 352 3286 X)
376 3219 482 3274 Codicis
502 3219 685 3274 Theodosium
704 3223 864 3290 fragmenta
882 3223 912 3277 in
931 3223 1022 3278 codice
1041 3224 1178 3278 Vaticano
1197 3223 1267 3278 5766
1286 3222 1404 3284 servata,
1424 3220 1459 3274 ad

228 3323 299 3374 quae
318 3308 452 3362 accedunt
471 3327 560 3378 pauca
579 3309 646 3364 folia
666 3310 856 3376 Taurinensia,
881 3329 952 3380 quae
977 3312 1012 3366 ad
1035 3312 1152 3368 eundem
1175 3311 1243 3366 olim
1266 3309 1461 3379 pertinuerunt

227 3395 347 3450 iudicem
377 3397 458 3464 [conf.
482 3398 633 3467 scripturae
657 3399 809 3468 specimina
834 3401 908 3470 apud
931 3402 1070 3472 Angelum
1094 3402 1152 3456 Mai
1175 3402 1205 3456 in
1228 3403 1307 3469 parte
1330 3398 1459 3452 inferiore

228 3485 340 3540 tabulae
359 3487 518 3556 Symmachi
537 3487 693 3542 orationum
712 3488 828 3544 editioni
849 3491 988 3546 Romanae
1007 3508 1031 3546 a
1053 3491 1122 3546 1823
1147 3490 1312 3560 praemissae
1335 3493 1364 3543 et
1383 3487 1457 3557 apud

227 3574 376 3629 Amedeum
397 3575 502 3644 Peyron
521 3574 550 3629 in
571 3572 709 3630 ‘Meritoria
727 3579 798 3632 deda
817 3581 904 3647 Regia
923 3582 1084 3634 Acccdsmia
1102 3581 1168 3633 delle
1186 3581 1290 3632 adanae
1308 3581 1338 3631 di
1356 3579 1459 3632 Torino

226 3664 370 3730 XXVIII,
389 3667 474 3720 classe
492 3669 521 3720 di
539 3669 644 3722 sciense
663 3669 769 3735 raornii,
788 3670 935 3722 storiatus
953 3665 1110 3738 filolopiclse’
1130 3685 1154 3722 a.
1176 3668 1244 3722 1823
1268 3666 1324 3722 tab.
1345 3684 1420 3720 num.
1440 3666 1456 3720 2

224 3751 271 3810 (ad
289 3771 352 3822 pag.
372 3753 463 3822 330)];

313 3842 361 3910 XI)
380 3843 551 3899 Scholiorum
567 3845 762 3900 Sinaiticorum
781 3845 811 3900 in
826 3845 940 3916 Ulpiani
959 3847 1042 3901 libros
1061 3847 1097 3901 ad
1115 3847 1248 3902 Sabinum
1268 3845 1352 3900 codex
1365 3845 1454 3900 Sinai·

223 3930 302 3992 ticus.
322 3932 370 4000 qui
389 3933 419 3986 in
438 3933 536 3988 mediis
555 3933 645 3990 verbis
663 3935 770 4004 graecis
783 3952 873 4004 pauca
887 3935 1011 3990 continet
1025 3936 1121 3990 latinis
1135 3936 1237 3991 litteris
1251 3935 1355 4003 scripta
1374 3933 1454 4002 [conf.

223 4019 257 4074 de
284 4020 335 4075 hoc
363 4022 454 4077 codice
483 4023 601 4078 Paulum
629 4023 753 4093 Krueger
779 4025 809 4078 in
839 4021 1007 4090 ‘Zaitsclsrift
1034 4028 1083 4081 der
1111 4026 1382 4095 savigny-Stistuug
1404 4024 1457 4088 fils·

223 4110 468 4177 Rechtapesclu'clrts
492 4111 539 4166 IV.
565 4113 780 4168 Romanistieclre
798 4111 970 4182 Abtheiluap’
991 4115 1142 4184 luae-pag.
1163 4113 1274 4183 lsqq.];

312 4198 375 4264 XH)
394 4199 500 4256 Codicis
513 4201 665 4256 Iustiniani
683 4202 841 4272 fragmenta
856 4203 1025 4258 Veronensis
1045 4203 1126 4271 [coni.
1146 4205 1299 4273 scripturae
1317 4203 1454 4272 specimen

220 4285 251 4340 in
270 4302 311 4351 ea,
331 4305 416 4356 quam
434 4289 537 4344 Paulus
557 4291 680 4360 Krueger
698 4291 818 4345 Berolini
838 4309 863 4345 a.
884 4293 953 4346 1874
977 4294 1092 4358 curavit,
1118 4294 1214 4348 horum
1234 4293 1453 4364 fragmentorum

221 4374 343 4431 editione
361 4395 425 4446 pag.
446 4377 511 4445 11113

311 4465 387 4533 XIII)
406 4467 582 4536 Digestorum
593 4467 676 4523 codex
687 4469 862 4524 Florentinus
879 4469 959 4537 [conf.
969 4471 1106 4540 imagines
1117 4471 1145 4525 in
1157 4471 1290 4526 Theodori
1301 4472 1452 4528 Mommsen

220 4553 342 4610 editione
360 4555 536 4624 Digestorum
555 4557 659 4612 maiore
682 4559 735 4612 vol.
755 4559 781 4612 II
810 4559 941 4626 (Berolini
962 4561 1040 4626 1870)
1065 4561 1121 4615 tab.
1143 4563 1165 4616 1.
1186 4562 1210 4615 2.
1230 4562 1248 4616 4
1271 4564 1300 4616 et
1318 4561 1347 4614 in
1365 4563 1452 4616 Z.·W.

220 4643 339 4698 tab.'39.
359 4645 420 4712 54];
