3568 5238
930 404 971 464 44

844 491 1053 500 *-

336 625 433 705 gellas
462 625 581 706 cepisse
604 628 725 701 namet,
762 645 822 706 quo
853 625 935 690 facto
964 626 1049 689 visus
1072 626 1113 688 sit
1135 627 1254 689 ceteros
1278 643 1401 706 quoque
1425 625 1562 688 nominis

336 726 439 789 Latini
463 726 562 790 socios
575 727 658 790 male
680 729 836 792 animatos
853 731 1037 812 repressisse
1050 729 1246 808 eundemque
1263 727 1294 790 in
1313 727 1478 790 consulatu
1489 727 1564 791 Ful-

337 829 422 892 rium
438 828 588 892 Flaccum
605 829 802 895 consularem
814 834 847 894 et
859 830 893 895 C.
911 830 1125 895 Gracchum
1145 829 1398 894 tribunicium
1420 849 1563 912 oppres·

336 931 458 1005 sisse,
481 933 523 995 ob
548 951 658 1012 quarn
676 933 864 997 iuvidiam
882 936 1014 1016 postea
1035 931 1185 996 iudicio
1202 931 1491 996 circumventus
1513 934 1564 996 sit

337 1036 369 1096 et
384 1032 416 1095 in
433 1032 577 1096 exsilium
594 1037 693 1098 actus.
716 1036 762 1098 Ex
778 1036 826 1099 his
842 1036 1028 1099 scholiastae
1052 1035 1153 1099 verbis
1176 1035 1320 1115 quamvis
1343 1035 1466 1098 eluceat
1488 1054 1562 1099 eum

336 1133 491 1199 Ciceronis
523 1136 612 1216 sequi
641 1139 831 1202 sententiam
854 1137 888 1201 L.
905 1137 1066 1220 Opimium
1089 1137 1202 1201 iniuria
1225 1136 1470 1201 condemnatum
1493 1155 1562 1201 esse

336 1237 502 1300 scribentis
518 1240 552 1319 ¹),
575 1241 694 1315 tamen,
717 1260 790 1304 curn
812 1241 904 1324 plura
926 1242 1049 1304 oratore
1072 1241 1230 1322 praebeat
1254 1238 1353 1302 alium
1376 1240 1563 1325 quoque,da

336 1339 389 1401 illo
413 1340 477 1402 viro
499 1339 677 1422 inspectum
700 1361 769 1406 esse
793 1348 954 1406 auctorem
976 1343 1007 1404 in
1032 1348 1140 1426 aperto
1163 1342 1220 1404 est.

423 1441 592 1506 Sallustius
608 1445 735 1525 quidem
750 1445 863 1527 respici
886 1464 948 1508 non
970 1447 1084 1526 potest,
1108 1445 1190 1525 quod
1206 1443 1422 1527 Opimiumfire
1447 1442 1564 1527 veraja

336 1543 493 1625 Iugurtha
515 1552 646 1626 argento
669 1549 850 1628 corruptum
874 1551 969 1628 atque
992 1549 1030 1610 ob
1054 1565 1125 1610 eam
1148 1565 1278 1610 causam
1301 1547 1368 1609 iure
1392 1565 1461 1610 esse
1483 1548 1565 1610 mul-

339 1649 442 1710 tatum
469 1647 566 1710 refert
575 1651 615 1728 ²);
650 1649 783 1712 eandem
810 1668 882 1713 vero
913 1667 1008 1730 quam
1043 1650 1125 1731 apud
1164 1649 1334 1712 Asconium
1373 1651 1564 1714 sententiam

247 1835 250 1840 ,
340 1749 421 1832 apud
439 1748 595 1814 Velleium
618 1749 649 1812 ll
673 1752 700 1825 7,
724 1753 742 1813 3
767 1752 1049 1834 deprehendimus:
1074 1751 1291 1831 ‘crudelesque
1314 1751 1565 1834 moxlquaestio-

337 1869 393 1914 nes
417 1852 448 1912 in
473 1853 589 1916 amicos
605 1854 798 1935 clientesque
815 1854 1028 1919 Gracchorum
1052 1855 1177 1918 habitae
1200 1857 1283 1916 sunt.
1316 1852 1378 1917 Sed
1394 1853 1564 1936 Opimium,

338 1953 441 2016 virum
469 1954 584 2036 alioqui
607 1960 753 2020 sanctum
776 1976 812 2022 ac
840 1977 984 2039 gravem,
1017 1957 1204 2021 damnatum
1232 1961 1342 2038 postea
1369 1956 1481 2020 iudicio
1507 1977 1566 2040 pu·

336 2056 416 2119 blico
450 2057 602 2120 memoria
633 2058 726 2122 istius
759 2061 906 2124 saevitiae
934 2060 1023 2124 nulla
1051 2060 1150 2123 civilis
1179 2063 1345 2141 persecuta
1370 2063 1419 2122 est
1444 2059 1566 2123 miseri-

336 2159 448 2222 cordia.
492 2159 631 2223 Eadem
652 2161 807 2227 Rutilium
830 2163 1062 2246 Popiliumque,
1086 2164 1139 2242 qui
1169 2161 1312 2224 consules
1336 2162 1504 2244 asperrime
1526 2163 1564 2225 in

336 2261 477 2325 Tiberii
493 2261 658 2326 Gracchi
681 2267 823 2330 amicos
847 2269 1080 2339 saevierant,
1104 2267 1236 2347 postea
1256 2264 1484 2328 iudiciorum
1504 2285 1565 2347 pu-

336 2364 523 2427 blicorum
546 2367 682 2430 merito
705 2369 900 2450 oppressit
923 2368 1123 2445 invidia'³).

422 2464 509 2529 Haec
544 2486 579 2530 er
602 2467 689 2533 Livio
717 2471 915 2534 arcessivisse
944 2469 1100 2534 Velleium
1136 2487 1208 2532 cum
1243 2488 1298 2550 per
1332 2487 1365 2532 se
1395 2470 1564 2535 admodum

337 2568 496 2651 probabile
534 2573 596 2645 cst,
649 2575 718 2634 turn
752 2573 836 2636 idem
874 2571 906 2636 II
943 2573 978 2648 6,
1017 2576 1037 2634 4
1074 2573 1219 2635 Fulvium
1257 2571 1405 2635 Flaccum
1444 2579 1566 2637 ‘oonsu-

336 2671 436 2733 larcm
484 2675 580 2752 atque
618 2675 843 2757 triumphalem
880 2677 992 2753 virum,
1037 2695 1160 2756 aeque
1200 2692 1316 2757 prava
1350 2675 1430 2751 (soil.
1469 2680 1564 2758 atque

339 2773 531 2854 Gracchum)
558 2777 787 2859 cupientem‘
811 2778 968 2856 describit,
1000 2778 1107 2841 Livius
1141 2777 1291 2860 (perioch.
1327 2777 1379 2854 61)
1411 2779 1564 2842 ‘socium

336 2877 505 2940 eiusdem
529 2876 679 2942 furoris'
708 2881 859 2956 nominat,
892 2883 939 2945 ita
961 2887 997 2946 ut
1020 2881 1177 2944 Velleium
1205 2886 1238 2943 et
1267 2881 1436 2944 Asconium
1467 2881 1563 2958 Livio,

337 2979 443 3059 quiin
467 2978 554 3042 libris
577 2979 631 3043 LX
654 2985 686 3044 et
713 2983 784 3046 LXI
811 3003 861 3047 res
885 2987 923 3048 ab
952 2983 1074 3066 Opimio
1098 2987 1204 3063 gestas
1227 2983 1296 3047 fuse
1320 2984 1468 3059 narravit,
1491 3001 1564 3047 usos

337 3099 404 3144 esse
429 3081 581 3163 suspicari
605 3085 709 3148 liceat.

421 3183 565 3260 Fabiam,
589 3187 741 3268 virginem
766 3187 942 3266 Vestalem,
966 3196 1103 3252 ‘causam
1132 3189 1245 3251 incesti
1269 3187 1395 3262 dixisse,
1430 3207 1503 3251 cum
1536 3188 1564 3250 ei

340 3285 476 3350 Catilina
498 3288 691 3365 obiceretur',
715 3294 809 3372 atque
833 3291 1012 3355 absolutam
1035 3309 1102 3354 esse
1127 3291 1280 3354 Asconius
1305 3293 1347 3372 (p.
1370 3291 1420 3366 82,
1444 3289 1563 3372 6-10)

340 3407 441 3470 neque
465 3407 501 3452 ex
524 3389 689 3469 Cicerone,
724 3412 818 3474 quem
854 3394 891 3457 de
919 3393 978 3456 hoc
1006 3398 1120 3456 sororis
1142 3393 1306 3457 Terentiae
1328 3412 1403 3456 suae
1434 3392 1562 3456 crimine

341 3536 522 3545 -u——---

407 3623 427 3684 ¹)
447 3617 543 3670 Cicero
565 3613 660 3669 scribit
678 3613 767 3679 [Brut.
785 3613 828 3678 34,
848 3613 922 3679 128);
947 3617 1020 3665 ‘nam
1039 3611 1174 3666 invidiosa
1198 3610 1258 3682 lege
1284 3611 1410 3665 Mamilia
1438 3610 1565 3682 quaestio

338 3707 417 3770 <cum
438 3705 524 3771 esset>
528 3741 628 3767 .....
652 3699 684 3752 L.
698 3699 881 3769 Opimium,
899 3697 1047 3753 Gracchi
1066 3695 1340 3763 interfectorem,
1358 3713 1375 3750 a
1393 3697 1496 3767 populo
1515 3699 1564 3750 ab·

337 3788 475 3854 solutum,
503 3803 566 3841 oum
594 3786 618 3838 is
645 3791 738 3839 contra
767 3783 863 3855 populi
891 3783 1015 3838 studium
1042 3783 1176 3848 stetisset,
1204 3781 1401 3836 Gracchani
1431 3781 1565 3836 iudices

336 3872 574 3939 sustulerunt',
598 3871 646 3926 sed
673 3871 759 3925 altero
783 3871 843 3923 loco
861 3874 922 3939 (pro
941 3869 1011 3923 Seat.
1030 3870 1073 3934 67,
1097 3869 1172 3935 idol:
1193 3866 1343 3937 ‘praeclare
1359 3867 1401 3920 vir
1417 3867 1452 3920 de
1470 3883 1498 3920 re
1516 3884 1565 3938 pu·

340 3957 413 4011 blica
440 3960 567 4023 meritus,
596 3958 627 4012 L.
656 3956 799 4027 Opimius,
824 3954 1016 4025 indignissime
1043 3953 1178 4017 concidit;
1198 3993 1308 4005 .....
1346 3955 1439 4022 Atque
1474 3950 1566 4007 hunc

337 4049 453 4097 tamen
472 4043 682 4112 flagrantem
700 4041 833 4096 invidia
851 4046 987 4111 propter
1003 4039 1188 4092 interitum
1214 4038 1245 4092 C.
1264 4038 1409 4092 Gracchi
1427 4054 1566 4109 semper

336 4128 410 4198 ipse
429 4130 579 4199 populus
598 4129 771 4182 Romanus
794 4125 946 4198 periculo
969 4124 1148 4179 liberavit:
1167 4123 1238 4178 alia
1262 4125 1432 4194 quaedam
1455 4124 1565 4178 civem

336 4215 511 4284 egregium
530 4213 642 4285 iniqui
660 4213 786 4267 iudicii
805 4212 957 4283 procella
974 4211 1161 4280 pervertit.'
1197 4211 1342 4265 Praeterea
1359 4211 1393 4264 cf.
1412 4209 1468 4264 Cic.
1486 4210 1563 4279 apud

336 4303 437 4353 Ascon.
462 4318 487 4371 p.
507 4303 548 4365 15,
575 4301 688 4364 16-20;
711 4315 761 4369 pro
779 4297 873 4352 Plane.
892 4299 935 4363 28,
953 4298 1065 4362 69-29,
1084 4298 1129 4363 70;
1156 4299 1184 4350 in
1203 4296 1284 4351 Catil.
1304 4296 1410 4363 12,4;
1444 4294 1565 4366 Philipp.

340 4385 417 4438 VIII
435 4388 460 4452 4,
479 4388 520 4440 14.

406 4475 426 4540 ²)
445 4472 508 4526 bell.
527 4472 588 4542 Ing.
610 4475 650 4527 16.
669 4473 711 4526 40.
748 4472 892 4525 Praeterea
910 4470 943 4524 cf.
963 4470 1039 4525 Plut.
1058 4471 1103 4524 vit.
1125 4470 1154 4524 C.
1173 4469 1290 4524 Gracch.
1308 4483 1331 4522 c.
1351 4469 1391 4523 18.

405 4563 427 4620 a)
446 4559 530 4624 Quod
549 4557 674 4612 Velleius
698 4557 813 4612 ‘merito'
833 4556 903 4610 illud
930 4556 1035 4611 factum
1063 4573 1122 4611 ease
1147 4555 1256 4621 scribit,
1287 4553 1428 4624 proprium
1446 4554 1505 4606 eius
1525 4554 1564 4606 vi·

337 4643 419 4697 detur
436 4660 495 4698 esse
513 4643 647 4697 iudicium
668 4659 756 4713 neque
774 4644 812 4697 eis
831 4649 975 4714 repugnat,
994 4659 1065 4712 quae
1083 4641 1233 4696 scholiasta
1250 4639 1368 4695 exhibet.
