3560 5242
950 409 991 470 42

363 627 431 690 lum
458 625 555 692 Ianus
585 629 623 693 ad
654 629 839 694 memoriam
865 633 950 694 uter·
993 649 1087 712 quem
1113 631 1299 708 indoluerat,
1328 631 1494 696 Saturnius
1517 631 1582 695 dio-

364 747 424 810 que
434 731 625 811 posteritatis
638 732 839 813 reliquerunt.
863 732 950 796 llio-
991 735 1059 808 tus,
1083 733 1224 797 eivitas
1249 751 1345 814 qnam
1369 733 1580 816 depalaverat,

364 850 420 895 mo
447 832 569 914 igitur
595 834 725 915 utique
756 835 818 916 qui
841 834 948 916 fugit,
993 836 1174 901 Saturnia
1195 855 1296 917 usque
1319 855 1404 900 nuno
1426 839 1491 912 est,
1513 839 1582 900 tota

364 933 470 998 homo
505 937 634 1018 utique
662 938 723 1019 qui
750 938 883 1008 latuit,
917 939 949 1000 et
992 939 1126 1020 denique
1162 937 1258 1001 Italia
1293 939 1365 1020 post
1399 938 1582 1003 Oenotriam

364 1035 454 1118 poter
475 1038 611 1104 hominis
634 1044 671 1104 et
692 1043 804 1104 natus
827 1058 869 1124 er
890 1039 950 1102 ho-
993 1041 1143 1106 Saturnia
1185 1040 1474 1122 cognominabatur.
1531 1041 1581 1105 ab

363 1138 478 1202 mine:
493 1141 628 1206 Terrae
652 1143 748 1206 enim
770 1142 830 1206 rel
845 1140 949 1207 Caeli
991 1144 1059 1226 ipso
1081 1144 1218 1227 primum
1240 1142 1368 1206 tabidae
1391 1147 1423 1207 at
1443 1143 1582 1225 imagine

364 1237 488 1318 lilius,
540 1244 637 1326 quod
687 1245 783 1328 apud
827 1243 949 1307 Italos
993 1246 1167 1328 signatus
1204 1263 1394 1321 nummus,
1439 1250 1471 1312 et
1507 1247 1582 1312 inde

364 1346 468 1407 esset
525 1345 670 1428 ignotis
725 1346 949 1430 parentibus
994 1349 1112 1413 aerario
1148 1346 1314 1431 praesidet
1372 1349 1511 1412 Tamen
1548 1349 1581 1412 si

364 1445 555 1526 proditus,
588 1451 631 1512 ut
663 1451 701 1513 in
728 1450 950 1514 hodiernum
993 1452 1101 1515 homo
1130 1449 1338 1526 Saturnus,
1371 1451 1506 1533 utique
1540 1471 1582 1516 ex

364 1546 561 1630 inopinato
592 1552 697 1616 visos
725 1554 831 1618 eaelo
865 1552 951 1616 mis·
993 1553 1156 1629 homine,
1186 1555 1224 1616 et
1253 1552 1344 1634 quia
1367 1554 1410 1617 ab
1433 1553 1582 1619 homine

365 1667 440 1723 sos,
484 1651 680 1733 ignobiles
726 1659 763 1719 et
798 1655 950 1738 ignotos
994 1673 1071 1718 non
1122 1655 1256 1736 ntique
1306 1654 1348 1718 de
1399 1657 1502 1720 eaelo
1546 1660 1584 1721 et

365 1755 494 1818 terrae
543 1755 649 1820 lilios
699 1759 949 1822 nominamus.
994 1759 1106 1820 terra
1156 1756 1229 1821 Sed
1257 1757 1367 1821 onius
1400 1763 1582 1840 parentes

365 1855 481 1920 Seius
516 1857 599 1922 lilius
631 1859 807 1943 Iuppiter
839 1858 950 1925 Cretae
994 1859 1120 1942 ignoti
1165 1861 1295 1942 erant,
1345 1858 1461 1923 fneile
1505 1860 1584 1924 fuit

365 1958 490 2023 eroluso
527 1965 657 2044 parente
694 1964 851 2044 regnavit,
887 1961 951 2026 illio
996 1979 1122 2025 eorum
1150 1961 1281 2025 filium
1314 1961 1388 2025 dioi
1423 1981 1583 2043 quorum

366 2060 454 2137 obiit,
488 2063 554 2128 illio
582 2063 661 2130 filios
688 2064 814 2130 habuit:
848 2065 952 2128 adhue
995 2066 1034 2126 et
1058 2082 1186 2128 omnes
1220 2083 1418 2147 possumus
1448 2065 1581 2129 videri.

365 2165 492 2229 antrmn
525 2164 607 2230 Iovis
640 2168 752 2232 visitur
784 2171 817 2232 et
849 2168 952 2250 sepul·
995 2164 1072 2245 eris
1101 2166 1186 2229 enim
1213 2186 1276 2231 non
1303 2167 1425 2232 eaelum
1452 2185 1489 2231 aa
1521 2171 1585 2232 ter-

365 2283 454 2330 arum
470 2345 472 2348 ,
487 2267 552 2332 eius
585 2270 776 2346 ostenditur,
811 2272 844 2334 et
875 2271 951 2353 ipsis
994 2286 1063 2332 ram
1090 2271 1225 2332 matrem
1253 2287 1290 2334 ae
1312 2273 1433 2352 patrem
1455 2287 1584 2334 venera·

365 2369 463 2432 saeris
502 2373 566 2436 suis
604 2373 859 2438 humanitatis
898 2391 952 2436 ar·
994 2370 1087 2434 tionis
1111 2372 1143 2434 et
1162 2371 1287 2435 honoris
1309 2372 1411 2454 gratia
1426 2372 1583 2456 appellet?

365 2469 504 2550 guitur.
998 2472 1048 2538 vol
1063 2491 1099 2536 ex
1116 2473 1341 2538 consuetudine
1357 2475 1504 2552 hnmana,
1521 2493 1584 2556 qua

410 2573 617 2642 90tiosum
642 2582 700 2643 est
720 2579 776 2643 ire
796 2597 860 2662 per
881 2579 953 2641 sin·
994 2577 1116 2659 ignoti
1143 2577 1204 2640 vel
1232 2594 1273 2640 ex
1300 2575 1497 2658 inopinato
1526 2575 1585 2640 ad·

366 2679 474 2756 gulos
508 2683 545 2744 et
578 2684 697 2745 totam
725 2682 864 2745 seriem
894 2699 952 2762 ge·
995 2682 1180 2762 parentes
1225 2679 1267 2743 de
1312 2679 1416 2743 eaelo
1454 2697 1586 2762 super-

366 2781 839 2866 nerisistiuserplieare,
866 2801 950 2847 oum
996 2783 1149 2846 venisse
1193 2781 1385 2845 dicuntur.
1447 2780 1585 2845 Proinde

365 2883 403 2946 in
440 2884 572 2965 primis
610 2886 836 2968 parentibus
873 2905 952 2969 pro·
997 2884 1132 2950 Saturno
1169 2884 1331 2967 repentino
1363 2883 1480 2966 ubique
1515 2901 1585 2947 eae

365 2986 457 3050 bata
488 2989 707 3052 mortalitas
737 2989 775 3051 in
800 2992 951 3054 eeteros
996 2989 1085 3052 litem
1129 2986 1261 3069 contigit
1305 2985 1380 3059 dioi;
1424 3005 1511 3050 nam
1547 2989 1585 3049 et

365 3088 448 3171 ipso
472 3089 607 3155 ordine
631 3092 953 3156 successionisin-
996 3095 1123 3155 terrae
1160 3089 1264 3153 lilios
1301 3089 1440 3170 vulgus
1472 3089 1586 3152 voest

366 3189 546 3268 fluxerit,
595 3195 672 3258 nisi
719 3194 816 3259 forte
866 3199 953 3278 post
997 3191 1584 3277 quornmgenusineertumast.

324 3339 326 3342 -
366 3298 524 3360 mortem
568 3297 657 3361 deos
701 3296 869 3380 fingitis,
921 3300 954 3362 et
997 3292 1585 3378 Taoeoquoditarudesadhuoho·

365 3397 540 3478 perierante
568 3398 699 3464 Prooulo
732 3400 809 3464 deus
837 3401 954 3465 Romu-
996 3400 1097 3464 mines
1142 3397 1292 3480 agebant,
1339 3399 1376 3459 ut
1418 3395 1585 3460 euiuslibet

366 3500 432 3576 lus,
466 3504 498 3565 et
523 3500 604 3565 iuba
631 3500 749 3567 Mauris
777 3504 953 3568 volentibus
996 3501 1066 3566 novi
1095 3501 1152 3566 viri
1181 3499 1331 3582 adspeotu
1360 3497 1452 3580 quasi
1481 3497 1596 3562 divino

320 3644 323 3651 -
366 3601 443 3666 deus
466 3606 529 3680 est,
552 3607 585 3667 et
608 3604 669 3668 divi
691 3607 811 3670 aeteri
832 3624 952 3688 reges,
997 3605 1280 3677 eommoverentur,
1308 3620 1380 3666 oum
1407 3599 1499 3665 hodie
1520 3600 1585 3664 iam

367 3705 429 3785 qui
479 3711 754 3772 consecrantur
807 3727 867 3772 non
913 3708 953 3772 ad
996 3706 1083 3790 politi
1141 3723 1233 3787 quos
1293 3708 1382 3767 ante
1440 3722 1583 3788 pausos

365 3806 461 3871 fidem
483 3809 636 3886 numinis,
663 3810 718 3874 sed
741 3811 781 3874 ad
803 3812 952 3876 honorem
997 3810 1078 3874 dies
1106 3809 1215 3873 lnotn
1237 3806 1393 3890 publioo
1415 3808 1584 3870 mortuos

366 3910 516 3974 emeritae
537 3913 711 3994 potestatis.
997 3914 1076 3977 sint
1102 3909 1287 3987 confessi,
1318 3909 1358 3971 in
1389 3909 1478 3972 deos
1501 3927 1586 3973 oon-

997 4016 1162 4080 seorent.
1195 4013 1279 4078 Satis
1301 4013 1366 4075 iam
1382 4011 1420 4076 de
1438 4011 1584 4088 Saturno,

997 4120 1072 4183 lieet
1115 4116 1232 4201 paneis.
1297 4114 1422 4178 Etiam
1458 4111 1585 4178 lovem

997 4220 1272 4298 ostendimus1)
1295 4221 1372 4281 tam
1394 4215 1586 4280 hominem

370 4307 532 4314 ——..-.-.-

437 4395 458 4457 ²)
478 4391 522 4446 Sic
539 4392 610 4446 enim
628 4408 677 4460 pro
695 4390 884 4447 ‘ostendemus’
902 4391 1045 4460 legendnm
1063 4404 1124 4444 osso
1142 4386 1340 4443 demonstrarit
1351 4386 1371 4439 I.
1385 4384 1524 4454 Kayserus
1545 4385 1587 4440 his

366 4491 430 4529 usus
453 4477 541 4532 uerbis
564 4479 650 4544 (Tart.
671 4478 747 4546 Apol.
766 4477 807 4531 ed.
827 4475 1017 4530 Paderbornae
1038 4475 1104 4528 1865
1122 4489 1147 4542 p.
1165 4475 1226 4542 34):
1245 4472 1423 4541 ‘Quamquam
1454 4469 1482 4524 in
1501 4471 1587 4525 omni-

366 4661 426 4700 esse
453 4647 531 4702 nobis
558 4649 700 4717 persuasit.
746 4648 798 4702 Est
824 4647 895 4701 enim
922 4646 1058 4702 conclusio
1081 4643 1319 4701 demonstrationis
1345 4643 1373 4696 in
1397 4641 1587 4710 compendium
