3560 5242
825 348 951 441 -74
969 436 1035 442 ,..

314 565 377 636 ὅτι
410 573 485 636 τῶν
517 574 726 654 συνθηκῶν
762 565 802 635 αἱ
837 568 906 653 μέν

312 668 393 738 εἱσι
442 671 621 759 φανεραὶ,
674 667 763 754 ὅσαι
807 666 905 738 κατὰ

313 771 462 858 νόμους
505 770 728 860 γίγνονται,
778 771 818 841 αἱ
863 776 905 842 δὲ

312 869 499 966 ἀφανεῖς,
529 873 618 944 ὅσαι
648 874 756 963 παρὰ
779 871 826 943 τὰ
849 902 905 945 ve-

315 979 537 1065 νομισμένα
559 981 846 1047 συντελοῦνται.

401 1085 493 1168 Apud
526 1087 698 1165 utrumque
731 1085 828 1166 igitur
862 1087 900 1152 de
927 1107 961 1154 re
987 1088 1110 1153 diversa
1138 1087 1251 1168 agitur.
1306 1084 1460 1150 Caecilius
1491 1103 1541 1148 re·

314 1187 482 1272 prehendit
504 1186 715 1262 Christianos,
745 1188 828 1270 quod
852 1191 1002 1273 quicquid
1026 1191 1146 1264 colant,
1178 1186 1386 1262 abscondant,
1414 1186 1539 1258 Celsus,

315 1290 406 1354 cuius
429 1290 524 1353 rerba
542 1289 693 1370 Origenes
716 1308 778 1353 non
801 1296 888 1356 recta
903 1295 1041 1358 oratione
1059 1311 1134 1356 usus
1150 1290 1295 1366 reddidit,
1319 1289 1401 1372 quod
1416 1289 1540 1353 occulta

315 1393 410 1456 coitio
438 1392 487 1455 sit.
536 1391 632 1456 Cuius
665 1392 884 1458 occultationis
912 1397 1049 1461 similem
1081 1395 1120 1460 ab
1150 1396 1283 1476 utroque
1312 1392 1442 1456 allatam
1470 1410 1539 1456 esse

314 1511 445 1558 causam
476 1497 543 1558 tam
566 1497 813 1560 consentaneum
836 1500 896 1572 est,
924 1503 961 1563 ut
984 1519 1020 1563 ex
1043 1499 1092 1562 his
1116 1497 1206 1573 locis,
1230 1495 1399 1560 dummodo
1421 1513 1461 1558 ne
1485 1494 1540 1558 alii

315 1595 483 1673 accedant,
513 1597 650 1660 alterum
673 1595 859 1680 scriptorem
882 1620 919 1665 ex
941 1603 1041 1666 altero
1064 1601 1199 1684 pendere
1221 1599 1351 1662 minime
1375 1596 1539 1660 efficiatur.

320 1735 357 1745 -
382 1698 448 1764 Nec
470 1699 573 1781 magis
596 1698 655 1763 hcc
678 1699 896 1766 demonstrant
917 1703 999 1768 Cels.
1024 1703 1105 1787 apud
1130 1701 1215 1784 Orig.
1237 1703 1258 1766 l.
1280 1720 1307 1766 c.
1329 1698 1345 1762 Ι
1366 1702 1388 1762 4
1410 1701 1443 1764 ct
1462 1699 1540 1764 Min.

315 1803 346 1879 8,
370 1804 388 1864 2
417 1802 604 1881 (simulatae
632 1802 879 1886 philosophiae').
931 1806 1015 1870 Nam
1043 1825 1116 1870 cum
1141 1802 1380 1888 philosophandi
1403 1801 1541 1883 quodam

317 1924 431 1987 genere
449 1905 700 1970 Christianorum
724 1905 866 1971 doctrina
888 1927 1039 1992 persaepe
1062 1909 1245 1990 comparata
1267 1909 1331 1970 est:
1354 1904 1433 1968 Iust.
1450 1904 1539 1986 Apol.
1663 1936 1666 1941 ·

317 2005 334 2070 Ι
358 2008 413 2080 6ος
442 2009 597 2090 Athenag.
628 2008 736 2092 Suppl.
760 2011 795 2083 2;
823 2011 905 2076 Tert.
930 2012 1019 2095 Apol.
1042 2012 1093 2074 46.
1120 2046 1157 2056 -
1183 2009 1264 2076 Cum
1286 2006 1369 2089 Orig.
1392 2008 1411 2070 l.
1435 2027 1460 2072 c.
1481 2005 1539 2069 15

317 2110 359 2174 in.
376 2113 408 2174 et
422 2111 498 2174 Min.
514 2113 565 2187 23,
585 2112 623 2173 12
646 2110 753 2175 confer
775 2110 851 2176 lust.
866 2115 956 2197 Apol.
972 2113 988 2178 1
1006 2116 1041 2188 9;
1068 2115 1133 2178 hui.
1149 2131 1260 2177 comm.
1275 2130 1305 2193 p.
1322 2110 1372 2174 64.
1392 2145 1433 2156 -
1454 2108 1540 2190 Orig.

318 2213 338 2278 l.
362 2233 387 2277 c.
410 2213 427 2276 I
451 2215 470 2276 9
493 2213 604 2279 Celsus
627 2214 823 2280 Christianos
846 2217 1041 2282 credulitatis
1064 2216 1237 2281 insimulat
1280 2213 1370 2278 Idem
1386 2212 1540 2278 Caecilius

318 2315 394 2380 iecit
419 2318 463 2398 (5,
488 2318 521 2390 3;
545 2318 573 2392 8,
597 2318 632 2390 4;
657 2318 685 2392 9,
709 2318 739 2380 2.
764 2319 798 2393 33
825 2319 873 2394 ll,
898 2321 941 2401 9).
998 2320 1064 2384 Nec
1097 2323 1204 2384 tamen
1233 2317 1272 2382 ad
1300 2315 1431 2382 verbum
1458 2315 1542 2378 inter

317 2437 353 2482 se
387 2423 573 2500 congruunt.
631 2419 799 2485 Praeterea
833 2441 869 2487 er
900 2422 976 2487 Luc.
1006 2423 1130 2504 Peregr.
1156 2421 1196 2485 13
1232 2421 1362 2503 apparet
1394 2416 1542 2482 credendi

318 2523 531 2585 temeritatem
547 2521 733 2587 Christianis
757 2542 776 2588 a
797 2525 907 2590 multis
930 2526 1114 2590 adversariis
1138 2524 1292 2590 obiectam
1314 2540 1392 2586 esse.
1430 2518 1542 2602 ltaque

318 2623 397 2686 illud
430 2624 541 2688 vitium
571 2625 604 2687 in
637 2627 768 2707 paganis
801 2628 1034 2710 reprehendunt
1062 2628 1242 2710 apolcgctae
1269 2623 1438 2690 Christiani
1464 2622 1541 2686 locis

318 2726 611 2790 innumerabilibus.
647 2765 687 2772 -
726 2728 977 2794 Christianorum
1015 2729 1173 2794 doctrinas
1206 2727 1340 2792 indoctis
1373 2725 1540 2809 praecipue

318 2827 500 2892 hominibus
528 2830 652 2911 probari
681 2829 793 2895 Celsus
822 2832 904 2916 apud
935 2831 1019 2914 Orig.
1046 2833 1064 2895 l.
1094 2851 1121 2896 c.
1148 2830 1164 2894 Ι
1187 2831 1226 2893 27
1251 2827 1313 2912 (ΙΙΙ
1336 2831 1385 2892 44.
1408 2829 1460 2891 49.
1484 2829 1540 2910 50)

318 2935 353 2993 et
375 2929 528 2995 Caecilius
553 2934 582 3004 5,
606 2935 640 3005 4;
664 2933 693 3007 8,
715 2935 736 2996 4
758 2953 819 2998 non
844 2937 900 2999 soll
924 2934 1054 3018 professi
1077 2937 1167 2998 sunt:
1191 2933 1230 2998 cf.
1253 2933 1328 2997 Luc.
1344 2931 1467 3012 Peregr.
1485 2930 1542 3004 13,

317 3029 399 3096 lust.
420 3033 510 3116 Apol.
533 3031 563 3095 ΙΙ
589 3036 643 3108 19;
666 3036 735 3100 Tat.
759 3038 815 3111 333
838 3038 994 3120 Athonag.
1019 3037 1127 3120 Suppl.
1153 3038 1201 3099 11.

406 3134 533 3200 Caecilii
563 3138 658 3200 rerba
686 3139 808 3203 multa
836 3144 1037 3222 praetereo
1061 3140 1240 3204 consulto
1263 3138 1328 3219 (10,
1353 3139 1385 3218 1)
1408 3155 1470 3200 non
1494 3155 1543 3199 re·

317 3236 449 3301 ferenda
479 3243 554 3302 sunt
582 3239 622 3302 ad
651 3239 734 3322 Orig.
758 3241 777 3304 l.
801 3259 827 3305 c.
850 3239 882 3304 Π
907 3242 946 3304 13
975 3235 1225 3324 (nottestan
1246 3237 1348 3326 λέγειν
1372 3236 1447 3323 περὶ
1472 3289 1478 3304 .
1503 3287 1509 3300 .
1534 3287 1541 3300 .

318 3329 417 3402 ἑκὼν
440 3335 546 3404 ἐκεῖνα
568 3338 836 3424 παραλείπω),
862 3345 916 3408 sed
940 3345 979 3410 ad
996 3345 1059 3410 Cic.
1084 3345 1122 3409 de
1144 3345 1219 3428 imp.
1235 3344 1291 3410 Cn.
1308 3343 1437 3425 Pompei
1454 3343 1484 3417 9,
1499 3341 1541 3403 26

321 3443 455 3520 (multa
482 3449 681 3526 praetereo
708 3448 909 3525 consulto).
941 3484 981 3493 -
1011 3448 1187 3530 Orig.l.c.
1213 3445 1306 3510 1131
1338 3446 1390 3512 (cf.
1412 3446 1486 3509 Min.
1512 3447 1541 3519 9,

319 3545 355 3628 4)
385 3545 495 3610 Celsus
524 3546 719 3612 Christianos
747 3550 960 3632 reprehendit,
994 3551 1075 3633 quod
1104 3551 1265 3616 hominem
1293 3550 1480 3614 sceleratum
1510 3549 1543 3611 et

319 3648 405 3712 cruci
433 3649 530 3713 fixum
558 3650 660 3714 divino
690 3650 830 3716 afficiant
855 3653 981 3718 honore.
1026 3653 1108 3720 Cave
1137 3657 1245 3718 tamen
1276 3652 1349 3716 inde
1372 3650 1541 3716 concludas

319 3751 405 3814 hunc
432 3752 536 3816 locum
563 3753 701 3818 Minucio
730 3758 803 3818 ante
830 3756 936 3820 oculos
964 3756 1164 3821 obversatum
1193 3774 1277 3830 esse3
1307 3757 1431 3818 constat
1458 3753 1542 3816 enim

320 3853 492 3918 identidem
515 3875 655 3938 paganos
677 3857 718 3922 ad
742 3856 937 3922 Christianos
953 3858 1184 3942 impugnandos
1201 3859 1253 3922 illo
1269 3860 1453 3939 argumento
1468 3874 1542 3920 usos

258 3971 262 3978 ·
321 3975 405 4020 esse:
429 3956 468 4021 ci.
491 3959 565 4022 Luc.
581 3959 705 4042 Peregr.
725 3960 774 4023 11.
795 3997 831 4005 -
849 3961 957 4043 Neque
983 3981 1020 4026 ex
1036 3961 1121 4044 Orig.
1146 3962 1166 4024 l.
1183 3981 1209 4026 c.
1231 3958 1319 4023 1145
1336 3959 1458 4024 ctMin.
1475 3960 1505 4033 8,
1523 3961 1542 4018 5

320 4059 492 4142 quicquam
515 4062 727 4143 colligendum
751 4067 808 4128 est.
853 4063 1047 4130 Christianos
1068 4065 1152 4128 enim
1167 4068 1300 4129 mortem
1316 4061 1542 4144 contempsisse

320 4166 355 4226 et
391 4181 449 4226 sua
487 4168 597 4247 sponte
632 4167 817 4249 oppetivisse
852 4185 925 4230 cum
960 4167 1011 4231 alii
1047 4169 1143 4231 testes
1177 4169 1252 4230 sunt
1282 4171 1351 4229 tum
1383 4163 1542 4228 Luciacus

320 4264 446 4347 Peregr.
472 4269 520 4331 13.

409 4369 645 4435 Multitudinem
680 4373 929 4438 Christianorum
960 4373 993 4436 in
1027 4373 1092 4436 dies
1127 4375 1321 4436 crescentem
1354 4389 1416 4434 non
1449 4369 1543 4434 modo

321 4471 434 4537 Celsus
462 4473 561 4556 (Orig.
590 4475 610 4538 l.
638 4495 665 4538 c.
693 4473 739 4538 ΙΙΙ
765 4477 817 4557 10)
844 4478 876 4539 et
904 4475 1057 4541 Caecilius
1086 4477 1128 4555 (9,
1153 4476 1199 4560 1),
1234 4475 1289 4539 scd
1317 4491 1426 4538 omnes
1453 4470 1545 4536 Chri-

321 4576 497 4640 stianorum
526 4579 697 4642 adversarii
724 4598 817 4660 aegre
846 4578 1005 4642 ferebant:
1034 4578 1074 4643 cl.
1101 4578 1184 4642 Tert.
1212 4578 1300 4661 Apol.
1325 4580 1340 4640 l
1364 4597 1395 4660 p.
1418 4575 1468 4648 69,
1494 4576 1544 4640 16.
