3560 5242
786 415 824 478 11

705 501 913 509 ——-——.—

195 639 306 702 exstat.
339 636 452 719 Itaque
475 637 539 702 veri
563 637 663 704 simile
687 641 736 702 est
758 638 895 705 Minucio
918 643 950 704 55
974 641 1144 723 caespitis
1168 640 1292 724 septimi
1314 641 1412 723 parte,

197 759 278 822 quae
310 740 452 804 eontinet
484 741 544 805 tria
569 741 626 806 illa
654 741 840 824 exempla,¹)
874 745 907 807 et
932 743 971 807 iis
999 743 1170 826 capitibus,
1199 743 1253 807 nbi
1282 743 1319 806 de
1343 743 1415 806 dee-

194 843 341 907 monibus
364 842 528 926 disputans
551 843 617 925 (26,
641 845 758 928 quq.;
782 844 838 929 27)
861 863 933 910 cum
955 845 1147 911 Tertulliano
1173 844 1276 928 (Apol.
1293 847 1344 908 22.
1361 846 1414 927 23)
1516 846 1520 858 ’

196 945 348 1027 congruit,
372 945 506 1012 eundem
530 946 650 1012 iontem
672 952 796 1031 praesto
819 949 917 1014 fnisse
941 967 977 1014 ac
991 949 1194 1014 Tertulliano.
1230 947 1316 1028 Quos
1331 949 1415 1014 locos

198 1049 347 1130 qnoniam
375 1049 511 1114 Rectius
545 1051 719 1134 composuit
752 1052 836 1134 (1.5.
864 1073 894 1136 p.
920 1053 1007 1133 101),
1040 1071 1097 1135 ego
1126 1050 1212 1115 nolui
1238 1051 1340 1116 denuo
1366 1070 1417 1115 er-

198 1150 341 1215 scribere.
387 1149 490 1233 htque
517 1152 602 1217 idem
629 1154 783 1219 concessit
809 1154 853 1238 (p.
878 1155 952 1235 105)
981 1155 1059 1219 nihil
1081 1155 1222 1230 obstare,
1250 1154 1417 1236 quominus

199 1253 238 1318 dc
261 1254 420 1320 communi
442 1255 626 1322 Tertulliani
650 1257 683 1320 et
704 1257 834 1322 Minucii
858 1259 984 1322 auctore
1007 1258 1171 1342 cogitetur.

284 1373 332 1437 De
354 1374 484 1456 reliquis
505 1375 597 1452 locis,
621 1376 735 1458 quibus
757 1376 839 1440 iuter
861 1377 1050 1456 Minucium,
1073 1377 1310 1454 Tertullianum,
1333 1375 1420 1442 Cice·

200 1477 285 1540 ronis
308 1477 347 1541 de
368 1480 483 1542 natura
499 1477 628 1552 deorum
646 1479 743 1544 libros
760 1479 931 1545 similitudo
947 1481 1103 1562 quaedam
1118 1478 1293 1556 intercedit,
1317 1477 1420 1544 dicam

201 1579 394 1646 brevissime.

289 1699 353 1766 Ubi
386 1701 424 1766 de
451 1702 581 1766 Thalete
613 1703 644 1766 et
672 1702 786 1767 Croeso
817 1703 922 1784 agitur
950 1701 1005 1787 (ad
1032 1705 1096 1767 nat.
1125 1701 1158 1765 Π
1181 1704 1215 1774 2;
1245 1702 1334 1785 Apol.
1356 1702 1421 1782 45),

203 1821 305 1886 neque
333 1804 470 1870 Minucio
499 1805 562 1886 (13,
577 1805 615 1879 4;
639 1806 688 1881 38,
705 1807 737 1884 5)
766 1824 868 1887 neque
896 1805 1044 1872 Cicerone
1072 1804 1123 1886 (de
1145 1805 1211 1868 nat.
1236 1805 1317 1870 deor.
1339 1803 1422 1880 122,

204 1908 275 1986 00),
299 1925 393 1989 quem
408 1907 566 1971 Minucius
590 1911 716 1972 secutus
741 1911 797 1986 est,
820 1928 913 1974 usum
930 1929 998 1974 esse
1013 1907 1244 1974 Tertullianum
1260 1907 1422 1972 Hartelius

205 2009 311 2075 docuit
334 2009 368 2088 (l.
385 2031 410 2074 c.
426 2030 455 2094 p.
472 2009 564 2090 359),
586 2011 683 2075 immo
706 2010 839 2076 Varroni
860 2012 917 2076 illa
938 2011 1104 2078 tribuenda
1127 2029 1195 2075 esse
1220 2009 1421 2075 Schwenhius

204 2113 289 2178 haud
311 2113 416 2196 inepte
440 2113 572 2178 coniecit
594 2113 624 2190 (l.
647 2133 673 2177 c.
697 2134 727 2196 p.
750 2114 834 2194 268).
860 2151 896 2160 -
921 2115 997 2178 1115.
1020 2115 1050 2190 6,
1075 2115 1129 2195 1¹)
1152 2113 1207 2198 (ei.
1222 2111 1285 2178 Cic.
1302 2112 1340 2177 de
1356 2115 1422 2177 nat.

205 2217 288 2281 deor.
310 2215 360 2280 III
385 2217 415 2294 2,
431 2217 463 2296 5)
487 2218 519 2280 55
541 2216 623 2281 Tert.
647 2217 686 2280 ad
710 2218 775 2280 555.
797 2215 871 2280 110
894 2217 953 2291 iu.;
976 2217 1066 2300 Apol.
1091 2216 1175 2280 615.
1198 2215 1248 2280 vir
1269 2216 1333 2281 huc
1356 2233 1425 2300 per-

205 2321 316 2384 tinent.
372 2319 498 2383 Etenim
527 2318 720 2384 Christianos
754 2338 772 2383 5
801 2320 956 2386 maiorum
985 2319 1134 2402 religione
1161 2318 1327 2384 descivisse
1358 2321 1424 2385 tam

207 2441 299 2506 saepe
328 2422 505 2487 obiciebant
531 2421 659 2505 pagani,
691 2425 727 2485 ut
749 2422 942 2488 Tertulliano
965 2441 1043 2507 opus
1065 2441 1129 2487 non
1152 2423 1237 2487 esset
1259 2422 1426 2486 Octavium

207 2525 385 2609 compilare.
418 2559 455 2571 -
484 2523 547 2590 Ubi
575 2525 607 2588 iu
636 2544 804 2591 numerum
835 2526 964 2590 deorum
992 2525 1109 2591 relatos
1133 2543 1202 2590 esse
1224 2527 1333 2590 monet
1354 2525 1427 2590 Ter·

208 2628 373 2705 tullianus,
402 2629 461 2710 spui
493 2627 599 2711 fruges
628 2629 822 2694 invenissent
850 2629 949 2712 (Apol.
975 2629 1013 2692 ll
1043 2649 1072 2712 p.
1095 2629 1150 2706 82,
1173 2629 1214 2692 23
1237 2629 1331 2711 sqq.),
1365 2647 1428 2692 non

208 2731 382 2796 Minucium
405 2733 468 2808 (21,
484 2733 518 2805 2;
542 2732 581 2796 51.
606 2733 669 2796 015.
695 2734 733 2798 de
757 2735 820 2796 nat.
843 2731 1124 2809 (1555142118)
1148 2729 1245 2795 151555
1268 2732 1428 2795 auctorem

209 2834 292 2898 inira
307 2835 478 2919 apparebit.
492 2873 532 2880 -
542 2835 609 2899 Nec
623 2837 723 2918 maffl's
739 2855 775 2900 cx
792 2837 859 2900 055
874 2835 923 2912 19,
936 2835 955 2898 8
972 2834 1024 2918 (05
1040 2831 1195 2917 Epicuro),
1209 2833 1293 2898 Tert.
1309 2831 1349 2898 ad
1363 2835 1429 2896 nat.

209 2936 277 3000 112
298 2956 326 3021 p.
344 2937 415 3012 183,
433 2937 488 3011 15;
510 2937 655 3021 155147
678 2959 707 3022 p.
726 2938 854 3014 144,10
877 2937 980 3020 colligi
1003 2954 1094 3020 posse
1116 2935 1290 3001 Minucium
1308 2935 1431 3000 Tertul-

211 3041 287 3105 liani
313 3039 504 3105 imitatorem
533 3040 629 3104 fuisse
657 3043 712 3105 aut
738 3039 824 3105 hunc
852 3041 951 3118 illiue,
982 3041 1080 3105 immo
1107 3039 1238 3104 Minucii
1269 3040 1430 3103 auctorem

212 3143 308 3208 inisse
339 3143 521 3210 Ciceronem
549 3145 599 3226 (dc
626 3145 690 3208 555
718 3144 801 3208 door.
829 3143 916 3221 124,
936 3143 991 3219 673
1015 3143 1065 3220 44,
1090 3143 1165 3218 123;
1188 3143 1240 3219 20,
1257 3143 1327 3222 53),
1353 3140 1432 3204 Var-

212 3265 322 3312 ronem
355 3246 541 3312 Tertulliani
571 3247 773 3311 Schwenhins
805 3247 837 3326 (l.
863 3266 889 3309 5.
912 3265 942 3328 p.
966 3245 1027 3308 261
1052 3245 1113 3329 sq.)
1146 3244 1310 3329 perspexit.
1364 3243 1432 3307 11551

214 3349 297 3414 enim
312 3348 451 3414 Velleius
466 3349 639 3432 Epicureus
662 3347 918 3433 philosophorum
940 3348 1099 3432 opiniones
1115 3366 1282 3413 recensens
1304 3365 1340 3411 co
1355 3347 1433 3422 loco,

215 3451 254 3517 ad
283 3471 379 3536 quem
408 3455 530 3536 spectat
557 3454 627 3517 Oct.
657 3454 696 3516 19
724 3452 798 3536 (Cic.
828 3451 866 3516 de
895 3455 960 3516 nat.
991 3451 1073 3516 deor.
1099 3451 1116 3514 l
1140 3451 1189 3528 10,
1211 3449 1349 3528 25-16,
1369 3449 1433 3527 42),
1479 3466 1481 3470 ·

215 3555 342 3639 Flpicuri
364 3555 556 3620 mentionem
578 3575 642 3620 non
664 3555 754 3633 iecit,
784 3557 890 3619 555555
912 3554 1087 3631 Minucius,
1112 3553 1226 3638 quippe
1250 3553 1302 3636 qui
1326 3569 1434 3617 eorum

217 3657 389 3724 sententias
414 3677 564 3742 exponere
589 3659 696 3736 vellet,
719 3659 843 3741 ‘quibus
865 3657 1026 3722 inlustrior
1048 3657 1147 3740 gloria
1169 3657 1262 3721 csset'
1286 3654 1367 3732 (Oct.
1385 3653 1436 3728 20,

289 3956 308 4016 ¹)
327 3951 420 4006 Etiam
443 3953 552 4020 plebei
573 3951 710 4002 leminis
733 3950 899 4019 exemplum,
922 3949 993 4020 quod
1012 3966 1072 4004 cnm
1091 3947 1203 4016 reliquis
1221 3945 1357 4001 miraculis
1375 3961 1438 4000 con-

219 4037 294 4106 iungi
317 4037 428 4093 solitum
451 4052 512 4092 esse
536 4037 617 4092 docet
640 4037 718 4091 Lact.
738 4036 957 4104 1.D.117,20;
978 4037 1078 4104 16,11,
1102 4049 1120 4088 5
1137 4033 1261 4088 Varrone
1279 4044 1438 4087 commemo-

220 4128 310 4178 ratum
334 4138 393 4178 5555
416 4129 496 4192 5555,
525 4123 560 4178 55
583 4123 634 4176 hoc
655 4121 842 4178 intercedente
866 4122 1011 4191 apciogata
1034 4121 1095 4186 illo,
1120 4119 1196 4173 55155
1219 4117 1336 4184 vestigia
1355 4117 1437 4170 etiam

221 4209 406 4264 Tertullianus
424 4209 537 4278 pressit,
556 4208 591 4263 ad
609 4207 756 4263 Minucium
775 4209 925 4277 proiectum
945 4222 1058 4262 5555-
1077 4206 1201 4273 Septimo
1220 4202 1310 4272 capite
1329 4207 1440 4270 practer

222 4295 379 4350 Ciceronem
391 4295 507 4350 alterum
524 4293 670 4350 510155515
680 4299 818 4349 auctorem
837 4292 989 4349 adhibitum
1000 4308 1059 4348 5555
1078 4307 1112 4346 55
1126 4289 1313 4345 8515555155
1332 4287 1439 4355 quidem

221 4381 304 4450 fugit,
333 4395 412 4449 quem
436 4381 574 4435 Valerium
597 4379 746 4435 Maximum
769 4379 867 4448 151555,
895 4379 966 4447 qnod
991 4377 1138 4435 illiricum
1164 4381 1206 4432 est
1229 4377 1260 4444 (l.
1279 4390 1302 4429 c.
1320 4391 1346 4443 p.
1365 4375 1440 4438 272),

222 4470 328 4524 trustra
351 4463 443 4522 studui
466 4466 534 4522 mihi
556 4466 731 4535 persuadere.
767 4467 893 4521 05555555
915 4463 1119 4518 matricidam
1143 4461 1296 4530 exemplum
1315 4459 1440 4516 Valerius

223 4571 276 4609 uon
295 4553 388 4608 habet¹

294 4641 315 4710 ¹)
335 4638 367 4693 cs.
386 4639 470 4706 20‚2;
488 4639 530 4704 24,
543 4641 568 4692 2.
