3514 5244
995 327 1037 392 36

405 523 542 603 corripi
573 521 686 586 maluit
714 541 754 586 ex
782 521 974 586 auctoritate
1002 521 1076 586 libri
1107 542 1128 606 p
1157 541 1215 606 pro
1244 540 1281 586 eo
1312 519 1399 603 quod
1429 520 1620 586 verissimum

406 635 458 692 est
489 629 615 710 eollipi
647 625 863 713 (opponuntur
895 628 978 693 inter
1010 647 1046 694 se
1073 629 1173 694 verba
1201 632 1362 692 extenuari
1394 635 1428 692 ct
1464 629 1575 705 attolli)
1601 641 1622 689 a

406 743 553 800 servatur
575 736 608 800 in
631 735 657 798 P
681 735 828 818 aliisque.
852 773 896 780 —
920 734 982 819 19,
1007 737 1047 802 10
1065 757 1173 819 paro,
1199 733 1284 819 quod
1308 735 1456 801 Haaaius
1483 735 1623 820 probauit

404 842 490 907 male
513 842 666 928 scripturn
690 844 796 908 estin
819 865 840 927 p
864 843 1011 908 nimirum
1035 851 1166 928 propter
1194 844 1294 908 verba
1321 863 1406 926 quae
1435 844 1624 924 subsequun-

405 957 468 1013 tur:
493 952 627 1031 habeam,
647 953 774 1034 praesim,
798 953 934 1031 babeam,
959 972 1079 1033 sequar.
1123 957 1158 1014 at
1180 969 1253 1015 cum
1274 950 1373 1034 paulo
1396 948 1543 1014 inferius
1562 948 1625 1011 baec

405 1056 568 1139 legantur:
592 1060 652 1122 isla
674 1079 765 1141 pam
788 1065 821 1120 lu
843 1058 988 1121 describis
1010 1060 1173 1139 cepatiatio
1188 1065 1241 1138 est,
1265 1079 1328 1121 ceca
1341 1060 1494 1138 amicitia,
1522 1063 1626 1120 aedan
1696 1131 1697 1136 γ

405 1170 455 1229 est
477 1163 544 1228 illis
567 1163 673 1228 verbis
690 1162 846 1228 Senecam
870 1161 1101 1248 adversarium,
1125 1183 1219 1246 quem
1243 1163 1365 1246 fingere
1388 1164 1524 1246 soletl'),
1548 1167 1626 1226 inter·

404 1291 539 1355 rogasse
563 1278 595 1336 et
618 1290 727 1336 veram
752 1291 825 1337 esse
848 1270 969 1336 codicis
984 1271 1010 1334 P
1025 1271 1225 1354 aliorumque
1241 1271 1433 1355 scripturam
1452 1294 1627 1355 paras.—

404 1378 419 1440 l
446 1381 499 1463 12,
523 1381 542 1444 8
570 1381 827 1463 percantaverit
859 1378 957 1464 paulo
989 1378 1175 1445 inusitatius
1208 1379 1340 1444 verbum
1372 1378 1405 1442 in
1437 1385 1629 1462 presenta-

403 1490 511 1566 oeril‚
541 1485 627 1569 quod
656 1486 755 1551 medii
783 1487 857 1551 aevi
879 1485 1060 1552 hominibus
1084 1486 1117 1551 in
1141 1485 1268 1552 deliciis
1292 1495 1371 1570 erat,
1400 1494 1567 1551 mutatum
1589 1491 1629 1547 est

405 1593 491 1677 inp.
517 1629 556 1639 -
582 1593 612 1656 ΙΙ
639 1597 665 1677 1,
697 1598 736 1660 12
770 1593 1005 1658 coniunctivum
1037 1597 1222 1674 timeatur,
1261 1613 1355 1676 quem
1387 1613 1408 1677 p
1442 1593 1563 1676 habet,
1598 1611 1629 1655 ex

405 1703 596 1764 timeretur
616 1707 801 1784 correctum,
826 1700 893 1784 sed,
917 1721 987 1764 cum
1001 1709 1046 1764 est
1058 1699 1243 1785 praecedat,
1262 1719 1467 1784 nequaquam
1484 1718 1629 1766 neeessa-

404 1807 485 1871 rium
501 1827 564 1872 non
578 1806 742 1892 praeferre
757 1806 897 1872 debebat
910 1807 1053 1873 Haasius
1067 1806 1252 1892 indicativo,
1271 1827 1366 1891 quem
1384 1809 1410 1872 P
1427 1807 1630 1874 servavit.-

404 1915 515 2000 1123
539 1914 726 2000 anaphorae
749 1913 863 1999 figura,
886 1935 971 1999 quae
995 1922 1193 2001 quantopere
1214 1915 1359 1981 Senecae
1382 1915 1551 2001 placuerit
1574 1911 1629 1976 dici

405 2023 459 2086 vix
486 2030 606 2108 potest,
640 2045 712 2088 cum
740 2022 962 2108 displicuisset
989 2022 1062 2088 libri
1089 2045 1110 2106 p
1139 2021 1377 2108 interpolatori,
1411 2024 1516 2088 verba
1541 2021 1628 2085 haec:

405 2132 526 2194 limetur
552 2133 694 2214 inopia,
725 2133 898 2195 timeatur
924 2131 1034 2210 ntarbi,
1069 2133 1212 2194 {lineatur
1240 2150 1306 2214 eqs.
1340 2137 1466 2195 mutata
1495 2135 1575 2194 sunt
1603 2127 1630 2188 in

405 2240 527 2301 timetur
550 2241 676 2322 iuopia
698 2247 803 2322 atque
826 2239 985 2318 crocces,
1010 2241 1162 2301 timeretur.
1191 2273 1228 2282 -
1254 2237 1333 2320 113,
1361 2239 1401 2302 10
1424 2236 1457 2300 in
1482 2237 1527 2301 iis
1552 2252 1628 2317 qnae

405 2344 431 2408 P
461 2345 508 2410 sic
541 2347 663 2430 scripta
693 2345 805 2410 habet:
843 2347 956 2410 stulta
987 2349 1052 2410 aila
1079 2347 1202 2427 inarata
1229 2351 1296 2420 esl,
1326 2347 1484 2428 trepida,
1518 2351 1582 2408 lota
1603 2344 1629 2402 in

397 2457 544 2535 saturant
565 2459 681 2536 satur.
706 2453 788 2518 hacc
815 2452 1001 2537 discrepant
1028 2451 1060 2516 in
1088 2473 1126 2536 p:
1154 2454 1259 2516 stulti
1285 2455 1350 2516 uita
1378 2459 1410 2517 et
1433 2455 1558 2534 inarata
1582 2455 1626 2511 est

405 2568 436 2624 ct
475 2563 629 2644 trepida.
689 2581 823 2643 quorum
853 2561 943 2645 prius
976 2581 1047 2625 cunr
1079 2559 1166 2625 nullo
1206 2559 1300 2624 modo
1337 2559 1482 2645 recipere
1521 2561 1626 2644 posset
1685 2576 1690 2587 ·

405 2667 547 2734 Haasius
577 2668 617 2732 ob
646 2688 685 2732 ea
714 2688 797 2751 qnae
826 2669 936 2734 statim
965 2668 1090 2732 Seneca
1118 2665 1210 2732 dicit:
1244 2690 1335 2751 quarn
1366 2675 1399 2731 ta
1427 2690 1512 2731 urana
1540 2668 1625 2730 alant

404 2775 464 2837 diei
487 2778 643 2840 cristianae
665 2778 797 2856 stultam,
826 2783 934 2840 tamen
961 2773 1109 2839 voculam
1137 2783 1178 2854 et,
1212 2794 1307 2857 quam
1335 2774 1551 2840 libentissime
1574 2767 1625 2834 ad·
1685 2774 1690 2831 ἒ

405 2879 485 2945 dunt
512 2881 773 2967 interpolatores,
802 2881 960 2967 probavit.
1008 2900 1108 2963 qnare
1136 2881 1327 2966 orationem,
1356 2902 1439 2964 quae
1468 2877 1624 2966 asyndeto

404 2988 515 3071 gravis
543 2996 576 3053 et
603 3009 741 3054 nervosa
767 2988 816 3074 fit,
846 2988 941 3054 foede
968 2987 1152 3073 discerpere
1181 2996 1314 3053 coaetus
1347 2996 1397 3055 est
1425 2987 1487 3054 hoc
1519 2983 1622 3052 modo:

402 3097 496 3160 stalla
531 3099 592 3160 aila
627 3099 749 3178 laquata
785 3105 829 3161 est
865 3105 893 3160 et
929 3098 1056 3179 trepida.
1109 3103 1171 3160 tola
1205 3099 1239 3160 in
1267 3102 1414 3179 satutant
1439 3101 1558 3179 fertur.
1586 3126 1622 3134 -·

403 3202 436 3266 ll
458 3206 488 3288 4,
511 3207 531 3269 3
559 3203 593 3268 in
621 3225 642 3288 p
670 3202 705 3270 id
733 3202 819 3286 quod
842 3211 929 3268 recte
952 3203 1070 3285 legitur
1091 3202 1125 3267 in
1148 3202 1174 3265 P
1199 3209 1231 3266 et
1254 3203 1371 3269 ceteris
1398 3207 1471 3268 otio
1494 3201 1622 3268 nausia

403 3309 540 3396 primum
571 3318 754 3396 corruptum
785 3317 835 3374 est
865 3310 898 3373 in
926 3312 1090 3390 otioaau,
1125 3307 1243 3374 deinde
1275 3309 1308 3374 in
1341 3314 1450 3374 etiarm
1476 3325 1623 3390 auareque

403 3424 567 3483 mutatum.
596 3456 629 3464 —
660 3416 779 3484 ibidem
803 3421 823 3482 5
848 3419 1011 3500 disponit
1034 3417 1148 3481 librum
1171 3437 1192 3501 p
1218 3424 1347 3482 secutus
1370 3415 1461 3482 dedit
1474 3413 1620 3481 Haasins

403 3532 438 3588 at
470 3532 616 3610 praestat
646 3526 756 3608 utique
789 3524 894 3590 altera
927 3524 1086 3608 scriptura
1118 3526 1316 3608 disposuit,
1351 3544 1434 3606 quae
1462 3533 1513 3589 est
1541 3523 1572 3587 in
1598 3517 1620 3581 P

403 3631 550 3714 aliisque.
588 3653 663 3696 nam
686 3640 889 3716 opponuntur
912 3629 993 3696 deus
1018 3638 1050 3696 et
1072 3630 1284 3716 providentia,
1308 3631 1362 3714 qui
1382 3632 1488 3696 omnia
1508 3628 1619 3696 dudum

404 3738 564 3824 disposita
590 3739 719 3824 habent,
748 3740 847 3824 casui,
876 3739 929 3822 qui
953 3762 1003 3804 res
1025 3742 1175 3804 laureandus
1202 3743 1268 3803 sine
1295 3741 1403 3804 ardiae
1429 3741 1619 3824 inpelleret!

402 3850 517 3911 iactor-e
539 3846 663 3912 dicitur.
710 3866 809 3929 quare
832 3847 886 3912 ubi
911 3846 1036 3912 dedeo
1060 3847 1112 3912 vel
1135 3846 1339 3932 providentia
1367 3846 1539 3913 dicendum
1568 3848 1617 3924 est,

403 3954 573 4036 requiritur
596 3953 774 4039 perfeetum
797 3953 849 4018 vel
872 3953 1037 4038 perfectae
1065 3952 1312 4038 significationis
1339 3955 1479 4040 verbum,
1507 3949 1615 4021 ubido

403 4081 490 4146 casu,
514 4081 678 4146 praesens.
726 4061 765 4126 ci.
789 4059 830 4126 de
854 4060 977 4146 provid.
1001 4065 1031 4146 ἴ),
1056 4065 1091 4126 8:
1122 4063 1172 4126 ille
1195 4065 1259 4146 spese
1281 4065 1416 4126 annium
1438 4065 1574 4154 caralita·
1594 4063 1616 4119 d

401 4177 503 4233 rector·
526 4171 627 4245 (deus)
651 4172 773 4252 scripsit
795 4171 916 4252 quidem
927 4175 1010 4253 fata,
1034 4171 1089 4233 sad
1102 4173 1246 4252 sequitur.
1280 4193 1399 4253 semper·
1412 4179 1512 4253 paret,
1537 4163 1614 4234 semel

401 4279 499 4339 iussit.
525 4274 712 4340 -ibidem
740 4279 760 4341 9
789 4276 931 4342 Haaaius
960 4276 1151 4360 particulam
1179 4300 1278 4364 erpo,
1312 4297 1376 4360 qua
1408 4277 1497 4342 nullo
1531 4271 1613 4341 modo

402 4439 453 4446 -—-

493 4541 515 4610 ’)
532 4562 557 4598 v.
577 4562 649 4612 qnae
667 4545 701 4598 de
719 4546 771 4599 boc
789 4545 906 4600 Senecae
925 4563 999 4599 more
1017 4545 1074 4599 dixi
1094 4549 1211 4600 Hermae
1224 4545 1276 4600 vol.
1287 4543 1365 4600 XVII
1380 4544 1472 4612 (1882)
1486 4563 1514 4615 p.
1525 4547 1572 4602 367
1581 4561 1610 4608 sq·

401 4637 429 4688 et
448 4635 540 4688 adnot.
559 4636 584 4688 5.
