3548 5256
854 407 1063 502 20„-

434 602 484 664 77.
511 602 671 684 πίθηκος
694 596 729 664 ἐν
749 602 925 686 πυρφόρα·
949 598 991 664 ὅτι
1004 598 1032 663 οἱ
1047 603 1166 688 φαῦλοι,
1180 597 1237 664 κάν
1253 601 1335 663 καλὰ
1348 585 1575 700 περιβάλωντάι..

343 702 424 792 ὅμως
447 703 482 770 οδ
505 708 682 772 λανθάνουσι
704 711 828 793 πονηροί
851 705 941 779 ὄντες.
988 706 1087 771 DVII
1101 709 1153 774 94.
1191 704 1282 774 Suid.

435 816 485 879 78.
513 819 591 898 πρὶν
619 815 699 886 τοὺς
725 811 836 899 ίχδῦς
869 813 1000 893 (ἑλεῖν),
1032 817 1094 899 τῆν
1128 811 1248 901 ἅλμην
1280 825 1408 895 κυκᾷς·
1439 811 1488 876 ἐπί
1514 823 1576 877 τῶν

342 920 410 991 τοῦς
436 922 557 1004 καιροῦς
585 925 824 1008 προφδανόντῶν.
872 919 971 984 DVII
990 922 1041 986 93.
1071 919 1164 985 Phor.
1195 917 1286 985 Suid.
1311 918 1437 983 Μάλον.
1451 925 1504 980 VII
1518 919 1574 984 33.

435 1028 486 1091 79.
513 1024 643 1093 Ῥόδιοι
674 1031 735 1114 τῆν
767 1032 913 1093 θυσίαν·
946 1025 993 1092 ἐπί
1019 1039 1075 1092 τῶν
1104 1037 1166 1099 τοῖς
1191 1025 1280 1110 ἱεροῖς
1312 1027 1574 1112 βλασφημοῦντῶν.

344 1131 508 1198 DV1196.
555 1134 738 1199 DV11172.

435 1241 486 1306 80.
515 1237 768 1328 Ῥαμνοῦσιος·
815 1241 864 1306 ἐπὶ
902 1253 959 1306 τῶν
994 1253 1093 1327 σοφῶν
1129 1245 1182 1306 καὶ
1218 1238 1393 1324 ἐλλογίμων.
1463 1233 1577 1323 ῥάμνος

345 1340 379 1429 (l.
392 1341 552 1432 Ῥαμνοῦς)
576 1351 633 1432 γὰρ
657 1348 754 1434 δῆμος
775 1359 829 1434 τῆς
851 1346 999 1434 Ἀττικῆς,
1025 1347 1055 1413 ἐν
1074 1345 1095 1432 ᾗ
1114 1347 1189 1428 (sie)
1213 1350 1266 1410 καί
1287 1343 1432 1432 Ἀντιφῶν
1454 1342 1577 1430 ἤκμασε

344 1455 424 1516 κατά
452 1449 623 1541 ῥητορικήν·
657 1455 689 1519 δν
717 1456 824 1519 πολλοὶ
855 1457 1007 1541 γαμεῖσθαι
1039 1459 1178 1527 θέλοντες
1209 1457 1368 1539 παροιμίαν
1401 1453 1502 1516 ἔλιπον
1533 1462 1578 1533 τῷ

345 1559 414 1642 βίῳ·
438 1556 513 1624 ὥστε
538 1563 605 1634 τοῦς
628 1563 742 1634 καλοὺς
763 1558 975 1648 Ῥαμνουσίους
998 1563 1112 1626 καλεῖν.
1159 1560 1230 1625 Das
1254 1557 1453 1643 Spriehwort
1474 1555 1581 1620 findet

347 1663 417 1730 sieh
440 1685 500 1730 nur
522 1667 605 1732 noeh
629 1667 681 1734 bei
704 1667 830 1735 Suidae.

438 1775 491 1838 81.
515 1779 577 1859 τὴν
606 1779 758 1862 λεοντῆν
786 1774 923 1841 ἐνδῦου·
956 1774 1034 1855 (ἴσον
1062 1787 1103 1860 τῷ
1133 1769 1304 1855 γεν)ναίίου.
1365 1770 1458 1836 Phot
1486 1766 1580 1834 Suih

347 1876 553 1944 Mahar.V111
571 1884 620 1949 16.

437 1988 490 2054 82.
518 1993 549 2052 τί
572 1993 658 2072 πρὸς
680 1994 740 2056 τόν
765 1986 912 2076 Ἑρμῆν·
935 1989 1010 2054 τοῦθ
1036 1988 1124 2063 ἐνίοις
1147 1993 1262 2072 λέγεται
1286 1985 1404 2064 <ἀντί
1419 1989 1527 2061 τοῦ)
1550 1987 1580 2046 τί

347 2095 421 2176 πρὸς
443 2097 492 2159 τὸν
515 2096 613 2177 λόγον.
661 2095 772 2160 DVIII
787 2099 839 2162 52.
885 2095 1011 2163 Makar.
1026 2105 1093 2158 VIH
1107 2097 1159 2162 30.

437 2202 489 2266 83.
517 2205 575 2268 τὸν
604 2201 651 2277 (ἐν
677 2203 796 2291 Σάμῳ)
823 2210 999 2291 κομῆτην·
1032 2203 1145 2291 Σάμιόν
1177 2223 1265 2291 φασιν
1296 2205 1406 2287 πόκτην
1434 2208 1580 2282 κομῶντα

348 2303 391 2378 είς
418 2305 604 2394 Ὀλυμπιάδα
636 2307 710 2395 (sie)
740 2308 924 2398 ἀφικόμενον
952 2315 1014 2389 (καὶ
1042 2313 1218 2396 νικῆ)σαντα
1245 2306 1292 2372 ἐπὶ
1318 2319 1360 2392 τῷ
1390 2307 1581 2393 θηλυπρεπεῑ

348 2417 420 2496 πρός
446 2425 503 2479 τῶν
531 2414 750 2498 ἀνταγωνιστῶν
782 2420 1002 2504 χλευαζόμενον
1030 2413 1073 2489 εἰς
1095 2420 1268 2503 παροιμ(ίαν
1296 2415 1421 2492 ἐλθεῖν).
1467 2407 1580 2494 Ἐρα-

346 2522 527 2607 τοσθένης
551 2524 582 2586 δὲ
604 2527 685 2588 κατὰ
708 2528 764 2610 τὴν
778 2523 828 2610 μη
840 2521 1005 2611 ὀλυμπιάδα
1020 2522 1204 2608 Πυθαγόραν
1219 2523 1330 2609 Σάμιον
1344 2526 1396 2586 τόν
1408 2518 1580 2606 κοίμῆτην)

346 2637 472 2713 νικῆσαι.
509 2627 639 2714 Δοῦρις
661 2631 693 2694 δὲ
714 2629 910 2714 ἐκκριθέντας
933 2633 1002 2704 τοῦς
1025 2630 1135 2714 ἄνδρας
1157 2632 1437 2715 προσκαλεσάμενον
1453 2624 1487 2707 (l.
1502 2647 1582 2710 προ-

347 2736 586 2820 καλεσάμενονί)
615 2749 748 2823 νικῆσαι,
776 2742 828 2803 καὶ
855 2740 977 2802 πολλῶν
1004 2747 1091 2803 τοῦτο
1119 2741 1304 2824 παρίστησιν.
1349 2733 1581 2819 Ἀριστείδης

348 2841 380 2904 δὲ
403 2837 574 2926 ῥᾳδιουργόν
596 2866 660 2908 τινα
687 2842 929 2931 ἐπιδημῆσαντός
955 2867 1037 2917 τινος
1063 2843 1176 2931 Σαμίου
1203 2842 1347 2930 ἐμπορίου
1374 2841 1408 2924 (h
1431 2840 1579 2928 ἐμπόρου)

348 2946 526 3035 ἀνῆσασδαι
548 2955 601 3014 καί
623 2949 743 3016 διδόντα
766 2948 866 3034 ὀλίγον
890 2949 1049 3036 ἀρραβῶνα
1071 2952 1282 3035 παρα1λαβεῖν)
1311 2954 1346 3014 τό
1374 2953 1497 3037 φορτίον
1524 2951 1579 3011 καὶ

347 3059 513 3140 κομίσαντα
540 3054 580 3128 εἰς
608 3055 689 3122 οἶκον
717 3062 877 3141 κείρασθαι
891 3079 892 3083 ’
905 3063 959 3144 τῆν
982 3063 1078 3145 κόμην
1102 3052 1173 3141 ὑπὲρ
1196 3067 1250 3122 τοῦ
1274 3060 1316 3143 μῆ
1340 3054 1578 3140 ἐπιγνῶσδῆναι·

349 3171 400 3225 τοῦ
433 3163 464 3224 δὲ
490 3161 619 3249 ἐμπόρου
646 3147 765 3249 εάῆδῶς
792 3168 841 3229 τόν
869 3172 1003 3252 κομῆτην
1037 3163 1250 3250 ἀναζητοῦντος
1281 3165 1330 3228 διὰ
1360 3167 1393 3227 τό
1425 3166 1467 3248 μῆ
1499 3163 1581 3246 ἔχειν

347 3265 425 3332 ἄλλο
456 3274 623 3356 γνώρισμα,
655 3267 698 3342 είς
726 3275 885 3356 παροιμίαν
912 3270 1056 3358 ἀγδῆναι.
1110 3282 1164 3356 τῆς
1197 3275 1358 3356 παροιμίας
1386 3272 1496 3354 ταότης
1525 3292 1581 3356 με·

348 3377 481 3460 μνῆσθαι
503 3381 556 3442 καί
571 3375 720 3466 Δίφιλον
743 3376 777 3442 ἐν
800 3375 905 3464 Πῆρσμ
928 3382 981 3442 καί
996 3376 1190 3464 Φιλήμονα
1213 3376 1248 3441 ἐν
1270 3375 1467 3461 Δακτυλίῳ.
1505 3375 1580 3442 Das

350 3479 549 3566 Spriehwort
572 3503 641 3548 war
663 3484 706 3548 im
730 3483 851 3550 dritten
863 3483 953 3550 Bueh
974 3483 1033 3550 des
1048 3483 1209 3549 Σερουίου
1224 3482 1348 3549 erkltrt
1370 3482 1414 3558 (Μ
1430 3491 1471 3545 111
1486 3482 1579 3570 ρμη).

349 3586 387 3652 In
409 3587 436 3652 L
461 3589 527 3667 (Pe.
550 3589 633 3656 Plut
659 3591 736 3671 108)
761 3591 804 3656 iet
827 3589 880 3656 die
903 3590 1087 3674 Erklhrung
1111 3590 1185 3657 sehr
1207 3590 1374 3672 verkhrzt3
1399 3590 1520 3657 ehenso
1544 3589 1578 3654 in

348 3695 466 3761 3422
489 3695 554 3761 und
578 3695 662 3760 ΒΝ
678 3699 728 3764 58.
774 3696 885 3763 Dureh
912 3697 935 3762 S
964 3697 1110 3763 erhalten
1143 3697 1203 3762 wir
1230 3695 1300 3762 hier
1328 3696 1400 3762 eine
1429 3696 1578 3762 eurthhr·

349 3801 434 3868 liehe
457 3802 523 3868 und
546 3805 603 3868 mit
627 3804 793 3887 gelehrten
818 3804 947 3870 Oiteten
970 3804 1141 3889 geepiehte
1155 3802 1350 3887 Erklttrung.
1389 3801 1452 3868 Die
1466 3803 1580 3870 Worte

348 3913 402 3974 καί
424 3912 543 3976 πολλῶν
568 3921 652 3976 τοῦτο
674 3917 848 3999 παρίστησιν
872 3909 945 3977 sind
969 3919 1112 3995 corrupt:
1139 3909 1305 3976 vielleieht
1331 3919 1455 3995 gentgt
1479 3931 1515 3977 es
1538 3931 1581 3977 zu

350 4015 519 4082 schreiben
549 4021 602 4082 καὶ
635 4019 693 4083 διὰ
724 4020 843 4084 πολλῶν
874 4027 962 4084 τοῦτο
994 4025 1164 4106 παρίστησιν
1191 4019 1271 4105 (und
1300 4041 1335 4086 er
1358 4017 1483 4085 erztthlt
1506 4017 1580 4084 dies

351 4122 574 4204 ausflihrlieh).
591 4161 593 4164 >
611 4124 673 4189 Die
689 4123 795 4190 Citate
819 4145 879 4192 aus
893 4125 1136 4212 Eratosthenes,
1159 4127 1267 4212 Duris,
1285 4125 1467 4193 Aristeidee
1491 4123 1582 4206 (dem

439 4320 473 4374 Τί
493 4319 550 4374 und
568 4321 602 4374 te
620 4321 713 4375 fehlen
730 4321 760 4374 in
780 4322 802 4375 B
821 4321 954 4376 zwieehen
972 4323 1026 4378 814
1043 4321 1101 4377 'und
1119 4323 1179 4378 815.

440 4409 474 4462 79
492 4409 564 4464 fehlt
582 4409 613 4463 in
630 4411 652 4463 B
671 4409 806 4465 zwischen
824 4411 877 4466 819
896 4411 953 4464 und
970 4411 1031 4466 820.

438 4497 475 4552 80
492 4497 563 4553 fehlt
582 4499 610 4553 in
631 4501 653 4553 B
672 4499 806 4554 zwieehen
825 4500 878 4554 893
898 4499 954 4554 und
972 4501 1032 4554 824.

438 4587 472 4640 81
492 4586 549 4641 und
568 4588 602 4641 82
621 4588 713 4643 fehlen
732 4589 762 4642 in
782 4589 803 4642 B
822 4589 957 4658 zwisehen
976 4590 1028 4644 915
1047 4590 1104 4644 und
1123 4591 1183 4645 916.

438 4675 473 4729 83
492 4675 549 4729 und
567 4676 602 4730 84
621 4675 714 4730 fehlen
733 4677 762 4730 in
783 4677 804 4730 B
823 4677 958 4732 zwieehen
977 4679 1030 4732 916
1049 4679 1106 4732 und
1124 4679 1185 4734 917.
