3480 5230
745 447 784 516 13

655 535 865 544 ι--.--.-

156 676 225 739 tum
250 672 350 739 verba
380 671 596 756 „interrogat
625 672 798 752 describit,
825 669 962 738 dividit“
991 680 1105 739 carent
1132 695 1217 758 quae
1240 695 1373 759 respon-

156 777 257 843 deant
272 778 415 857 Graecis,
438 777 497 842 sed
520 776 697 842 etiamalio
719 776 847 846 desunt.
884 777 949 842 Ubi
968 783 1045 842 sunt
1060 777 1199 858 „differt
1215 780 1373 844 recurrit“

157 879 283 945 Graece
305 880 477 966 expressa?
505 879 645 964 Spengel
669 879 702 960 (l.
724 886 766 960 ο.)
789 881 877 963 quod
899 880 1043 948 traditur
1064 884 1248 966 παραιπεῖν
1269 887 1374 947 mutat

155 983 188 1046 in
209 981 443 1070 παραλείπειν,
466 1003 531 1067 quo
554 983 711 1048 vocabulo
734 990 940 1063 „recurrere“
964 984 1056 1049 reddi
1079 988 1183 1067 putat.
1229 985 1273 1048 At
1299 984 1373 1067 quis

154 1087 421 1168 praeteritionem
442 1086 633 1151 recurrendi
656 1085 755 1151 verbo
778 1087 959 1170 significet?

241 1209 349 1289 Atque
373 1208 514 1291 primum
538 1205 669 1288 quidem
692 1206 775 1271 illud
799 1207 1022 1290 „praemunit“
1046 1228 1111 1290 qno
1128 1207 1253 1273 Graeco
1275 1227 1372 1272 voea-

154 1307 231 1373 bulo
255 1309 468 1392 exprimitur?
491 1315 591 1393 atque
615 1310 763 1392 quamvis
791 1307 1119 1398 προπαρασκευάζειν
1146 1310 1278 1393 quidem
1300 1313 1374 1395 post

153 1410 380 1492 διασκευάζειν
402 1412 516 1496 (idest
538 1418 757 1495 „exeggerat“
769 1413 808 1481 cl.
821 1413 991 1481 Fortunat.
1016 1435 1045 1498 p.
1064 1420 1123 1479 112
1141 1414 1194 1498 H.)
1217 1412 1372 1478 facillime

152 1516 299 1597 potuerit
325 1516 537 1596 intercidere,
566 1521 675 1580 tamen
703 1537 775 1580 cum
798 1518 832 1581 in
860 1516 972 1581 codice
1001 1517 1174 1582 Frontonis
1197 1539 1227 1601 p.
1258 1523 1371 1597 147,2

150 1619 307 1702 scriptum
337 1619 381 1684 sit
409 1618 656 1705 εξεργαζεσθαι,
692 1640 757 1684 non
788 1619 902 1684 dubito
932 1617 1250 1707 προϋπεργιίζεοθαι
1277 1620 1370 1684 resti-

150 1725 256 1801 tuere3
280 1721 319 1786 of.
342 1721 402 1786 Iul.
425 1723 529 1786 Rufin.
551 1744 580 1805 p.
598 1729 639 1788 46
662 1721 717 1786 Ha
740 1717 1008 1810 „rrpoiinepycoie
1031 1721 1082 1789 vel
1105 1719 1369 1810 προπαρασκευή,

150 1826 366 1907 praemunitio
393 1831 479 1908 eqs.“
527 1824 621 1904 Quod
644 1825 793 1908 sequitur
823 1827 964 1906 „iterat‘
986 1825 1112 1891 Graece
1134 1827 1182 1889 sic
1204 1824 1370 1890 redditur:

151 1923 253 1992 πάλιν
274 1924 385 2014 λέγειν.
425 1928 504 1992 Post
526 1929 665 2008 „iteras
686 1929 788 2012 igitur
805 1929 996 1995 vocabulum
1012 1928 1166 1993 Latinum
1193 1927 1369 2006 intercidit,

149 2051 215 2112 quo
238 2029 398 2096 Graecum
422 2023 638 2118 intercepisse
661 2030 850 2110 denotetur3
879 2053 918 2098 ac
940 2032 1050 2097 nescio
1071 2053 1113 2096 an
1136 2034 1299 2115 „repetit“
1321 2032 1370 2095 in-

150 2131 323 2197 serendum
352 2135 440 2212 sit.¹)
487 2133 613 2199 Deinde
639 2134 754 2200 dubito
788 2155 829 2199 an
857 2135 928 2200 iure
956 2135 1068 2199 dicam.
1092 2133 1191 2199 verbo
1219 2132 1370 2213 „differt“

149 2235 327 2318 significari
350 2237 596 2320 digressionem,
620 2257 687 2320 qua
709 2257 794 2321 quae
816 2238 915 2304 modo
938 2242 1097 2321 aguntur,
1119 2236 1314 2302 differuntur
1335 2237 1367 2300 in

148 2344 327 2422 posterum,
350 2346 384 2404 et
405 2337 637 2427 παρεκβαίνειν
663 2341 696 2404 in
720 2341 885 2426 corruptis
913 2340 979 2405 illis
1008 2339 1162 2405 ductibus
1185 2344 1370 2427 παραιπεῖν

149 2443 263 2509 latere.
298 2441 465 2529 Διασκεοή
483 2449 516 2507 et
528 2440 731 2528 παρέκβασις
747 2464 768 2509 a
784 2445 946 2509 Frontone
962 2448 1258 2508 commemorantur
1270 2445 1366 2508 etiam

148 2545 190 2610 de
206 2545 290 2628 eloq.
307 2568 337 2630 p.
356 2553 415 2612 154
433 2544 514 2610 Nab.
531 2547 723 2624 „Recurrit“
739 2545 903 2630 significat
925 2546 1064 2611 reditum
1089 2545 1130 2610 ad
1155 2549 1368 2631 propositum,

147 2669 244 2731 quam
273 2648 408 2731 figuram
436 2649 658 2727 Quintilianus
686 2650 744 2731 (lll
763 2657 792 2730 3,
816 2651 868 2736 st)
897 2642 1062 2735 ίίφοδονο
1091 2650 1226 2714 Graecis
1258 2651 1368 2714 vocari

146 2751 262 2815 tradit.
308 2753 397 2830 Quae
425 2773 487 2817 vox
516 2774 588 2816 cum
618 2773 778 2836 nusquam
806 2754 1004 2835 inveniatur,
1026 2753 1168 2818 fortasse
1194 2753 1229 2816 in
1251 2743 1368 2818 ίίνοδον

146 2854 196 2918 vol
213 2848 374 2921 ἐπάνοδον
389 2855 582 2938 corrigenda
597 2857 669 2920 erit.
699 2856 779 2920 Tum
792 2855 893 2920 verba
908 2857 1121 2939 „interrogat
1138 2856 1305 2936 describit,
1321 2856 1369 2920 di-

146 2957 249 3020 vidit“
273 2957 398 3023 Graece
421 2966 510 3024 reete
533 2960 772 3043 interpretatur
794 2958 934 3042 Spengel
962 2951 1084 3045 ἐρωτᾶν
1110 2958 1289 3024 draconeis
1308 2983 1368 3043 με·

145 3058 260 3148 ρίζειν;
282 3060 316 3125 id
326 3062 414 3145 quod
431 3067 612 3128 extremum
624 3067 687 3128 est:
710 3065 912 3144 „orationem
928 3083 1021 3126 suam
1044 3061 1101 3126 alii
1122 3063 1367 3127 accommodat“

74 3150 77 3156 ’
145 3163 235 3228 baud
273 3163 465 3231 dubitanter
497 3165 599 3230 reddo
622 3163 746 3231 Graeco
768 3165 928 3231 vocabulo
949 3157 1140 3253 ἠθοποιεῖν,
1173 3164 1262 3248 quod
1292 3172 1368 3249 post

145 3271 423 3351 προσωποποιεῖν
444 3269 649 3334 intercidisse
671 3268 810 3336 ridetur.

230 3389 347 3454 Totum
363 3387 466 3472 igitur
480 3389 586 3454 locum
603 3390 862 3455 Frontonianum
878 3388 940 3455 hoc
957 3395 1054 3475 pacto
1069 3389 1363 3473 redintegrandum

145 3511 217 3556 esse
239 3490 399 3557 arbitror:
423 3513 554 3572 „verum
577 3499 677 3577 auget
691 3494 725 3558 in
740 3501 902 3576 quantum
917 3499 1036 3578 potest,
1060 3500 1246 3576 exaggerat,
1268 3514 1364 3576 prae·

142 3595 257 3676 munit,
280 3595 388 3675 iteret,
405 3593 568 3681 (repetit),
591 3595 712 3678 differt,
735 3597 885 3678 recurrit,
906 3597 1103 3678 interrogat,
1127 3595 1294 3676 describit,
1317 3596 1365 3660 di-

143 3699 234 3777 vidit,
250 3717 406 3783 personas
422 3698 526 3784 fingit,
549 3702 732 3766 orationem
753 3721 847 3765 suam
869 3700 926 3765 alii
947 3699 1185 3764 accommodat:
1209 3703 1311 3765 ταῦτα
1328 3699 1365 3766 dd

140 3793 232 3867 'iam
254 3794 370 3883 αίίξειν,
391 3801 623 3885 διασκευάζειν,
646 3800 1006 3892 <προῦπ>εργάζεσθαι,
1030 3799 1132 3868 πάλιν
1152 3799 1266 3890 λέγειν,
1283 3800 1366 3867 ἐπα·

141 3903 301 3992 copiosa,
323 3903 561 3994 παρεκβαίνειν,
578 3907 726 3990 <sinedrae
740 3906 871 3993 ἐρωτᾶν,
886 3910 1074 3983 dictericis,
1090 3904 1259 3992 μερίζειν),
1281 3927 1364 3993 προ-

142 4013 346 4089 σωποποεῖν,
370 4003 588 4096 (ιζθοποιεῖν).

228 4130 294 4196 lam
320 4152 396 4196 vero
419 4131 463 4195 ad
479 4129 696 4217 Chrysippum
719 4131 902 4198 redeamus.
937 4130 969 4195 Is
992 4131 1136 4196 traditur
1159 4129 1259 4196 etiam
1281 4129 1369 4196 illud-

144 4235 311 4315 statuisse,
334 4240 372 4299 ut
395 4234 545 4320 epilogus
569 4241 656 4301 esset
676 4233 859 4324 μονομερίς
881 4255 986 4318 neque
1009 4235 1186 4318 quicquam
1209 4233 1301 4299 aliud
1323 4254 1362 4300 eo

145 4339 382 4420 contineretur,
405 4337 469 4404 nisi
496 4339 652 4423 repetitio
680 4362 803 4420 eorum,
833 4359 918 4424 quae
940 4343 1040 4404 antea
1062 4338 1152 4403 dicta
1181 4343 1270 4420 sunt,
1300 4337 1363 4403 hoo

142 4693 158 4754 d
193 4609 233 4752 d)
252 4607 285 4664 cr.
304 4573 426 4664 coreno.
445 4607 484 4665 iv
502 4611 549 4682 ιε,
569 4610 624 4667 ca.
643 4609 676 4665 ue
694 4625 732 4664 or.
753 4607 793 4666 111
804 4609 875 4694 νεα
895 4609 963 4678 aqu.
983 4609 1061 4664 aon.
1080 4622 1107 4676 p.
1126 4604 1254 4676 κοινῆς
1273 4607 1361 4662 cerm.

160 4711 175 4751 e
214 4711 239 4768 g.
256 4713 281 4754 r.
299 4699 341 4752 tlt.
