3560 5242
931 373 972 437 30

847 459 1056 466 .—-—-—--—-

597 595 668 661 Seu.
1225 587 1303 662 Mirr.

381 697 574 775 6,6nemo
597 699 926 783 tampaupervivit
1013 700 1064 776 36,
1097 701 1115 762 5
1154 719 1262 766 nemo
1299 704 1374 764 tam
1412 715 1558 784 pauper

339 819 450 882 quam
474 803 588 866 natus
611 804 678 866 est.
969 804 1159 887 potestesse
1183 822 1293 886 quarn
1316 805 1437 867 natus
1453 803 1520 866 est.

354 903 448 978 ’6,2
471 903 671 969 Democritus
687 904 841 968 divitias
859 923 927 988 pro-
1015 906 1101 984 36,6
1134 906 1255 970 beatior
1286 907 1318 970 in
1351 906 1411 970 hoc
1447 905 1558 969 itinere

339 1006 413 1071 iecit
446 1025 544 1071 onus
576 1007 648 1072 illas
678 1008 779 1072 bonae
810 1009 926 1072 mentis
971 1009 1102 1085 vivendi,
1126 1008 1178 1090 qui
1200 1010 1383 1092 paupertate
1407 1027 1440 1072 se
1456 1007 1561 1071 soble-

341 1108 534 1173 existimans.
943 1136 946 1145 Α
971 1112 1110 1188 ratden
1128 1110 1187 1175 sub
1203 1111 1430 1176 divitiarum
1447 1127 1559 1174 onere

972 1215 1117 1298 suspirat.

383 1314 471 1390 4,12
499 1316 642 1380 verberat
671 1334 727 1379 nos
757 1318 789 1379 et
811 1317 929 1381 lacerat
1016 1317 1107 1392 36,7
1144 1319 1177 1381 et
1210 1318 1292 1400 quod
1330 1317 1465 1400 corporis
1502 1316 1561 1379 bu·

342 1417 477 1482 fortuna.
491 1419 662 1501 patiamur:
680 1436 751 1482 non
776 1423 837 1483 est
851 1438 929 1484 sae-
972 1439 1068 1485 mano
1091 1421 1167 1485 vitia
1189 1422 1343 1486 sentimus
1366 1424 1398 1486 et
1412 1420 1561 1503 patimur,

343 1520 452 1595 uitia,
475 1523 671 1584 certamen
696 1525 762 1584 est.
973 1543 1044 1587 non
1069 1526 1130 1587 est
1151 1542 1290 1606 poena,
1313 1524 1458 1588 militia
1481 1524 1536 1585 est.

385 1623 450 1698 4,6
474 1623 676 1688 calamitas
698 1625 858 1689 virtutis
880 1645 931 1690 oc·
1018 1627 1102 1699 36,8
1131 1627 1340 1692 calamitas
1368 1625 1492 1708 saepius
1517 1625 1563 1686 di-

344 1726 427 1789 cnsio
450 1728 508 1790 est.
976 1730 1106 1812 soiplina
1130 1730 1291 1795 virtutis
1314 1732 1372 1792 est.

388 1831 460 1904 5,9
500 1829 600 1911 ignis
643 1849 774 1895 aurum
812 1831 931 1914 probat,
1019 1829 1563 1918 3b,9itaqueutaurumigui·

346 1932 503 1996 miseria
526 1933 622 1996 fortes
645 1934 736 1997 uiros.
976 1937 1059 2012 bus,
1097 1936 1142 1999 sic
1178 1954 1235 2000 nos
1269 1933 1562 2000 discriminibus

976 2039 1146 2118 arguimur.

388 2141 461 2214 2,9
494 2157 565 2202 ecce
596 2139 854 2221 spectaculum
887 2139 932 2203 di·
1013 2139 1564 2224 37,lsq.Quampulohrumspec·

346 2260 443 2321 gnum
467 2241 506 2304 ad
529 2241 610 2322 quod
633 2241 931 2325 respiciatinbentus
977 2244 1148 2308 baculum
1171 2243 1247 2320 Deo,
1270 2263 1343 2307 cum
1365 2241 1563 2308 Christianus

346 2345 431 2426 operi
469 2363 524 2407 suo
555 2343 651 2418 deus,
686 2363 756 2409 ecce
790 2363 846 2428 par
875 2347 932 2410 deo
977 2367 1060 2411 cum
1122 2346 1249 2411 dolore
1305 2344 1562 2428 congreditur,

347 2448 494 2528 dignum,
533 2447 580 2510 vir
617 2446 704 2510 fortis
742 2466 824 2512 cum
862 2448 933 2511 for·
977 2469 1048 2513 cum
1073 2448 1223 2514 adversus
1245 2450 1348 2512 minas
1364 2451 1396 2512 et
1410 2445 1564 2530 supplicia

347 2557 438 2613 tuna
466 2550 565 2613 mala
591 2551 845 2633 compositus
874 2552 933 2614 uti-
978 2555 1010 2616 et
1032 2555 1190 2616 tormenta
1211 2551 1467 2636 componitur!
1492 2598 1499 2612 .
1523 2594 1530 2609 .
1555 2596 1562 2610 .

348 2671 409 2734 que
433 2653 459 2714 si
481 2657 512 2715 et
534 2653 765 2734 provocavit.
979 2655 1048 2736 quis
1081 2673 1143 2720 non
1178 2656 1269 2720 miles
1300 2656 1358 2719 sub
1386 2653 1484 2719 oculis
1506 2651 1563 2716 im·

978 2757 1129 2840 peratoris
1140 2758 1290 2823 audacius
1298 2758 1564 2840 perioudumpro-

978 2863 1109 2926 vocet?
1183 2921 1185 2926 .

398 2963 473 3037 3‚1
511 2963 644 3044 potest
681 2962 779 3026 enim
817 2963 935 3026 miser
1023 2965 1077 3040 37,
1110 2967 1222 3048 3sqq.
1274 2965 1319 3028 sic
1368 2962 1564 3028 Christianus

349 3065 440 3142 diei,
462 3083 535 3128 non
555 3065 688 3146 potest
711 3083 792 3128 esse
809 3065 866 3147 (sc.
883 3065 936 3130 bo-
979 3069 1090 3132 miser
1111 3067 1229 3132 rideri
1251 3070 1391 3151 potest,
1413 3084 1486 3130 non
1508 3083 1565 3148 po·

349 3187 410 3232 nus
432 3167 523 3248 virt·
980 3172 1056 3234 test
1082 3171 1254 3235 inveniri.
1281 3189 1337 3235 vos
1359 3169 1418 3252 ipsi
1439 3167 1567 3232 calami-

397 3274 427 3348 3,
443 3274 464 3334 4
479 3291 525 3356 sq.
540 3269 666 3337 fortuna
684 3321 690 3336 .
709 3320 715 3335 .
733 3322 739 3336 .
762 3274 869 3353 ignem
885 3289 937 3336 ex·
980 3276 1065 3338 tosos
1080 3275 1162 3338 viros
1178 3273 1266 3338 fertis
1282 3272 1322 3338 ad
1337 3271 1469 3348 caelum,
1491 3269 1566 3334 Mu·

351 3375 469 3459 peritur
495 3375 529 3440 in
550 3373 690 3452 Mucio,
717 3377 936 3460 paupertatem
980 3377 1080 3442 cium
1117 3376 1356 3454 Scaevolam,
1400 3375 1453 3457 qui
1490 3391 1564 3437 oum

350 3480 383 3541 in
406 3477 562 3554 Fabricio,
594 3479 720 3543 exilium
750 3480 781 3541 in
809 3477 935 3554 Rutilio,
981 3482 1147 3545 errasset
1168 3479 1206 3543 in
1226 3496 1356 3561 regem
1377 3476 1512 3560 perisset
1532 3475 1565 3538 in

350 3584 509 3646 tormenta
530 3581 562 3644 in
584 3581 753 3663 Regulo.
771 3629 801 3643 ..
824 3579 936 3644 Infelix
978 3583 1134 3660 hostibus,
1172 3581 1231 3646 nisi
1268 3581 1428 3646 dexteram
1464 3577 1566 3662 perdi-

351 3683 548 3759 estMucius,
572 3685 654 3766 qood
677 3684 833 3751 dextera
848 3684 936 3766 ignes
979 3687 1086 3751 disset.
1121 3689 1153 3750 et
1180 3686 1257 3768 quot
1282 3702 1318 3748 er
1347 3683 1477 3760 nostris,
1502 3699 1566 3746 non

350 3786 490 3851 hostium
505 3787 620 3869 premit
635 3791 668 3851 et
682 3788 749 3870 ipse
766 3787 937 3868 aseeuigit
981 3789 1152 3854 dextram
1198 3788 1314 3866 solum,
1364 3785 1419 3851 sed
1463 3786 1567 3850 totum

350 3891 500 3954 erroris
524 3890 572 3954 sui
602 3894 742 3973 poenas?
770 3891 853 3974 quod
883 3910 938 3955 re-
981 3911 1092 3977 oorpua
1125 3891 1188 3968 uri,
1225 3891 1358 3955 cremari
1392 3891 1458 3954 sine
1490 3887 1565 3952 nllis

351 4011 434 4074 gem
467 4011 560 4075 quem
592 3995 713 4058 armata
743 4012 840 4058 manu
873 4011 936 4057 non
981 3995 1149 4060 eiulatibus
1178 3995 1391 4078 pertulerunt,
1420 4011 1493 4058 cum
1522 3990 1567 4054 di·

350 4095 462 4179 potoit,
485 4099 596 4160 exusta
617 4096 726 4179 lugat?
759 4093 763 4104 '
981 4097 1067 4162 mitti
1089 4097 1272 4183 praesertim
1294 4095 1493 4162 haberentin
1509 4113 1568 4158 sua

395 4199 459 4276 3,9
480 4197 653 4286 Veniamus
669 4200 708 4264 ad
730 4201 936 4284 Regulum:
981 4203 1154 4285 potestate!
1177 4201 1258 4267 viros
1275 4219 1348 4266 cum
1370 4198 1495 4264 Mucio
1515 4197 1567 4261 vel

353 4303 429 4383 quid
465 4301 512 4372 illi
544 4303 670 4370 fortuna
701 4306 829 4370 nocuit?
856 4351 865 4367 .
893 4352 900 4368 .
929 4352 937 4369 .
981 4325 1055 4370 curm
1090 4304 1214 4388 Aquilio
1241 4305 1298 4370 aut
1318 4303 1462 4385 Regulo
1483 4319 1568 4366 oom-

353 4407 467 4488 Fipuct
489 4409 596 4471 eutem
617 4407 710 4485 clavi,
734 4410 767 4472 et
788 4426 939 4490 quocum·
981 4411 1079 4491 paro?
1113 4409 1201 4491 pueri
1229 4410 1263 4472 et
1287 4405 1491 4472 mulierculae
1514 4423 1570 4468 no·

355 4525 415 4589 que
437 4507 605 4591 fatigatum
626 4515 737 4594 corpus
763 4510 937 4586 reclinavit,
982 4513 1065 4576 strae
1102 4529 1212 4576 cruces
1246 4514 1278 4574 et
1313 4511 1472 4574 tormenta
1488 4507 1501 4571 '.
1528 4555 1567 4570 ..

351 4612 468 4690 polueri
488 4613 651 4677 incumbit.
981 4614 1138 4678 inludunt.
