3598 5226
703 411 914 507 „mr—-

198 638 453 723 Hephaestiouen
486 638 523 701 B'
546 658 574 721 p.
598 638 669 716 135,
692 638 733 700 28
756 637 796 699 W
829 663 871 691 =
905 636 956 713 29,
980 637 1021 698 25
1043 635 1096 714 Η).
1153 634 1215 700 Sed
1248 634 1326 698 haec
1358 650 1422 697 non

200 742 305 807 minus
328 743 367 807 ad
391 741 591 807 saltationem
615 739 773 822 quemad
796 739 891 823 pedes
913 739 1059 803 metricos
1082 738 1249 821 pertinent.

284 863 331 927 lle
353 862 402 927 his
417 863 493 946 ipsis
508 863 554 926 ito
568 860 685 926 iudicat
699 861 865 942 longarum
881 862 918 925 ut
933 859 1056 924 videtur
1076 857 1270 942 syllabarum
1285 855 1422 922 maxime

199 966 318 1030 ratione
341 966 450 1031 habita
471 965 639 1049 Dionysius
667 982 767 1046 comp.
790 964 875 1028 verb.
898 983 925 1028 c.
950 963 989 1026 17
1012 982 1042 1045 p.
1066 961 1128 1024 226
1153 960 1241 1025 Sch.:
1274 948 1424 1046 κριμικδς

200 1115 207 1132 .
231 1117 239 1131 .
264 1117 272 1132 .
296 1062 387 1156 ἔστιν
409 1059 474 1134 οὐκ
496 1060 680 1154 δμενήςῑ),
704 1067 742 1132 δε
764 1066 893 1132 bacchio
916 1068 949 1130 et
970 1065 1198 1149 hypobacchio:
1223 1055 1423 1145 δνδριῖίδίς

199 1191 235 1234 σε
258 1167 347 1235 πάνυ
360 1175 456 1235 τοῦτο
476 1161 516 1236 τὸ
532 1175 640 1258 σχῆμα
662 1175 731 1250 (--
748 1173 779 1252 υ)
802 1167 857 1234 καὶ
872 1164 920 1248 είς
942 1162 1201 1253 σεμνολογίαν
1224 1161 1422 1251 ἐπιτήδειον.

198 1264 237 1338 τὸ
259 1269 296 1338 δὲ
318 1265 395 1337 αὐτὸ
425 1270 640 1360 συμβήσεται,
671 1265 730 1338 xilv
752 1266 772 1359 ἡ
793 1275 928 1358 βραχεῖα
956 1267 1072 1360 πριότη
1098 1273 1183 1358 τεθῇ
1203 1273 1266 1336 τῶν
1291 1269 1424 1354 μακρῶν

199 1379 233 1460 (υ
249 1377 335 1458 --)·
361 1373 417 1440 καὶ
439 1368 498 1463 μὰρ
520 1361 613 1456 οἶτος
635 1369 653 1441 ὁ
676 1367 803 1464 ῥυθμὸς
825 1367 980 1459 ἀξίωμα
1002 1369 1067 1456 ἔχει
1089 1370 1146 1439 καί
1167 1370 1350 1460 μέγεθος.

285 1497 439 1561 Bacchii
468 1498 603 1562 nominis
632 1497 784 1580 originem
811 1497 1021 1580 explicaturus
1049 1497 1186 1561 indolem
1216 1494 1244 1560 ei
1272 1491 1383 1558 tribuit
1406 1511 1425 1556 a

201 1601 366 1665 severitate
394 1602 426 1665 et
449 1601 642 1666 sublimitate
672 1601 747 1666 satis
776 1599 996 1666 abhorrentem
1018 1602 1205 1682 Anonymus
1227 1597 1369 1661 Ambros.
1392 1615 1422 1678 p.

201 1705 264 1766 258
288 1703 314 1766 N
339 1731 381 1758 =
405 1704 477 1781 226,
501 1703 606 1769 2St..
599 1727 606 1740 ·
569 1706 821 1787 6βακχεῖος.
846 1695 1016 1790 ,εἷ’ρηται,
1049 1693 1166 1787 ἐπειδὴ
1192 1689 1347 1785 βακχικδν
1367 1693 1424 1761 καὶ

200 1799 406 1892 ὖγρότερον
427 1829 481 1870 και
473 1803 644 1872 λελο’
596 1829 710 1890 μενον
732 1800 874 1887 ἔχειτὸν
897 1795 1026 1892 ῥυθμὸν
1047 1809 1105 1891 τῆς
1126 1797 1392 1888 μελοποιίας

200 1901 241 1973 τὰ
263 1899 322 1994 μὰρ
342 1913 391 1996 τῷ
413 1907 562 1997 Διονύσῳ
592 1901 733 2031 ᾀδόμενα
754 1905 834 1995 μέλη
854 1899 1029 1992 βακχικὰ
1016 1899 1150 1997 ᾄσματα
1171 1905 1304 1972 καλοῦσι
1326 1899 1422 1984 τινές,

202 1999 223 2074 ἃ
250 2008 354 2098 τούτῳ
382 2035 429 2100 ιρι
455 2009 563 2100 μέτρῳ
590 2009 741 2099 γινόμενα
767 2009 891 2096 μαλλον
916 2007 1081 2099 θειότερα.
1127 2010 1277 2076 Similiter
1308 2026 1424 2073 nomen

202 2114 290 2197 pedis
323 2135 341 2179 a
363 2115 490 2182 Baccho
513 2118 562 2182 vel
594 2137 613 2181 a
635 2117 861 2181 bacchantibus
884 2115 1041 2180 derivatur
1072 2115 1155 2198 apud
1177 2112 1363 2179 Diomedem
1393 2131 1422 2195 p.

202 2218 273 2296 479,
299 2219 347 2296 19,
370 2219 505 2284 Marium
526 2220 665 2285 Plotium
686 2240 716 2303 p.
742 2220 814 2296 499,
838 2218 868 2298 6,
890 2219 1026 2284 Marium
1047 2217 1242 2283 Victorinum
1264 2237 1295 2301 p.
1317 2216 1369 2293 45,
1382 2216 1423 2278 23

203 2320 233 2384 Κ
256 2322 312 2402 (=
332 2321 429 2387 Iubae
453 2321 565 2405 fragm.
590 2323 655 2386 13*
678 2324 705 2386 Δ
728 2323 776 2388 ed.
799 2321 927 2406 Hense).

288 2441 406 2508 Verum
434 2444 470 2506 ut
495 2433 534 2507 ιδ
568 2435 760 2527 βακχειακδν
793 2443 827 2527 (ν
842 2447 912 2524 --)
948 2435 1088 2507 σπάνιόν
1120 2437 1210 2506 ἔστιν
1241 2440 1425 2523 (Hephaest.

203 2566 232 2629 p.
254 2547 305 2624 43,
330 2547 348 2610 9
371 2546 441 2626 W),
475 2545 610 2611 alterum
633 2549 740 2611 autem
763 2548 900 2612 metrum
920 2537 959 2610 τὸ
982 2533 1285 2627 παλιμβακχειακδν
1306 2545 1376 2624 (--
1391 2540 1425 2624 ν)

205 2696 244 2712 ..
271 2697 278 2713 .
313 2645 368 2713 καί
394 2639 627 2734 ’δνοπιτήδειόν
660 2645 732 2713 ἐστι
764 2641 849 2738 πρὸς
877 2642 1071 2733 μελοποιίαν
1104 2647 1158 2728 (id.
1182 2669 1211 2732 p.
1234 2647 1286 2724 40,
1310 2645 1350 2709 16
1370 2646 1425 2722 W;

206 2753 374 2830 „bacchius
398 2751 472 2834 [--
486 2753 521 2835 υ]
550 2771 612 2817 nou
635 2751 711 2818 iacit
731 2759 920 2818 numerum“
944 2755 1045 2817 huon.
1071 2753 1143 2835 post
1165 2749 1373 2818 Censorinum
1394 2769 1424 2833 p.

205 2855 366 2934 616,6Κ;
390 2856 468 2934 „hoc
491 2855 572 2938 [scil.
590 2856 793 2921 baoohiaoum
815 2857 968 2938 metrum]
991 2855 1071 2920 mihi
1092 2853 1216 2919 videtur
1238 2853 1277 2918 ad
1299 2872 1426 2937 prosam

206 2959 389 3023 conuenire“
423 2958 583 3024 Charisius
617 2979 666 3043 ap.
689 2959 794 3023 Rufin.
817 2979 845 3043 p.
869 2959 940 3038 572,
963 2957 1058 3022 21Κ
1090 2984 1132 3013 --
1166 2957 1269 3022 Diem.
1300 2978 1329 3041 p.
1353 2959 1426 3036 513,

206 3063 244 3126 31
268 3063 312 3146 Κ)
325 3063 365 3144 ²),
398 3063 444 3127 ita
467 3079 575 3127 omnes
603 3062 783 3146 sescupliois
812 3063 935 3145 generis
957 3063 1051 3146 pedes
1078 3060 1142 3126 iam
1166 3059 1294 3126 Graecis
1321 3061 1426 3126 minus

205 3165 308 3230 idonei
341 3164 380 3230 ad
407 3167 509 3230 metra
541 3165 703 3232 efficienda
735 3167 810 3231 sunt
838 3166 910 3245 risi,
945 3184 1137 3248 quamquam
1166 3163 1306 3248 paeonici
1335 3164 1428 3229 metri

206 3287 299 3346 „usus
323 3316 330 3332 .
354 3317 361 3332 .
384 3317 391 3333 .
415 3269 498 3351 apud
521 3259 647 3352 lyricos,
676 3269 731 3333 sed
754 3271 786 3334 et
808 3269 942 3351 tragicos
965 3271 998 3334 et
1019 3268 1166 3346 comicos,
1188 3267 1336 3352 frequens
1359 3269 1425 3333 est“

206 3370 296 3452 (Mar.
319 3371 434 3437 Victor.
456 3392 487 3455 p.
511 3373 560 3451 96,
583 3373 624 3435 26
646 3373 677 3436 Κ
699 3373 757 3455 [=
778 3372 876 3438 lubae
899 3373 1009 3454 fragm.
1034 3371 1120 3435 125*
1143 3370 1215 3454 Η]).

291 3490 396 3571 Quare
428 3493 468 3558 ad
497 3496 661 3576 aequalem
691 3513 874 3559 mensuram
907 3493 966 3558 hoc
996 3511 1118 3577 quoque
1146 3510 1294 3556 nemnem
1328 3509 1427 3574 genus

207 3598 407 3662 remeaturus
438 3588 634 3682 Ἡλιόδωρος
658 3645 665 3661 .
689 3646 697 3660 .
720 3646 727 3661 .
750 3594 832 3684 φησί
864 3590 1000 3679 κοσμίαν
1031 3586 1113 3660 εἶναι
1142 3597 1209 3659 τῶν
1240 3595 1429 3659 παιωνικῶν

206 3688 264 3784 τὴν
279 3689 362 3764 κατὰ
378 3695 470 3765 πόδα
485 3697 593 3786 τομήν,
619 3695 710 3778 ὅπως
731 3693 751 3786 ἡ
773 3690 960 3779 δνόπαοσις
975 3698 1109 3764 διδοῦσα
1122 3692 1234 3783 χρόνον
1249 3689 1429 3784 ἓξασήμοος

206 3793 266 3879 τὰς
297 3797 410 3887 βάσεις
443 3807 527 3891 ποιῇ
558 3801 613 3869 καί
647 3798 808 3888 ἰσομερεῖς
840 3796 883 3881 ιδς
913 3795 973 3880 τὰς
1009 3791 1109 3880 ίίλλας
1137 3801 1299 3883 (Choerob.
1332 3799 1428 3883 Exeg.

208 3904 240 3968 iu
262 3905 364 3990 Heph.
393 3927 422 3990 p.
446 3909 497 3986 82,
522 3908 562 3972 18
584 3907 615 3972 H
637 3936 680 3962 =
702 3908 773 3984 197,
798 3909 815 3971 7
839 3906 893 3983 W;
928 3905 967 3971 cl.
994 3904 1136 3970 Diomed.
1158 3925 1189 3989 p.
1213 3904 1285 3984 506,
1311 3905 1350 3966 12
1373 3902 1428 3986 Κ).

278 4165 297 4230 ¹)
316 4161 394 4218 Idem
413 4163 577 4219 'l'srentiano
596 4163 694 4219 Mauro
712 4181 735 4219 ι.
756 4163 823 4217 1499
841 4163 886 4231 l:
903 4161 991 4217 Rufin.
1010 4177 1035 4230 p.
1053 4161 1114 4226 575,
1132 4161 1150 4214 4
1166 4160 1204 4230 Κ)
1233 4163 1277 4214 est
1294 4158 1429 4228 „optimus

208 4264 256 4318 pes
279 4254 307 4304 et
330 4248 443 4305 melodis
465 4255 494 4304 at
516 4251 635 4319 pedestri
658 4249 786 4319 gloriae“¹
823 4246 944 4316 Exponit
966 4245 1063 4303 deinde
1081 4245 1262 4302 Terentianus
1285 4244 1428 4300 rhetorum

208 4335 242 4390 do
264 4335 364 4390 cretico
388 4334 417 4389 in
435 4335 563 4390 clausulis
586 4335 754 4391 admittendo
780 4333 1075 4402 doctrinamentum
1092 4329 1249 4388 conterendi
1266 4333 1331 4385 sunt
1358 4347 1382 4384 e.
1402 4346 1428 4400 g.

209 4419 264 4476 Cic.
284 4419 361 4476 Orat.
379 4421 446 4490 2153
465 4420 576 4489 Quintil.
595 4422 634 4476 IX
651 4422 676 4487 4,
695 4423 736 4476 97.
756 4420 890 4474 104107.

280 4507 301 4576 ⁸)
320 4505 403 4562 Cuius
419 4507 458 4562 rei
477 4523 561 4563 causa
577 4507 645 4563 haec
663 4511 705 4562 est
723 4503 868 4561 secundum
898 4503 1010 4559 ‘scholia
1027 4503 1248 4572 Hephaestionea
1265 4502 1297 4556 A’
1324 4517 1351 4570 p.
1371 4501 1429 4564 197,

209 4593 244 4646 21
255 4593 302 4646 W:
321 4592 523 4667 εὑρισκομένων
538 4593 592 4665 γὰρ
610 4590 658 4646 δόο
675 4593 790 4662 μακρῶν
801 4589 894 4660 ἐφεξῆς
913 4594 959 4642 καί
975 4590 1038 4656 pade
1048 4593 1180 4664 βραχείαε
1190 4585 1276 4641 πόλιν
1287 4585 1430 4664 ἀρρυθμία

212 4675 299 4747 παλλῆ
316 4684 433 4752 γίνεται·
453 4684 484 4732 ἐν
501 4676 717 4754 τετραπλασίονι
733 4677 786 4753 γὰρ
803 4673 876 4750 λόγῳ
893 4674 1043 4750 είιρήσιται.
