3546 5236
803 495 808 498 ,
844 401 906 498 1⁶5

251 597 403 660 bellorum
418 598 547 660 ructarit
560 597 709 678 deficeret,
728 599 844 664 viribus
898 599 1002 664 orbem
1023 601 1153 680 pocooit.
1196 599 1244 662 bic
1266 602 1328 662 iuna
1351 601 1418 680 ipso
1440 600 1487 660 iu-

250 706 321 766 eutc
341 704 421 766 mate
435 710 581 783 uteretur,
606 704 714 786 qaue
729 725 762 769 se
776 708 844 788 ipen
897 711 1003 769 uentus
1034 706 1157 788 imperii
1189 713 1217 769 et
1246 707 1335 788 quusi
1362 705 1487 768 roboan

254 811 395 892 conferit.
450 811 523 872 boec
548 813 616 892 ficit
642 815 746 894 prima
779 815 844 876 eiua
897 813 1069 876 maturantes.
1108 833 1128 874 a
1149 811 1282 876 Caesare
1297 811 1435 892 Aopuscto
1452 815 1488 874 in

216 934 217 938 ’
254 923 403 996 aramius,
424 938 491 981 uum
507 917 591 981 bellis
605 920 738 983 lacerato
753 921 844 983 ciuili·
897 919 1052 982 coensium
1092 925 1230 982 caucinum
1266 919 1349 982 bared
1384 921 1487 981 minus

253 1023 312 1086 bue
339 1030 429 1108 atque
455 1027 597 1089 intestino
624 1027 706 1090 ructo
733 1047 845 1110 praeeo
898 1027 974 1088 cuni
996 1025 1125 1104 ducunt,
1149 1025 1256 1109 qartus
1278 1028 1391 1088 inertia
1410 1024 1484 1089 Gne-

255 1151 368 1194 sarsua
390 1133 432 1194 nd
453 1134 589 1212 repimen
607 1134 774 1214 amiects
788 1135 847 1212 ira-¹
898 1151 1004 1196 aarum
1032 1135 1122 1215 pauci
1144 1134 1302 1196 consenuit
1324 1139 1414 1215 atquae
1436 1133 1486 1195 dc·

251 1239 335 1319 perii
364 1239 489 1302 reccidit
519 1241 608 1322 menei
640 1241 682 1303 od
716 1241 845 1304 eduum
898 1240 993 1319 coeit,
1031 1241 1092 1302 uisi
1132 1241 1213 1322 meod
1252 1239 1307 1302 sub
1349 1239 1487 1302 Troiano

256 1346 423 1426 infantione
445 1347 590 1410 reuoluto.
626 1349 742 1411 causa
764 1349 845 1410 enim
893 1348 1035 1428 principe
1056 1349 1148 1409 nwoit
1171 1348 1298 1410 tacmtm
1313 1353 1341 1409 ct
1359 1353 1488 1428 praeter

255 1451 405 1529 tibertnte,
444 1473 534 1534 quom
571 1454 670 1517 Bmto
706 1455 782 1518 duce
818 1460 847 1517 et
898 1473 982 1535 specu
1019 1455 1156 1517 muniunt
1193 1460 1331 1516 umectus
1367 1454 1489 1534 imperii

252 1563 381 1620 duetore
404 1559 591 1641 descenderat,
616 1563 660 1624 ito
678 1562 843 1641 ammonuit,
899 1562 987 1642 prat
1018 1559 1137 1624 redditu
1166 1562 1319 1623 iuuentute
1349 1563 1486 1624 reviruit.

255 1671 401 1746 tuaquom
430 1674 602 1730 sustentare
628 1688 661 1730 ee
688 1671 756 1750 ipso
782 1687 845 1731 uon

258 1773 380 1851 unieret,
400 1774 462 1836 aiei
476 1775 662 1837 adminicuto
677 1777 844 1854 repentium

257 1879 417 1942 niteretur.

347 2003 428 2067 haec
459 2005 640 2086 quicunque
671 2003 928 2088 perlustraverit,
962 2003 1121 2086 insignem
1153 2001 1314 2086 quendam
1348 2002 1483 2069 duorum
1516 2081 1520 2088 ⁴

258 2109 449 2194 scriptorum
478 2129 669 2177 consensum
702 2109 932 2194 deprehendet.
978 2129 1052 2174 nam
1080 2109 1143 2174 duo
1175 2129 1259 2193 quae
1289 2111 1398 2176 insunt
1421 2110 1486 2176 dis-

253 2217 405 2300 crimina,
433 2219 569 2284 alterum
598 2217 684 2302 quod
710 2217 828 2294 Florus
856 2215 1026 2282 infantiam
1053 2237 1137 2300 quae
1166 2217 1225 2283 sub
1249 2237 1327 2300 rege
1349 2217 1486 2283 Romulo

258 2323 354 2390 tuerit
382 2326 500 2408 omisit,
530 2325 665 2391 alterum
694 2325 781 2409 quod
808 2343 872 2389 non
901 2323 1016 2391 eadem
1040 2325 1081 2389 ab
1105 2333 1240 2407 utroque
1266 2333 1415 2390 senectus
1439 2325 1486 2389 in-

253 2429 386 2496 dicetur
418 2438 474 2497 ent
507 2452 546 2497 ex
578 2431 748 2498 brevitatis
781 2429 888 2497 studio
922 2431 1090 2516 scriptoris
1123 2431 1285 2516 epitomae
1315 2431 1485 2514 aut.quod

253 2537 397 2604 diversis
429 2540 626 2624 temporibus
659 2559 767 2604 eorum
800 2539 872 2604 libri
902 2537 1071 2622 compositi
1101 2543 1175 2604 sunt
1202 2537 1381 2623 repetenda
1414 2558 1488 2604 esse

257 2653 509 2712 consentaneum
541 2645 678 2712 videtur.
726 2643 853 2712 aceedit
886 2645 973 2728 qnod
1006 2644 1154 2710 dubitare
1187 2645 1263 2710 licet
1297 2666 1371 2710 num
1405 2645 1488 2710 satis

258 2759 410 2818 accurate
433 2752 624 2818 Lactantius
640 2752 785 2818 Senecae
808 2753 907 2818 verba
930 2751 1099 2818 rettulerit.
1132 2753 1172 2816 ob
1197 2772 1280 2835 qnae
1297 2751 1485 2816 discrimina

258 2879 330 2924 cum
353 2859 419 2924 iam
442 2859 466 2924 Ι.
492 2860 529 2924 G.
549 2859 684 2925 Vossius
708 2861 773 2939 (Dc
797 2863 961 2926 historicis
985 2858 999 2920 Ι
1024 2861 1067 2924 30
1090 2881 1119 2943 p.
1140 2861 1205 2925 264
1229 2858 1279 2924 ed.
1303 2859 1346 2937 II)
1371 2859 1485 2923 merito

259 2966 300 3031 iis
324 2965 517 3031 adversatus
542 2965 585 3032 sit
607 2967 661 3049 qui
684 2965 736 3030 vel
760 2966 921 3042 aSeneoa
936 2965 1023 3030 Flori
1048 2966 1209 3050 epitomen
1235 2965 1387 3049 scriptam
1413 2985 1487 3031 esse

256 3071 311 3138 vel
327 3072 421 3137 Floro
438 3071 583 3139 Senecae
607 3093 785 3156 cognomen
808 3071 911 3138 fuisse
928 3071 1174 3152 contendebant,
1200 3072 1233 3136 id
1254 3083 1361 3138 tamen
1377 3073 1488 3156 utique

259 3177 501 3244 concedendum
525 3187 575 3244 est
598 3187 631 3244 et
653 3179 815 3244 concessit
838 3176 875 3244 Ο.
898 3178 1031 3243 Iahnius
1056 3177 1146 3262 (odit.
1169 3178 1255 3242 Flori
1281 3201 1311 3263 p.
1329 3179 1486 3266 XXXIX)

258 3285 390 3350 Florum
414 3305 434 3350 a
459 3285 584 3351 Seneca
607 3286 696 3351 illam
719 3286 894 3368 imaginem
918 3292 1096 3350 mutuatum
1123 3285 1236 3363 esse't.

349 3409 411 3475 hoc
444 3411 471 3476 si
503 3411 708 3495 tenuerimus,
742 3411 811 3477 sine
845 3411 909 3474 ullo
942 3393 1135 3476 temeritatis
1168 3411 1323 3495 opprobio
1358 3412 1488 3495 longius

260 3515 413 3601 progredi
441 3517 565 3602 licebit,
596 3515 628 3583 id
657 3517 744 3601 quod
767 3538 808 3582 ne
832 3517 978 3582 Iahnium
1002 3517 1130 3600 quidem
1160 3517 1290 3597 fecisse,
1324 3519 1377 3601 qui
1403 3517 1489 3602 frag-

258 3623 359 3689 menti
384 3622 425 3689 dc
449 3625 516 3688 vita
539 3625 643 3708 patris
667 3623 753 3689 baud
777 3625 941 3689 immemor
965 3635 1043 3708 erat,
1073 3633 1122 3690 est
1146 3645 1202 3689 cur
1225 3625 1357 3690 mireris.
1405 3624 1489 3690 banc

258 3731 346 3795 enim
370 3738 514 3796 aetatum
536 3730 692 3798 historiae
719 3731 831 3818 populi
855 3731 990 3796 Romani
1020 3729 1257 3796 distinctionem
1289 3731 1404 3797 Florus
1432 3751 1490 3817 per

260 3843 361 3902 totum
389 3837 514 3921 librum,
541 3857 605 3902 non
634 3858 692 3923 per
714 3838 950 3923 praefationem
975 3838 1079 3904 solam
1103 3847 1232 3903 secutus
1257 3849 1307 3904 est
1331 3849 1363 3904 et
1387 3839 1490 3904 tribus

259 3944 420 4028 prioribus
444 3945 608 4010 aetatibus
632 3945 932 4030 anacephalaeoses
957 3965 1076 4025 earum,
1101 3965 1182 4028 ques
1202 3945 1231 4011 ei
1252 3947 1305 4029 qui
1328 3947 1491 4030 epitomen

302 4071 419 4080 a———fi-
429 4073 473 4078 ...-

354 4137 374 4205 ἵ)
396 4141 493 4195 eadem
515 4142 659 4196 verborum
688 4141 806 4196 Senecae
836 4145 865 4196 et
893 4142 966 4196 rlori
994 4142 1154 4196 discrimina
1180 4143 1337 4211 impediunt
1364 4162 1398 4198 ne
1427 4163 1490 4198 cum

261 4231 290 4284 L.
310 4231 457 4299 Spengslio
476 4231 700 4300 (Abhcndlunpen
720 4235 769 4284 der
786 4233 957 4300 baumechte
978 4235 1131 4296 Atatemie,
1151 4233 1370 4300 phiton-tiator.
1391 4235 1491 4287 Klosse

262 4319 299 4372 IX
314 4320 424 4388 345sq.)
442 4324 571 4389 putemus
584 4319 762 4375 Lactantium
777 4337 794 4374 a
808 4320 886 4374 Floro
904 4321 972 4390 ipso,
992 4337 1074 4389 quem
1088 4325 1199 4391 propter
1213 4322 1320 4376 Annaei
1339 4339 1491 4392 cognomen

258 4409 287 4462 ei
309 4408 340 4462 in
362 4407 388 4462 N
412 4408 532 4463 inditum
555 4409 687 4464 Senecam
710 4412 830 4478 putaret,
854 4409 938 4464 verba
959 4410 1011 4464 illa
1029 4410 1166 4480 petivisse.
1204 4415 1236 4463 nt
1256 4415 1362 4464 taceam
1381 4416 1490 4480 putrem

259 4497 392 4552 ecelesiae
415 4497 631 4553 eruditissimum
660 4499 741 4568 longe
769 4498 870 4552 abiisse
898 4517 914 4552 a
938 4498 1039 4568 puerili
1067 4499 1241 4562 hocerrore,
1270 4517 1335 4552 num
1360 4499 1491 4554 credibile

259 4592 303 4642 est
322 4604 393 4652 eum,
413 4603 474 4642 cnm
494 4588 552 4656 ipse
571 4587 660 4642 multo
678 4587 814 4642 recentior
832 4586 952 4642 'lbainno
971 4591 1049 4651 esset,
1069 4591 1237 4642 senectutem
1258 4589 1352 4656 populi
1372 4589 1491 4642 Romani

261 4693 348 4744 usque
367 4676 402 4730 ad
421 4677 541 4746 Augusti
560 4677 709 4746 imperium
728 4676 919 4732 restrinxisset
