3568 5238
353 653 501 736 postridie
509 655 530 733 ¹)
547 653 653 717 Nonas
669 653 799 732 Quintil.
814 657 885 737 post
900 654 982 717 diem
997 653 1126 718 tertInm
1138 673 1234 736 quam
1250 649 1314 718 (C.)
1338 653 1416 750 Cato
1438 655 1506 718 erat
1528 653 1583 716 ab·

354 773 369 817 s
479 759 495 817 .'

371 755 477 938 0111th
494 877 523 940 p.
548 859 600 934 22,
625 860 764 922 12-16:
789 867 826 923 ‘a
851 860 880 923 d.
896 859 982 924 XIII.
1006 861 1077 924 Kal.
1094 861 1183 924 Febr.
1208 859 1315 944 (Acta
1337 859 1455 922 etenim
1478 858 1580 938 magis

354 962 516 1042 sequenda
538 966 570 1025 et
591 963 693 1044 ipsam
716 964 904 1040 orationem,
942 981 1023 1045 quae
1046 963 1155 1026 Actis
1178 963 1340 1043 congruit,
1377 963 1453 1042 puto
1485 977 1580 1041 quam
1670 991 1674 996 ·

352 1065 579 1140 Fenestellam,
603 1066 656 1146 qui
679 1084 706 1128 a.
732 1067 760 1128 d.
777 1065 860 1129 XIV.
877 1066 949 1130 Kal.
967 1067 1055 1130 Febr.
1079 1065 1188 1146 tradit)
1210 1066 1286 1130 Milo
1307 1063 1553 1128 Lanuvium...
1571 1106 1579 1118 .

353 1166 510 1249 profectus
534 1172 583 1232 est
599 1219 605 1232 .
621 1219 628 1232 .
643 1169 659 1232 .’

439 1273 471 1350 3)
494 1292 523 1354 p.
548 1272 598 1346 39,
623 1271 742 1333 3-16:
776 1271 848 1336 ‘Sed
872 1291 939 1354 ego.
974 1276 1010 1335 ut
1043 1273 1196 1337 curiosius
1225 1271 1322 1334 aetati
1344 1271 1466 1333 vestrae
1489 1268 1580 1331 satis-

353 1375 476 1448 faciam,
502 1378 595 1438 Acta
618 1377 733 1439 etiam
757 1376 879 1439 totius
903 1375 1014 1438 illius
1040 1375 1220 1458 temporis
1244 1375 1469 1456 persecutus
1490 1389 1578 1445 sum,

353 1479 386 1541 iu
410 1479 524 1559 quibus
547 1479 676 1557 cognovi
699 1478 797 1560 pridie
826 1479 897 1541 Kal.
922 1479 1014 1541 Mart.
1045 1479 1076 1542 S.
1101 1478 1134 1543 C.
1165 1496 1233 1541 esse
1262 1476 1396 1550 factum,
1431 1473 1466 1536 P.
1489 1472 1579 1538 Clodi

353 1581 481 1645 eaedem
503 1583 535 1644 et
557 1581 735 1644 incendium
767 1581 869 1646 curiae
898 1585 929 1644 et
956 1582 1218 1664 oppugnationem
1246 1579 1370 1642 aedium
1398 1575 1441 1638 M.
1469 1575 1579 1658 Lepidi

353 1687 463 1748 contra
504 1703 570 1748 rom
603 1704 631 1767 p.
666 1683 799 1756 factam
833 1683 918 1746 ultra
945 1684 1081 1748 relatum
1117 1685 1149 1746 in
1174 1684 1278 1746 Actis
1312 1681 1365 1744 illc
1398 1680 1447 1743 die
1482 1679 1575 1750 nihil;

225 1827 227 1831 -
353 1791 475 1870 postero
507 1787 565 1862 die,
598 1786 630 1850 id
661 1790 710 1850 est
733 1787 804 1850 Kal.
828 1787 934 1862 Mart,
971 1782 1035 1864 (T.)
1071 1788 1250 1850 Munatium
1283 1785 1315 1848 in
1350 1784 1492 1847 contione
1528 1799 1580 1844 ex-

352 1890 494 1972 posuisse
516 1891 630 1973 popnlo
653 1908 732 1971 quae
755 1890 853 1972 pridie
877 1892 947 1952 acta
967 1893 1058 1952 erant
1079 1891 1111 1952 in
1135 1892 1262 1953 senatu:
1296 1889 1328 1950 in
1352 1905 1415 1968 qna
1434 1885 1578 1948 contione

352 1992 431 2056 haec
464 1993 542 2056 dixit
565 1994 602 2056 ad
626 1993 770 2056 verbum:
806 1993 896 2058 Cum
918 1993 1151 2056 Hortensius
1182 1991 1361 2062 dixiSset,
1396 1993 1439 2051 ut
1472 1989 1579 2052 extra

352 2095 521 2159 ordinem
545 2098 801 2176 quaereretur
824 2095 924 2178 apud
949 2095 1226 2176 quaesitorem,
1250 2094 1453 2158 aestimare
1477 2089 1579 2153 iutu-

352 2217 446 2273 rum,
485 2201 538 2273 ut,
577 2217 660 2261 cunr
697 2198 882 2280 pusillum
920 2198 1093 2262 edissent
1129 2197 1365 2271 dulcedinis,
1413 2195 1579 2276 largiter

352 2301 578 2363 acerbitatis
611 2300 857 2364 devorarent:
895 2301 1081 2364 adversus
1113 2301 1306 2365 hominem
1328 2300 1577 2381 ingeniosum

351 2421 425 2467 non
448 2404 603 2484 ingenio
627 2404 685 2466 usi
709 2423 854 2478 sumum
885 2404 1109 2467 invenimus
1131 2403 1300 2479 Fufium,
1334 2403 1398 2484 qui
1433 2401 1577 2464 diceret

354 2505 580 2584 „Ilivide“²);
615 2507 787 2588 reliquae
816 2508 920 2589 parti
950 2507 1170 2570 sententiae
1199 2525 1266 2586 ego
1295 2508 1332 2569 et
1361 2503 1575 2569 Sallustius

352 2608 660 2672 intercessimus.'

437 2713 470 2791 4)
501 2731 530 2793 p.
565 2713 615 2780 41.
647 2713 787 2775 12-21:
822 2712 987 2777 ‘Obsessos
1022 2716 1071 2776 est
1104 2713 1181 2790 (scil.
1216 2711 1395 2794 Pompeius)
1430 2712 1525 2774 etiam
1557 2728 1575 2772 a

352 2815 463 2879 liberto
491 2815 579 2879 Clodi
602 2815 776 2888 Damione,
812 2819 852 2878 ut
882 2835 922 2878 en
945 2817 1051 2879 Actis
1075 2816 1156 2878 eius
1181 2813 1300 2879 lorini>
1335 2815 1505 2896 cognovi,
1543 2815 1575 2875 in

353 2918 466 2999 quibus
481 2917 548 2982 XV.
565 2919 636 2981 Kal.
654 2920 738 3000 Sept.
754 2917 788 2980 L.
805 2917 934 2994 Neviae,
954 2919 1223 3000 tribunusplebis
1247 2918 1367 2998 collega
1383 2917 1481 2991 Clodi,
1503 2935 1575 2980 onus

351 3020 465 3084 Damio
496 3021 663 3084 adversum
692 3019 757 3088 (ι.)
781 3021 923 3084 Flavium
958 3025 1133 3103 praetorem
1165 3022 1337 3104 appellaret
1370 3020 1511 3084 tribunos
1544 3024 1576 3081 et

351 3124 468 3187 tribuni
497 3124 536 3187 de
564 3125 772 3207 appellatione
800 3127 1029 3204 cognoscerent,
1063 3124 1108 3187 ita
1130 3126 1320 3188 senteutiam
1349 3125 1440 3187 dixit:
1485 3124 1576 3190 Etisr'

352 3221 410 3290 ab>
437 3227 504 3290 hoo
528 3227 749 3310 apparitore
776 3228 810 3291 P.
838 3226 947 3292 Clodi
970 3227 1196 3291 vulneratus
1220 3245 1318 3303 sum,
1352 3229 1390 3289 et
1418 3227 1576 3290 homini·

352 3330 420 3393 bus
454 3331 610 3393 armatis
653 3331 860 3413 praesidiis
888 3329 1086 3410 dispositis
1118 3349 1201 3396 arc
1225 3330 1386 3412 publica
1407 3333 1575 3392 remotus

352 3431 412 3496 Cn.
454 3433 655 3515 Pompeius
696 3428 987 3514 obsessusque>
1027 3439 1101 3498 est:
1146 3453 1228 3499 cunr
1271 3433 1459 3516 appeller,
1503 3451 1575 3495 uon

352 3540 439 3598 utar
469 3537 553 3598 eius
582 3538 767 3619 exemplo,
801 3557 912 3619 quem
935 3539 1128 3620 vitupero,
1161 3540 1198 3600 et
1219 3537 1405 3600 iudicium
1428 3536 1576 3610 tollam,

352 3638 525 3718 etreliqua
548 3639 585 3702 de
608 3639 852 3706 intercessione.'

438 3741 470 3818 5)
493 3761 523 3823 p.
547 3743 602 3818 43,
637 3743 776 3806 17-22:
811 3743 888 3807 ‘Hoc
911 3743 1066 3824 significat
1088 3762 1123 3807 eo
1146 3743 1194 3806 die
1218 3763 1279 3824 quo
1302 3741 1430 3806 Clodius
1454 3741 1577 3804 occisus

352 3844 402 3906 est
423 3845 638 3909 contionatum
672 3865 740 3908 esse
770 3845 1022 3910 mercennarium
1057 3846 1123 3909 eius
1155 3847 1317 3910 tribunum
1340 3845 1449 3927 plebis.
1494 3843 1578 3906 Sunt

352 3949 458 4009 autern
480 3948 650 4010 contionati
677 3967 712 4012 eo
746 3949 809 4023 die,
844 3953 881 4011 nt
914 3967 950 4011 err
979 3949 1085 4011 Actis
1114 3951 1254 4030 apparet,
1289 3947 1322 4012 C.
1352 3948 1521 4012 Sallustius
1544 3954 1578 4010 et

352 4047 388 4125 Q.
405 4049 581 4131 Pompeius,
597 4051 721 4132 utrique
745 4055 777 4114 et
798 4051 915 4114 inimici
931 4050 1055 4114 Milonis
1078 4058 1111 4114 et
1133 4052 1209 4114 satis
1232 4051 1371 4132 inquieti.
1410 4049 1470 4113 Sed
1493 4048 1579 4112 vide-

351 4153 403 4214 tur
445 4152 522 4214 mihi
555 4151 592 4230 Q.
631 4153 817 4240 Pompeium
854 4153 1046 4234 significare;
1092 4172 1166 4217 narn
1204 4157 1268 4218 eius
1307 4153 1481 4217 seditiosior
1517 4151 1578 4215 fuit

351 4254 472 4318 contic'

438 4361 534 4422 ‘Acta'
559 4377 638 4441 quae
663 4361 815 4423 Asconius
840 4359 927 4434 dicit,
961 4362 1048 4425 nulla
1071 4362 1166 4424 luisse
1189 4365 1322 4443 possunt
1347 4361 1405 4423 nisi
1431 4362 1500 4422 acta
1524 4378 1580 4440 po-

351 4461 431 4542 puli,
465 4481 545 4543 quae
569 4465 649 4526 teste
674 4462 820 4526 Suetonio
845 4464 912 4544 (vit.
937 4463 1025 4528 Caes.
1049 4484 1075 4528 c.
1100 4466 1153 4546 20)
1189 4469 1226 4527 ut
1247 4464 1481 4546 publicarentur
1500 4461 1581 4526 Cae-

350 4569 555 4579 -—-—.—.*.-

421 4613 442 4680 ¹)
460 4612 539 4667 codd.
558 4613 675 4683 ‘pridie’;
695 4613 729 4668 de
746 4614 798 4669 hac
817 4632 845 4669 re
863 4621 959 4686 postea
971 4615 1172 4686 disputandum
1191 4615 1249 4669 erit.

423 4701 446 4764 l)
465 4698 499 4752 cf.
519 4697 610 4754 Schol.
630 4700 698 4754 Bob.
719 4719 745 4770 p.
763 4703 823 4767 281,
841 4703 971 4770 34-282‚
989 4705 1030 4756 15.
