3546 5236
203 617 277 660 cum
308 595 348 660 iis
383 615 466 678 quae
495 601 673 678 sequuntur
705 592 934 660 coniunxisset.
990 592 1127 659 forsitan
1160 593 1232 677 ipsa
1266 593 1434 677 scriptoris

205 723 319 768 manus
348 703 394 768 sie
425 701 614 766 restituatur
643 707 677 765 ut
710 700 903 766 scribamus:
936 709 1019 764 stare
1043 702 1179 782 firleuter
1209 702 1434 784 ‹sopor-arom

204 812 264 874 tela
284 847 307 856 -
323 847 387 856 -—
409 811 557 892 excutere.
604 828 632 873 v.
666 807 745 873 ilias
777 807 895 872 Latina
926 810 1060 890 witeca
1094 815 1244 892 totuurque
1277 811 1436 872 incendere

204 919 331 982 classem
356 915 545 1000 appar·at³⁸).
587 913 672 980 idem
695 915 827 980 verbum
851 914 1009 998 reperitur
1031 913 1064 978 in
1087 912 1260 998 periochae
1279 913 1436 978 Livianae

15 1088 17 1096 ,
205 1023 279 1088 libri
302 1023 425 1086 XXXV
455 1021 561 1088 verbis
590 1020 712 1086 ultimis
739 1019 805 1087 his:
834 1023 1019 1106 adparatum
1046 1021 1135 1085 belli
1162 1021 1264 1106 (legez
1295 1022 1434 1086 bellum'r

2 1167 14 1180 ι·
82 1197 89 1212 ‚
203 1131 243 1194 ub
266 1130 414 1194 Antiocho
438 1132 577 1194 continet.

314 1276 368 1339 ep.
396 1275 481 1320 mor.
509 1255 588 1320 XIX
612 1257 641 1338 2,
669 1258 706 1320 4:
740 1256 846 1338 praiclui
873 1262 1028 1318 coutentes
1055 1258 1096 1319 stt
1127 1252 1367 1340 (philosophus)
1401 1277 1435 1318 aa

312 1384 408 1446 aspre
430 1366 567 1442 meoisse,
592 1384 651 1446 quo
673 1383 784 1426 manus
800 1366 936 1445 sorlurm
958 1383 1021 1426 uon
1035 1365 1187 1449 por-ripttl
1214 1383 1284 1444 erpo
1300 1371 1435 1446 utsupra

312 1471 446 1534 bumana
479 1477 523 1534 est
555 1477 584 1534 cl
610 1491 673 1552 par
699 1470 758 1534 sibi
787 1473 819 1532 lu
846 1471 930 1533 mutui
956 1476 1038 1532 statu
1066 1490 1181 1550 rerum,
1214 1472 1276 1533 siue
1304 1470 1436 1533 secundo

314 1598 407 1640 cursu
430 1579 491 1640 uile
509 1578 657 1660 procedit,
682 1579 744 1640 slve
760 1577 976 1659 fluctuatur
994 1597 1063 1658 per·
1086 1577 1215 1640 adumsa
1233 1597 1269 1640 uc
1284 1577 1434 1658 difficilia.

206 1721 279 1766 eum
295 1709 333 1782 et,
358 1701 444 1784 quod
459 1701 519 1765 AB
534 1708 610 1766 ante
625 1723 684 1784 per
706 1701 860 1782 inserunt,
883 1719 987 1782 neque
1011 1699 1270 1784 interpolationis
1294 1699 1435 1784 speeiem

207 1806 327 1874 habeat
361 1827 464 1890 neque
496 1827 554 1892 pro
587 1811 677 1872 etiam
715 1805 835 1872 dictum
873 1825 947 1872 esse
984 1805 1147 1892 possit³⁹),
1183 1807 1314 1871 verbum
1341 1809 1365 1870 it
1397 1825 1435 1871 co

207 1914 357 1980 haustum
383 1934 457 1980 esse
481 1913 626 1981 arbitror.
674 1912 802 1979 accedit
826 1911 912 1995 quod
935 1920 1065 1997 praeter
1088 1912 1172 1979 hunc
1195 1933 1291 1978 unum
1314 1911 1435 1978 nullum

207 2021 306 2088 alium
330 2021 435 2086 locum
460 2020 549 2103 nori,
578 2020 631 2085 ubi
659 2019 790 2085 verbum
820 2017 999 2084 fluctuandi
1022 2038 1093 2084 oum
1117 2019 1358 2104 praepositione
1376 2042 1436 2103 per

206 2129 411 2194 coniunctum
449 2128 500 2194 sit.
553 2126 642 2211 apud
674 2126 813 2191 Plinium
851 2124 978 2192 demum
1014 2125 1170 2191 maiorem
1206 2129 1289 2192 eirca
1325 2127 1367 2192 ab
1397 2147 1436 2192 eo

208 2235 338 2320 pendet
376 2235 481 2301 scribo
506 2233 618 2317 igitur:
639 2236 854 2317 fluctuatur
877 2241 909 2298 el
933 2237 1063 2312 <tt>
1082 2255 1151 2316 per
1172 2235 1300 2298 aduerso
1325 2255 1352 2298 e.
1367 2255 1396 2316 q.
1412 2255 1436 2301 s.

315 2380 370 2445 ep.
395 2380 480 2425 mor.
504 2359 584 2424 XIX
608 2359 688 2441 5⁴⁰),
710 2361 764 2424 lt:
793 2359 828 2422 t.
850 2359 1029 2439 Arruntius,
1052 2362 1102 2423 uir
1123 2381 1217 2424 rurae
1232 2361 1435 2442 smapolitotis

314 2471 367 2551 qui
388 2469 533 2532 lu'slom'as
556 2467 625 2530 belli
647 2468 758 2530 Punici
779 2469 912 2550 scripsit,
935 2468 1002 2547 fuit
1026 2464 1233 2531 Sallustianus
1256 2473 1284 2530 et
1305 2469 1338 2530 iu
1361 2468 1438 2530 t'llud

312 2596 408 2656 peneus
435 2577 543 2638 alteus.
591 2581 637 2638 est
662 2575 746 2656 apud
773 2571 969 2638 Sallustium:
1003 2575 1168 2638 aemulum
1196 2581 1322 2656 asperato
1348 2577 1435 2657 fecit,

315 2685 348 2745 id
375 2689 418 2746 est
442 2684 575 2765 pecum'a
597 2683 730 2764 perunit.
783 2682 838 2744 boe
864 2681 1037 2744 Arruntius
1064 2702 1171 2746 amare
1193 2683 1302 2764 coepit,
1332 2683 1437 2764 posuit

316 2790 391 2852 illud
405 2789 545 2852 erunibus
557 2791 689 2870 pupula.
720 2789 794 2850 dieu
815 2789 948 2871 quodam
967 2789 1046 2852 loco:
1070 2789 1174 2867 Hiero,
1199 2809 1256 2850 ree
1271 2786 1437 2869 syranae-

315 2917 433 2974 uorum,
452 2896 557 2958 bellum
571 2897 658 2977 serit.
692 2897 795 2959 etalio
811 2897 891 2959 aro:
915 2915 992 2977 petae
1005 2895 1111 2959 audita
1130 2895 1437 2975 Pammmtraoossst

316 3003 448 3064 dedere
470 3003 618 3066 Rerrrutrr‘s
635 3006 749 3084 fecere.

212 3164 386 3171 ..-.——-.--—

301 3247 337 3316 ³⁸)
355 3267 393 3302 ac
409 3257 566 3317 paratum
586 3248 666 3303 rideo
685 3249 855 3304 Guilelmum
870 3249 976 3304 Gemoll
997 3250 1026 3303 in
1041 3253 1268 3304 Adnotatr'orrr'bus
1286 3253 1390 3304 crs'te'es‘s
1408 3256 1437 3304 e'u

208 3341 323 3396 Senecae
349 3341 482 3408 epistulas
505 3341 622 3392 uroralee
646 3339 845 3407 programmati
869 3339 1007 3408 gymnasii
1030 3339 1255 3409 (truciburgensis
1279 3341 1345 3394 anni
1371 3342 1438 3394 1886

208 3429 324 3484 adiectis
351 3432 380 3483 et
407 3428 495 3482 bonae
527 3427 615 3496 frugis
643 3428 732 3498 plenIs
761 3447 786 3497 p.
811 3429 845 3481 20
877 3428 1117 3484 commendavisse.
1164 3433 1195 3482 st
1227 3433 1305 3484 amat
1336 3429 1439 3484 Seneca

209 3518 344 3588 asyndeta
363 3535 451 3586 neque
470 3521 534 3588 apte
554 3518 733 3588 coniungitur
752 3517 913 3574 adverbium
932 3537 993 3573 cum
1013 3518 1157 3574 adiectivo.

301 3606 336 3676 ³⁹)
362 3627 396 3662 ns
420 3610 449 3662 in
474 3609 517 3661 his
545 3607 656 3676 quidem
676 3608 775 3672 serbis,
799 3626 871 3678 quae
889 3609 952 3662 XIX
972 3609 997 3672 5,
1020 3609 1052 3662 10
1070 3610 1213 3678 leguntur:
1237 3627 1297 3663 curn
1317 3612 1439 3663 adsueuit

209 3700 318 3752 animus
337 3700 475 3764 fastidire,
499 3716 567 3766 quae
585 3715 619 3752 ex
638 3715 709 3752 more
726 3706 789 3750 suut
808 3705 832 3751 et
851 3699 893 3750 illl
907 3717 961 3766 pro
979 3700 1100 3752 sordidis
1117 3700 1198 3752 solite
1217 3707 1288 3766 sunt,
1310 3703 1390 3752 etiam
1409 3703 1438 3751 iu

209 3791 339 3854 oratioue,
359 3791 429 3856 quod
449 3805 542 3841 uocum
562 3795 609 3853 est,
628 3790 733 3856 quaem't
752 3796 775 3840 ct
794 3789 871 3841 modo
890 3790 1004 3856 antiqua
1023 3789 1101 3841 uerba
1120 3796 1200 3856 atque
1218 3789 1321 3842 exulan
1335 3798 1438 3842 revocat

209 3895 242 3928 uc
260 3879 380 3945 profert,
408 3879 500 3931 modo
527 3878 634 3945 stupr't
659 3885 688 3930 et
716 3880 832 3945 tynam
856 3894 888 3930 nc
910 3879 1031 3944 deflectit,
1054 3876 1221 3945 particulam
1244 3887 1268 3931 et
1291 3895 1340 3946 pro
1358 3881 1438 3931 alant

210 3965 328 4033 positam
348 3969 423 4034 puto.
454 3965 550 4032 itaque
568 3965 666 4018 vocula
685 3983 765 4020 reoua
785 3968 847 4034 post
865 3965 985 4019 similem
1003 3967 1079 4020 math
1098 3965 1228 4020 excidisse
1247 3966 1364 4030 videtur,
1384 3985 1439 4036 qun

210 4053 315 4108 inserta
333 4054 386 4108 duo
405 4054 530 4123 upodosis
549 4055 671 4108 membra
689 4071 798 4122 prorsus
816 4054 869 4108 sibi
887 4054 1060 4123 respondent.

301 4141 338 4206 ⁴⁰)
357 4143 479 4197 eiusdem
498 4143 633 4212 epistulas
652 4143 742 4197 Iocum
761 4143 882 4198 multum
900 4147 1041 4198 tentatum
1066 4143 1093 4210 (ἓ
1113 4143 1152 4208 6);
1177 4161 1227 4198 uon
1253 4147 1334 4198 aliter
1357 4165 1438 4214 quam

211 4235 238 4285 lu
263 4235 344 4288 mimo
367 4237 463 4288 diuites
486 4237 598 4301 suptte'm'
622 4235 705 4288 solem
728 4235 843 4288 t'ortasse
866 4237 939 4288 recte
962 4233 1082 4288 Koehins
1102 4233 1119 4287 I.
1140 4253 1162 4288 c
1181 4253 1207 4303 p.
1228 4235 1280 4288 726
1305 4236 1439 4290 mutavit:

211 4340 236 4374 n.
256 4341 282 4375 a.
302 4340 326 4390 q.
347 4325 365 4376 ι’.
385 4344 419 4378 m.
440 4325 529 4376 tuduts'
546 4341 602 4376 esse
621 4324 734 4392 supitiol
751 4341 774 4376 s.
798 4323 844 4376 sed
863 4323 965 4378 nollem
985 4323 1037 4378 hae
1055 4323 1196 4378 oecmione
1214 4323 1310 4378 oblata
1329 4325 1439 4394 Apuleii

210 4410 295 4464 rerba
312 4415 377 4466 met.
398 4411 450 4466 VII
470 4413 498 4464 9:
523 4421 638 4466 sumeret
662 4413 761 4468 abiecto
784 4415 942 4467 centunculo
961 4416 1042 4466 diade
1060 4413 1090 4466 in
1108 4413 1290 4483 suspicionem
1309 4417 1439 4469 vocasset.

209 4502 319 4554 diuitem
340 4501 535 4554 centunculum
549 4501 682 4570 Apuleius
702 4500 763 4556 ideo
776 4519 873 4556 vocare
887 4505 1005 4570 peterat,
1024 4501 1098 4570 qued
1111 4519 1245 4572 magnum
1260 4503 1321 4556 anri
1335 4503 1440 4571 pondus

206 4605 243 4642 eo
261 4589 433 4644 occultatum
452 4589 536 4644 tuisse
554 4590 605 4643 sub
624 4590 706 4644 finem
725 4589 914 4659 praecedentis
933 4589 1034 4659 capitis
1052 4595 1221 4645 narraverat.

285 4677 324 4746 ⁴¹)
342 4695 368 4732 v.
388 4697 471 4748 supra
490 4697 515 4747 p.
539 4679 596 4733 127.
