3480 5230
786 421 823 485 41

283 641 446 722 Quantum
469 647 577 708 antem
602 664 733 728 operam
764 643 865 712 Stoici
894 641 1128 711 collocaverint
1156 643 1188 708 in
1218 643 1415 730 ambiguita-

196 746 286 813 tibus
308 745 523 832 explicandis,
545 744 602 812 ubi
625 747 666 815 de
681 746 858 816 dialectica
880 754 953 819 arte
967 752 1131 832 ageretur,
1152 746 1299 833 locuples
1322 748 1416 815 testis

201 857 253 918 est
275 851 390 918 Cicero
415 853 477 938 (or.
504 856 587 931 115):
611 851 689 933 „sed
712 852 762 919 vel
785 851 844 918 illa
865 852 1004 936 antiqua
1019 851 1069 918 vel
1085 843 1147 918 hac
1162 850 1335 938 Chrysippi
1349 852 1411 918 dis-

198 953 322 1040 ciplina
335 953 534 1024 institutum.
572 955 708 1024 Noverit
722 955 862 1042 primum
880 993 918 1006 -
932 995 971 1006 -
991 977 1130 1039 cumque
1145 955 1298 1040 ambigue
1314 955 1417 1023 inulta

200 1059 363 1140 dicantur,
385 1057 561 1144 quomodo
578 1059 722 1146 quidque
737 1081 851 1127 eorum
865 1059 966 1125 dividi
982 1058 1218 1145 explanarique
1234 1063 1415 1146 oporteat‘.

198 1160 411 1228 Posidonium
433 1183 508 1229 vcro
530 1154 732 1250 ἀμφιβολίαν
753 1164 788 1229 in
810 1183 946 1229 numero
969 1165 1081 1251 φωνῆς
1103 1163 1248 1248 partium
1263 1161 1417 1230 habuisse

198 1286 298 1350 supra
326 1265 478 1331 vidimus.
531 1265 680 1352 Denique
707 1265 842 1333 afferam
872 1287 913 1332 ex
944 1266 1090 1350 Diogene
1112 1267 1245 1333 Laertio
1272 1267 1416 1333 Stoicam

197 1359 398 1457 ἀμφιβολίας
418 1367 612 1435 finitionem:
645 1361 829 1458 ἀμφιβολία
863 1366 935 1436 ἐστὶ
962 1366 1049 1451 λίξις
1071 1365 1129 1435 δύο
1157 1362 1255 1456 ἢκαί
1277 1366 1416 1437 πλείονα

199 1468 378 1559 πράγματα
394 1467 599 1557 σημαίνουσα
617 1471 772 1552 λεκτικῶς
793 1470 848 1538 καὶ
859 1468 977 1560 κυρίως
997 1469 1052 1539 καί
1067 1464 1203 1539 κατὰτὸ
1225 1465 1306 1540 αὐτὸ
1322 1467 1412 1556 ἔθος,

198 1567 287 1641 ὥσθ’
310 1570 381 1660 ἅμα
401 1567 443 1640 τά
465 1571 603 1641 πλείονα
625 1572 824 1657 ἐκδέξασθαι
847 1567 931 1641 κατὰ
953 1573 1073 1664 ταύτην
1093 1566 1152 1663 τὴν
1173 1573 1270 1657 λέξιν.
1283 1574 1309 1662 ¹)

282 1677 401 1744 Nestor
423 1676 557 1762 quidam
573 1676 703 1745 Stoicus
725 1678 939 1763 philosophus
958 1677 1186 1762 ambiguitatis
1210 1678 1415 1744 constitutio-

197 1803 271 1847 nem
301 1780 513 1866 improbavit:
544 1781 709 1869 μετῆλθεν
739 1779 799 1848 ἐπὶ
829 1779 888 1868 τὴν
917 1773 1121 1870 ἀμφιβολίαν
1153 1775 1293 1869 ὑστάτην
1317 1778 1417 1864 τάξας

196 1876 304 1971 αὐτήν,
326 1879 412 1951 ὅπου
432 1907 468 1972 με
490 1881 573 1970 πρός
593 1909 690 1952 τινων
712 1882 767 1951 καὶ
782 1879 988 1970 ἀποβάλλετε
1002 1887 1068 1950 τῶν
1083 1880 1239 1963 στάσεων,
1260 1881 1415 1974 καθάπερ

195 1980 263 2054 ὑπὸ
274 1985 438 2074 Νέστορος
445 1992 503 2054 τοῦ
514 1991 670 2055 Στωϊκοῦ·
686 1981 759 2056 οὐδὲ
770 1984 832 2072 μία
845 1980 905 2076 γὰρ
918 1985 1045 2068 στάσις,
1057 1983 1149 2076 φασί,
1163 1985 1240 2076 περὶ
1252 1985 1416 2076 ποιότητα

195 2094 324 2178 φωνῆς
346 2085 410 2174 ἔξει
431 2082 489 2178 τὴν
511 2085 659 2178 ζήτησιν,
682 2089 758 2176 περὶ
779 2089 876 2160 τόνον
897 2090 980 2178 λέγω
1003 2088 1058 2155 καὶ
1078 2086 1283 2170 διαστάσεως
1297 2091 1415 2158 συλλα-

195 2197 277 2278 βῶν,
300 2187 387 2280 άπερ
409 2197 648 2280 γραμματικοῖς
670 2192 805 2274 δικαίως
825 2187 866 2260 dv
887 2189 1161 2278 καταλείποιτσ.’)
1188 2193 1283 2272 Quod
1306 2199 1416 2260 autom

195 2296 450 2387 Volkmannuse)
473 2297 644 2364 contendit
662 2302 883 2382 asystatorum
906 2296 1088 2364 doctrinam
1111 2301 1216 2362 totam
1231 2297 1273 2363 ad
1289 2297 1415 2364 Stoicos

194 2403 344 2468 auctores
369 2419 440 2468 esse
462 2399 680 2482 referendam,
701 2421 742 2464 ne
765 2421 826 2485 ego
848 2400 980 2485 quidem
1002 2405 1118 2467 contra
1140 2399 1288 2470 dixerim.
1324 2405 1417 2468 Atta-

194 2525 269 2570 men
296 2503 435 2588 vestigia
461 2503 641 2571 incertiora
663 2507 853 2588 supersunt,
876 2523 974 2588 quarn
1001 2507 1039 2568 ut
1060 2501 1232 2587 probabile
1254 2502 1414 2569 iudicium

195 2606 305 2700 facere
319 2605 427 2674 liceat
462 2607 589 2674 Stoicos
612 2607 698 2674 enim
713 2612 826 2672 notum
842 2612 893 2672 est
911 2605 945 2671 in
960 2604 1134 2672 dialectica
1149 2627 1301 2692 magnam
1315 2604 1415 2672 collo·

195 2730 288 2776 casse
310 2728 444 2794 operam
467 2709 677 2795 studiumque
699 2711 733 2776 in
756 2708 965 2795 sophismatis
988 2707 1144 2796 (ψευδέσι
1164 2708 1284 2798 λόγοις)
1312 2716 1413 2792 atque

193 2814 292 2900 plura
319 2834 432 2880 eorum
459 2835 580 2898 genere
612 2813 848 2898 distinxisse.⁴)
903 2812 1004 2878 Velut
1031 2835 1130 2878 unum
1158 2833 1259 2898 genus
1290 2809 1414 2900 πρίονα

193 2915 414 3002 appellabant,
437 2916 524 3001 quod
547 2937 664 2983 nomen
687 2917 788 2984 ctiam
810 2917 1067 2982 Fortunatianus
1089 2920 1133 3000 (p.
1156 2923 1197 2984 82
1221 2915 1275 2999 H.)
1298 2915 1412 2997 tradit,

193 3040 259 3106 quo
291 3018 397 3086 altera
419 3021 559 3105 asystati
589 3020 714 3104 species
743 3019 958 3104 significetur,
988 3041 1087 3104 quam
1117 3013 1298 3102 ίσοίζονσαν
1319 3023 1414 3084 vocat

195 3121 428 3208 Hermagoras.
472 3123 580 3207 Atque
603 3122 701 3189 etiam
723 3115 982 3212 ἀντιστρέφοντα
1011 3118 1133 3210 (λόγον)
1160 3120 1262 3188 Stoici
1288 3125 1413 3186 statue·

194 3225 327 3314 bant;⁶)
350 3225 439 3309 quod
462 3247 579 3293 nomen
612 3230 662 3292 est
695 3226 833 3311 asystati
864 3225 954 3311 apud
976 3223 1213 3311 Hermogenem
1241 3228 1275 3290 et
1295 3223 1413 3288 Fortu·

191 3328 404 3410 nationum.⁶)

264 3539 284 3606 ¹)
308 3535 574 3606 uiog.1..v1loa;
597 3535 698 3592 ibidem
722 3535 851 3591 sollemne
869 3533 939 3604 ¹illud
963 3533 1117 3604 exemplum
1140 3533 1266 3602 ponitur:
1285 3528 1411 3605 adimple

191 3639 329 3678 πεπτωκδ.

264 3711 390 3772 ¹)An0u.
408 3708 462 3764 vl1
480 3727 507 3779 p.
525 3710 577 3764 226
594 3709 639 3765 W.
673 3707 715 3763 De
735 3707 852 3762 Nestore
878 3705 911 3760 cf.
929 3703 1129 3760 Volkmanunm
1151 3704 1169 3758 l.
1188 3718 1211 3759 c.
1229 3719 1257 3772 p.
1275 3705 1317 3759 ta.
1336 3703 1409 3759 Enu-

193 3797 318 3848 meratur
334 3793 437 3851 Nestor
454 3793 562 3862 qnidam
581 3794 667 3849 etium
686 3795 714 3849 in
733 3793 885 3850 Stoicorum
903 3791 1030 3859 catalogo
1049 3805 1067 3845 a
1084 3788 1230 3846 Valentino
1242 3789 1313 3845 Rooe
1331 3789 1410 3854 (ller-

190 3893 252 3933 mae
270 3881 283 3930 1
302 3893 328 3947 p.
346 3879 408 3946 370)
426 3879 508 3936 edito.

262 3965 283 4032 ⁸)
302 3965 320 4022 l.
337 3979 359 4020 c.
378 3981 405 4034 p.
423 3967 458 4020 95
474 3982 500 4020 n.
519 3968 543 4019 l.

261 4051 283 4121 ⁴)
303 4050 337 4106 cl.
357 4050 452 4106 Prantl
469 4049 487 4106 l.
506 4065 529 4106 c
547 4052 561 4106 I
579 4066 606 4120 p.
623 4051 675 4106 487
693 4067 750 4122 sqq.

263 4137 288 4204 ⁸)
306 4137 341 4193 cl.
360 4137 455 4193 Prantl
473 4137 491 4191 l.
510 4153 534 4192 c.
551 4153 577 4207 p.
595 4137 653 4191 493.

258 4221 428 4292 ⁰)Hermog.
447 4225 473 4278 ll
492 4239 518 4292 p.
537 4223 589 4277 136
607 4223 665 4291 8ρ.;
684 4223 828 4279 Fortunat.
847 4238 873 4291 p.
890 4225 925 4277 &l
943 4223 977 4276 ll.

691 4513 896 4524 ——u—
