3522 5248
799 380 842 443 55

205 583 303 658 φηναι,
327 569 347 657 8
361 569 404 645 ῶς
416 576 490 645 τινές
503 594 583 659 φασι,
608 573 702 637 διὰτὸ
717 570 788 653 αἶγα
810 571 951 638 ἀνελόντα
972 577 1026 658 την
1040 576 1092 658 μέν
1110 574 1198 656 δορὰν
1214 571 1434 658 ἀμφιάσασθαι,

204 689 264 751 τοῖς
288 680 319 743 δέ
341 684 457 764 κέρασιν
479 675 520 753 εἰς
534 677 618 751 τόξον
641 681 816 766 χρησασθαι
839 679 910 742 ΑΙ).
950 682 1032 764 παρὰ
1055 683 1087 743 τὸ
1111 678 1159 752 αίξ
1182 677 1267 761 αἰγός
1291 675 1359 764 αἰγί,
1382 683 1435 743 καὶ

204 790 237 850 τὸ
260 784 330 872 ὀχη,
362 787 378 850 8
406 791 539 872 σημαίνει
570 790 623 872 την
654 793 765 874 τροφήν
796 786 860 851 BL.
910 789 991 870 παρὰ
1023 790 1056 851 τὸ
1085 784 1156 872 ὁχη,
1180 788 1353 873 ὃσημαίνει
1383 790 1435 873 την

205 898 385 1022 τμοφην..
490 890 572 958 οὑδὲ
595 891 639 958 ὅτι
669 881 882 980 σκεπαστήριον
912 891 948 979 ην
980 893 1059 978 αὑτῷ
1086 890 1177 974 αἰγὶς,
1207 891 1265 956 ἀπὸ
1292 905 1436 980 κρητικης

205 995 288 1079 αἰγὸς
310 941 463 1088 ληφθεῖσαι
484 999 553 1065 ΕΜ.
599 1001 658 1066 Als
682 999 882 1083 aegishalter
910 998 1035 1066 soheint
1059 998 1119 1065 das
1143 1007 1225 1064 wort
1248 998 1371 1065 οιΙτΙῖῖιῖ
1393 1020 1434 1065 zu

208 1104 313 1170 haben
335 1105 513 1172 Aristarch.
558 1107 671 1190 Μοῖσα,
694 1107 765 1172 Αι.ι
792 1108 864 1174 192.

295 1211 533 1300 ἀγέρωχοι..
558 1211 638 1281 ..8
652 1213 792 1301 Ομηρος
819 1215 888 1287 τοὺς
916 1213 992 1295 ἄγαν
1018 1211 1165 1296 ἐντίμους,
1194 1212 1252 1277 ἀπὸ
1281 1235 1331 1277 του
1358 1211 1436 1292 ἄγαν

205 1317 252 1384 ἐπὶ
278 1341 329 1383 του
352 1325 444 1405 γέρως
467 1265 615 1406 ὀχεῖσὺαι.
663 1320 770 1386 Schol.
794 1319 823 1384 Α
846 1340 886 1384 zu
908 1318 939 1384 K
962 1321 1044 1386 430:
1068 1317 1088 1406 8
1112 1321 1198 1406 διπλη
1222 1318 1266 1384 ἄτι
1288 1315 1323 1384 οὑ
1346 1325 1436 1405 μόνον

205 1423 252 1490 ἐπὶ
274 1423 395 1491 Ροδίων
421 1439 543 1598 χρῆταιἐ
555 1440 597 1512 τῷ
621 1427 775 1514 ἀγέρωχοι,
800 1427 887 1493 ἕνεκα
914 1437 964 1492 τοῦ
984 1427 1103 1512 ἀγείρειν
1126 1431 1178 1513 τἠν
1200 1425 1287 1514 ὅχην,
1309 1431 1436 1492 τουτέστι

204 1537 258 1620 τὴν
284 1533 497 1619 τροφήν,ἀλλ
498 1532 577 1598 ’ἐπὶ
603 1532 714 1600 Μυσῶν
735 1538 789 1599 καὶ
815 1533 939 1620 Τρῴων,
969 1532 1031 1599 οἷον
1057 1539 1225 1620 γεραᾶχων,
1248 1544 1359 1619 σεμνῶν
1381 1537 1435 1598 καὶ

206 1638 334 1726 ἐντίμων.
381 1639 500 1706 Friedl.
532 1640 704 1707 Aristonio.
738 1661 763 1707 s.
797 1644 869 1707 181.
913 1641 1017 1707 Lehrs
1049 1642 1119 1706 Ατ.1
1154 1643 1226 1707 141.
1272 1639 1434 1726 ἀγέρωχος.

205 1747 345 1832 ῥητορικὴ
369 1745 388 1834 8
412 1747 497 1821 λέξις.
542 1755 674 1834 σημαίνει
696 1749 728 1813 δέ
750 1752 799 1813 τὸν
821 1744 952 1834 αὑὺάδη,
975 1752 1056 1833 παρὰ
1078 1751 1111 1812 τὸ
1134 1745 1264 1829 ἄγαν
1233 1759 1343 1834 αυχεῖν.
1381 1744 1433 1834 88

204 1853 315 1940 ἔντιμος
338 1857 391 1918 καί
413 1852 554 1938 ἀνδρεῖος,
578 1858 660 1938 παρὰ
682 1859 714 1919 τὸ
737 1853 814 1935 ἄγαν
837 1866 993 1940 γερουχεῖν.
1040 1851 1133 1928 οὑτως
1157 1854 1269 1940 Ὠρίων.
1304 1902 1344 1918 ..
1370 1906 1377 1921 .
1402 1903 1410 1918 .

204 1957 221 2024 ὁ
244 1959 428 2047 δέὍμηρος
450 1963 517 2036 τοὺς
541 1960 617 2042 ἄγαν
639 1959 778 2049 ἐντίμους,
803 1959 862 2025 ἀπὺ
885 1971 937 2026 τοῦ
960 1959 1036 2042 ἄγαν
1059 1960 1107 2025 ἐπί
1128 1966 1161 2026 τὸ
1184 1966 1272 2046 γέρας
1295 1958 1436 2047 ὀχεῖσθαι

205 2117 213 2130 .
240 2119 247 2135 .
273 2116 280 2131 .
305 2116 312 2131 .
338 2066 405 2132 ἔνιοι
437 2069 468 2132 δὲ
497 2079 553 2132 τῶν
584 2069 822 2155 γλωσσογράφον
852 2065 943 2142 ἰδίους
976 2070 1094 2140 τοίνταυς
1126 2066 1230 2140 ἔδοξαν
1263 2065 1435 2154 ἀγερώχους

204 2175 303 2255 λέγειν,
327 2173 390 2238 ἐπεὶ
411 2187 548 2260 νησιῶται
570 2172 731 2259 ἑπεισάκτιρ
759 2187 853 2263 τροφῇ
882 2187 1026 2261 χρῶνται,
1055 2173 1113 2238 ἀπὸ
1140 2183 1191 2240 τοῦ
1216 2173 1334 2259 ἀγείρειν
1357 2171 1436 2260 ὀχὴν

204 2287 329 2346 τουτέστι
349 2287 469 2368 τρορην.
493 2280 563 2348 ΕΜ.

293 2385 440 2475 αὑίαχοι
471 2393 545 2474 μετὰ
576 2387 669 2476 ἰαχῆς
702 2391 835 2476 μεγάλης
867 2390 927 2473 Ap.
960 2387 1058 2473 Soph.
1088 2409 1113 2453 ιι.
1140 2408 1169 2452 v.
1198 2386 1324 2474 ἄβρομοι
1350 2391 1379 2472 3,
1403 2391 1435 2454 6.

204 2493 365 2578 Dagegen
388 2494 487 2560 Ιοὶῖοιι
510 2494 570 2562 das
594 2501 676 2561 wort
695 2516 759 2561 von
773 2493 868 2583 ίίιχειν
882 2494 978 2582 (παρά
999 2500 1032 2560 τὸ
1055 2493 1134 2560 αᾶειν
1156 2499 1210 2560 καί
1231 2493 1338 2580 ίάχειν)
1355 2494 1436 2560 oder

203 2599 298 2688 ἰαχεῖν
322 2601 411 2686 (ἄγαν
432 2599 601 2689 ἰαχοῶντες)
624 2593 666 2668 ab
690 2601 743 2668 die
768 2603 867 2670 schol.
890 2602 919 2667 A
943 2623 982 2668 zu
1004 2600 1102 2668 Ν41.
1145 2600 1250 2668 Lehrs
1272 2602 1435 2669 Ar.¹147.
1567 2644 1570 2651 -

203 2707 322 2774 Friedl.
345 2709 485 2775 Ariston.
514 2729 539 2776 s.
562 2711 637 2776 215.
682 2709 751 2775 Auf
776 2710 828 2775 ein
851 2715 1134 2793 vorausgesetztos
1162 2708 1308 2793 adjectiv
1332 2707 1434 2796 ίαχός,

206 2815 266 2882 das
289 2815 454 2881 entweder
467 2819 549 2902 παρὰ
570 2820 625 2903 την
645 2816 693 2880 ἴαν
716 2818 732 2882 8
756 2821 890 2903 σημαίνει
910 2822 964 2902 τἠν
988 2822 1087 2904 φωνην
1110 2814 1189 2882 oder
1212 2819 1293 2900 παρὰ
1306 2820 1340 2881 τὸ
1355 2813 1432 2903 ἰαχη

205 2922 382 3008 abgeleitet
405 2923 462 3008 sei,
485 2923 573 2989 fflhrt
596 2923 657 2990 das
680 2930 762 2989 ποεῖ
786 2923 907 2988 zuruok
929 2922 999 2988 EM.

293 3029 451 3105 ἄσκοπος
476 3029 610 3117 ἀνόητος,
632 3034 667 3095 τὸ
691 3031 756 3094 δέον
779 3034 821 3117 μη
845 3041 972 3095 σκοπῶν.
1011 3029 1431 3112 vgl.soh.BMzu9157:

202 3136 346 3214 ἄσκοπος,
371 3139 387 3202 8
410 3139 497 3224 δηλοῖ
518 3141 568 3203 τὸν
591 3141 633 3223 μὴ
656 3147 707 3202 τοῦ
730 3143 927 3224 συμφέροντος
945 3139 1165 3223 προνοοὺμενον.

292 3243 473 3331 ἀμηχανοι
500 3248 640 3330 μηχανὴν
667 3239 722 3309 οὑκ
749 3243 867 3330 ἔχοντες
896 3244 964 3309 οὑδέ
987 3246 1136 3331 βοήθειαν.
1183 3243 1276 3308 Dazu
1300 3265 1340 3309 zu
1362 3265 1432 3310 νοτ·

204 3349 353 3433 gleichen
385 3349 537 3433 folgende
576 3349 651 3417 sehr
685 3351 867 3418 lehn·ei0he
905 3350 1185 3418 Homerseholien:
1218 3372 1256 3416 zu
1288 3349 1319 3415 K
1353 3354 1431 3418 167:

203 3461 275 3541 πρὸς
299 3459 332 3522 ὃν
354 3454 422 3522 οὑδὲ
443 3462 475 3522 τὸ
498 3463 599 3544 γῆράς·
616 3481 641 3522 τι
663 3457 877 3545 έμηχανησατο
897 3508 904 3524 .
924 3508 930 3522 .
951 3508 958 3522 .
980 3507 987 3523 .
1008 3456 1101 3533 οὑτως
1125 3463 1178 3523 καὶ
1199 3457 1247 3523 ἐπὶ
1268 3457 1431 3546 τηςἮρας

203 3562 329 3652 (0,14)
353 3611 361 3628 .
386 3613 394 3630 .
419 3613 426 3628 .
452 3563 587 3651 ἀηττητε,
611 3570 684 3650 πρὸς
707 3566 743 3651 8v
765 3563 848 3631 οὑδέν
871 3565 931 3632 ἔστι
954 3570 1200 3654 μηχανήσασθαι.
1216 3564 1251 3629 Β.
1289 3563 1309 3652 8
1334 3567 1432 3653 διπλῆ,

203 3669 245 3736 ὅτι
271 3670 430 3758 ἀμήχανος
458 3673 509 3738 δὺο
538 3677 684 3758 σημαίνει,
714 3672 744 3737 έν
771 3677 822 3757 μέν
850 3671 1003 3760 ἀνίκητος,
1032 3673 1063 3737 ἓν
1091 3674 1121 3737 δὲ
1145 3672 1208 3737 ἀντὶ
1229 3682 1279 3736 του
1302 3677 1375 3756 πρὸς
1400 3675 1432 3738 ὃν

198 3775 258 3843 οὑκ
275 3777 335 3844 ἔστι
357 3783 498 3865 μηχανὴν
520 3774 617 3863 εὑρεῖν.
642 3778 707 3842 ΑΒ.
750 3799 789 3844 zu
813 3777 848 3862 0,
875 3781 929 3845 14:
953 3777 973 3866 8
997 3781 1093 3866 διπλῆ,
1117 3778 1159 3844 ὅτι
1181 3781 1233 3843 δὺο
1256 3785 1388 3865 σημαίνει
1411 3777 1431 3866 8

201 3885 291 3969 λέξις,
319 3884 384 3972 ἤτοι
411 3889 453 3971 μὴ
482 3887 624 3972 δυναμένη
652 3889 793 3972 μηχανὴν
819 3881 922 3970 εὑρεῖν,
950 3884 970 3972 8
993 3889 1066 3970 πρὸς
1093 3886 1130 3972 ἢν
1157 3882 1212 3949 οὑκ
1239 3885 1299 3950 ἔστι
1326 3908 1430 3972 μηχα-

201 3995 359 4080 νήσασθαι.
382 3993 419 4057 Α.
465 4012 504 4057 zu
519 3990 547 4056 Π
563 3994 621 4059 29:
645 3990 665 4079 8
690 3994 787 4078 διπλη,
811 3991 852 4058 ὅτι
874 4002 923 4058 νῶν
947 3991 1118 4080 ἀμήχανος,
1142 3996 1215 4076 πρὸς
1238 3993 1270 4056 ὃν
1293 3989 1348 4056 οὑκ
1371 3991 1431 4058 ἔστι

203 4101 449 4186 μηχανήσασθαι,
473 4096 528 4165 οὑκ
550 4096 638 4172 αὑτὸς
662 4103 704 4186 μὴ
720 4099 877 4186 δυνάμενος
904 4101 1142 4187 μηχανήσασθαι
1163 4099 1201 4164 Α.
1234 4097 1430 4187 ἀπροσμᾶχη·

200 4229 261 4290 τος,
284 4210 357 4290 πρὸς
381 4207 414 4271 ὃν
436 4203 491 4270 οὑκ
514 4205 573 4271 ἔστι
596 4211 736 4293 μηχανὴν
758 4202 847 4290 εὑρεῖν
869 4205 932 4272 BL.
970 4206 1073 4272 Lehrs
1099 4207 1170 4273 Ar.¹
1198 4208 1268 4272 149.

291 4312 490 4399 ἀκρόκομοι
518 4311 545 4377 οἱ
572 4320 645 4399 μήτε
676 4325 823 4399 κομῶντες
852 4320 924 4400 μήτε
952 4313 1165 4400 ἀπεψιλωμένοι
1190 4317 1242 4398 τἠν
1269 4318 1380 4400 κόμην,
1408 4314 1429 4402 8

200 4433 348 4506 κομῶντες
376 4423 515 4486 κατὰτὸ
543 4419 643 4504 ἄκρον.
691 4419 763 4485 Sch.
791 4419 821 4484 D
846 4440 885 4485 zu
908 4419 932 4482 Δ
956 4421 1036 4485 533:
1061 4419 1126 4505 ἄγεσι
1152 4418 1252 4503 ἄκρως
1280 4431 1429 4505 κομῶντες

201 4525 221 4614 8
245 4525 272 4591 οἱ
295 4532 337 4614 μη
361 4539 508 4615 κομῶντες
531 4525 607 4608 ἄγαν
630 4532 702 4614 μητε
725 4529 811 4592 πάλιν
834 4525 1005 4613 ἐψιλωμένα
1027 4532 1081 4612 τὴν
1103 4527 1244 4614 κεφαλήν.
1273 4525 1348 4590 EM:
1365 4526 1430 4614 ἄρτοι

201 4633 391 4722 ἀκειρόκομοι
413 4633 434 4721 8
456 4634 556 4718 ἄκρως
579 4646 726 4720 κομῶντες
750 4633 770 4719 8
794 4631 821 4698 οἱ
844 4639 1015 4720 συμμέτρως
1036 4643 1089 4698 τοῦ
1112 4643 1210 4720 κομᾶν
1232 4633 1360 4720 ἔχοντες.
