3546 5236
944 377 1002 436 122

356 585 446 649 opere
469 567 660 650 cottapernct,
689 575 821 632 ceteram
844 571 898 632 toti
919 569 1066 633 nondinis
1089 570 1279 634 lavabantur.
1317 570 1372 633 toa
1401 569 1465 634 loco
1488 571 1589 633 dicere

356 672 424 735 lieet
445 675 586 757 aliquoi
609 672 671 758 (sio
686 674 811 758 scripsi,
835 676 936 739 liceret
958 677 1060 758 aliquo
1083 674 1211 758 PPr.b‚
1235 695 1264 738 v.
1280 673 1451 740 Chatelain
1468 696 1497 759 p.
1515 677 1589 758 154,

357 779 435 842 diret
457 781 598 863 alimentis
620 780 652 844 M
667 801 706 846 m.
727 779 781 865 l.):
806 783 897 864 liquet
918 783 993 845 mter
1015 783 1265 846 inremedireiome
1281 785 1393 864 fumea.

446 905 509 950 uno
533 886 604 951 loco
628 890 737 971 quotue
760 907 844 953 nuuc
866 877 1059 971 restituitur,
1088 889 1142 971 qui
1171 888 1218 954 sic
1246 889 1384 972 scriptus
1413 897 1465 954 est
1487 890 1519 954 in
1544 889 1588 954 N:

446 992 487 1056 de
511 993 690 1060 benetvss
708 997 757 1078 19,
782 997 815 1059 l:
840 997 1031 1078 proponenti
1054 998 1134 1060 eninr
1157 997 1231 1059 milri
1249 997 1387 1078 ptulnrit
1410 1005 1438 1060 et
1462 996 1523 1075 (sie
1548 997 1588 1070 N,

358 1099 390 1162 in
408 1101 564 1183 plrulnrim
588 1109 617 1165 et
643 1100 779 1165 mutarit
805 1121 835 1186 p.
859 1121 885 1166 c.
910 1108 942 1167 et
964 1122 1004 1166 m.
1028 1103 1059 1170 2.
1094 1098 1134 1188 [r.
1161 1121 1260 1187 supra
1283 1123 1313 1186 p.
1341 1099 1402 1188 17],
1437 1102 1522 1185 quod
1558 1108 1591 1168 et

358 1206 464 1290 ipsum
491 1207 519 1270 R
547 1206 657 1286 habet)
689 1217 854 1291 tyrannum
889 1209 948 1286 (sio
975 1207 1012 1292 R,
1040 1217 1222 1292 tprrurnmrn
1250 1209 1288 1291 N,
1321 1208 1380 1274 sed
1407 1210 1549 1293 priorem
1572 1233 1591 1272 r

357 1311 478 1378 lineola
502 1314 633 1398 obliqua
657 1314 818 1381 transfixit
837 1336 868 1399 p.
884 1320 922 1397 c.)
947 1338 1102 1400 quornm
1124 1319 1152 1380 si
1173 1324 1319 1382 naturam
1340 1319 1424 1380 intre
1446 1340 1479 1381 ee
1501 1317 1591 1382 tubat

358 1421 467 1500 mulos,
492 1424 598 1506 qntdcr'
621 1445 673 1505 epo
697 1425 748 1487 tert
771 1424 948 1505 bermfim'nm
975 1445 1066 1487 enam
1092 1425 1229 1503 reddam,
1257 1445 1296 1488 ne
1324 1425 1398 1508 qnid
1423 1427 1498 1488 milri
1521 1445 1590 1486 rum

357 1527 409 1592 illo
445 1531 525 1592 iaris
561 1532 602 1594 eit
637 1531 788 1613 emptast
846 1551 976 1614 qrmrnm
1010 1529 1109 1612 igitur
1141 1529 1173 1594 in
1206 1533 1314 1614 quodne
1347 1531 1464 1596 mutari
1494 1530 1590 1596 iussit

361 1631 519 1699 Gertzius.
566 1635 656 1718 atqui
680 1635 774 1702 huius
799 1635 921 1702 formae
945 1636 1095 1720 exempla
1118 1635 1259 1720 Augusti
1281 1636 1383 1703 aetati
1407 1636 1590 1720 posteriora

359 1739 413 1804 vix
437 1740 696 1820 invenienturllt.
730 1763 825 1827 porro
850 1763 921 1808 cnm
945 1743 977 1807 in
1002 1743 1116 1808 eodem
1138 1743 1201 1808 hoc
1225 1743 1332 1827 capite
1358 1746 1390 1823 (ξ
1410 1747 1442 1816 tr)
1463 1743 1590 1808 Seneca

360 1845 490 1912 dixerit:
524 1851 578 1914 sed
598 1854 703 1933 ferne,
733 1853 787 1915 red
812 1853 972 1932 immanis,
1006 1854 1104 1936 qualis
1131 1851 1337 1935 Apollodorus
1364 1859 1418 1915 aut
1445 1853 1591 1915 Phalaris

361 1959 393 2018 et
417 1953 531 2020 iisdem
556 1955 623 2021 lere
646 1956 755 2023 verbis
779 1956 820 2022 de
843 1957 892 2021 ira
916 1957 948 2021 Π
971 1960 1001 2042 5,
1028 1961 1060 2024 1:
1090 1960 1189 2042 podir
1210 1961 1278 2042 suit
1304 1958 1509 2041 Apollodorus
1536 1965 1592 2022 nat

359 2061 517 2143 Platoris,
559 2063 659 2128 multo
697 2063 898 2147 probabilius
939 2064 1142 2140 Erasmus²³t
1185 2065 1219 2129 in
1260 2063 1403 2130 editione
1445 2062 1591 2130 secunda

361 2171 505 2255 scripsit:
529 2175 603 2236 oniti
619 2173 885 2257 <Aprrllodornrn
906 2180 985 2250 cl>
1002 2175 1152 2237 Phalarin
1166 2182 1340 2255 tyrannam.
1365 2180 1457 2255 patet
1472 2179 1590 2252 tamem

362 2297 432 2342 cum
457 2277 490 2341 in
504 2279 563 2343 NR
584 2286 660 2363 post
677 2282 832 2364 ptulurn'm
856 2279 972 2345 vocula
987 2288 1014 2344 et
1029 2279 1159 2346 adiecta
1175 2279 1226 2360 sit,
1250 2279 1411 2344 inversum
1427 2278 1590 2342 nominum

360 2383 505 2450 ordinem
529 2387 680 2451 Phalarin
702 2396 730 2451 et
746 2388 1058 2472 (Apollodorum)
1084 2385 1329 2471 praeferendum
1356 2405 1438 2450 esse.
1471 2384 1590 2450 deinde

362 2490 448 2572 quod
463 2491 506 2556 ad
520 2493 713 2558 vocabulum
728 2502 891 2578 tyrannum
907 2494 1030 2578 attinet,
1045 2492 1079 2557 id
1093 2502 1150 2558 ant
1164 2494 1205 2557 ab
1220 2493 1291 2578 ipso
1303 2492 1429 2558 Seneca
1443 2490 1590 2556 additum

363 2604 421 2680 est,
445 2605 480 2662 ut
503 2605 673 2683 tyrannum
697 2600 739 2664 ab
763 2599 838 2666 aliis
861 2599 1070 2684 Apollodoris
1094 2599 1370 2683 distingueretfl),
1401 2607 1458 2663 aut
1480 2637 1525 2644 -
1548 2595 1590 2662 ad

363 2723 460 2785 quam
483 2706 676 2771 sententiam
704 2708 809 2790 magis
838 2706 956 2772 inclino
981 2745 1024 2752 -—
1049 2727 1069 2772 a
1097 2707 1207 2772 nescio
1237 2725 1299 2790 qno
1327 2705 1464 2790 primum
1492 2723 1590 2790 snpra

363 2809 525 2896 scriptum,
550 2811 668 2878 deinde
684 2834 703 2877 a
718 2813 850 2878 librario
866 2813 975 2897 aliquo
990 2833 1162 2899 perperam
1177 2813 1210 2878 in
1225 2814 1404 2878 orationem
1417 2819 1590 2898 receptum,
1610 2902 1614 2909 Ι

362 2916 445 2982 sieut
461 2939 511 3002 ep.
526 2940 602 2985 mor.
616 2921 680 2986 XX
695 2923 724 3003 3,
740 2925 760 2988 6
776 2920 808 2986 in
824 2920 977 2988 codiceF
996 2921 1081 2986 infra
1096 2941 1211 2986 nomen
1223 2924 1315 3004 pyrri
1328 2920 1520 2985 vocabulum
1534 2940 1591 2983 ren

363 3024 516 3109 scriptum
533 3026 738 3111 sinemuro,
753 3027 905 3096 adMarc.
920 3031 969 3112 13,
979 3031 1001 3094 3
1013 3036 1089 3112 post
1103 3047 1218 3094 nomen
1228 3031 1344 3092 Persen
1359 3027 1494 3092 etiamA
1510 3025 1591 3090 haee

360 3129 472 3196 habet:
497 3135 593 3198 incliti
615 3139 695 3218 repis
717 3158 837 3216 noorai,
863 3156 947 3218 quae
971 3137 1035 3200 iam
1051 3135 1226 3201 Pincianus
1242 3133 1375 3219 expulit,
1399 3133 1478 3198 alibi
1502 3131 1588 3197 deni-

362 3258 423 3319 qne
456 3251 534 3305 nota
556 3264 628 3328 pro,
660 3243 679 3306 i.
708 3262 735 3307 e.
753 3248 918 3327 proprium
941 3265 1060 3326 nostran,
1090 3241 1212 3308 similes
1240 3243 1351 3306 turbas
1376 3237 1587 3320 excitavit²⁶).

362 3344 447 3427 quod
472 3347 499 3412 si
525 3347 577 3412 hic
600 3369 726 3432 quoque
751 3350 948 3434 factumest,
972 3350 1078 3435 ipsum
1093 3369 1209 3413 nomen
1225 3348 1434 3434 explicationi
1450 3345 1589 3412 cessisse

360 3459 460 3535 patet.
513 3455 686 3538 sicigitur
714 3457 796 3522 huno
826 3457 931 3522 locum
959 3457 1134 3522 constituo:
1169 3457 1353 3552 Phalarin
1381 3462 1413 3518 et
1444 3455 1588 3538 Apollo-

360 3561 489 3625 dorum
514 3559 712 3652 [tyremnnn]7
737 3587 889 3648 anrrom
911 3569 940 3629 ri
961 3575 1107 3630 notarum
1129 3568 1212 3629 intro
1226 3586 1259 3628 se
1272 3564 1359 3627 tubat
1372 3564 1472 3626 molus
1487 3580 1514 3625 e.
1524 3581 1554 3642 q.
1565 3579 1589 3622 s.

455 3757 490 3826 ¹¹)
509 3778 535 3813 v.
545 3761 652 3816 Neuius
661 3762 688 3815 ΙΙ
698 3761 750 3814 227
765 3766 794 3816 et
807 3762 1000 3826 Mommsenue‚
1016 3762 1089 3813 aaa
1103 3760 1325 3827 Srpulrralrrden
1340 3758 1369 3810 in
1384 3754 1587 3811 commentatio·

361 3849 443 3904 nibus
467 3851 624 3906 academiae
647 3851 805 3906 litterarum
828 3851 1011 3906 Berolincnsis
1035 3850 1101 3904 anni
1125 3850 1191 3903 1863
1214 3867 1241 3918 p.
1261 3849 1322 3903 465.
1358 3847 1472 3916 excipio.
1492 3850 1524 3900 ut
1542 3861 1590 3915 por

362 3943 412 4002 est,
432 3940 598 3995 Frontonem
616 3940 774 4008 similesque
793 3941 944 4010 scriptores.

454 4026 489 4094 ”t
508 4029 581 4084 idem
600 4031 629 4084 in
649 4030 740 4084 codice
758 4030 904 4084 Henlrieno
922 4029 1072 4084 recentiore
1090 4028 1156 4098 legi,
1175 4046 1239 4082 cum
1258 4027 1400 4081 Fickertus
1419 4025 1478 4079 eius
1496 4027 1587 4080 notam

361 4118 468 4173 uncinis
486 4119 628 4188 empserit,
647 4123 754 4173 certum
771 4137 826 4173 non
846 4123 895 4174 est.

454 4205 489 4275 ¹⁴)
508 4209 601 4262 obstat
629 4209 701 4276 quod
725 4208 830 4262 duobus
852 4207 919 4262 locis
940 4225 1024 4276 supra
1047 4207 1141 4262 nllatie
1166 4207 1216 4260 hoc
1244 4203 1426 4260 necessarium
1455 4219 1509 4256 non
1535 4215 1588 4256 eree

362 4295 474 4361 putavit
492 4298 601 4353 Seneca.

454 4386 489 4456 ²⁶)
508 4387 549 4442 ed.
569 4388 719 4442 Buecheler
738 4405 765 4456 p.
785 4388 828 4454 61,
847 4388 871 4440 8.

453 4475 488 4542 ²⁰)
507 4497 533 4533 v.
549 4496 575 4547 p.
593 4477 625 4531 18
640 4477 703 4531 adn.
721 4478 761 4530 14.
789 4476 918 4531 similiter
936 4475 1089 4540 Pstllr'rtne,
1109 4473 1183 4542 quod
1201 4490 1243 4542 ep.
1257 4471 1361 4526 mor.V
1381 4471 1469 4534 11‚13
1488 4469 1587 4524 codices

362 4570 429 4622 Aet
443 4569 537 4638 Arg.b
561 4585 609 4637 pro
629 4563 738 4636 ptem
757 4565 887 4635 praebere
905 4583 988 4634 supra
1007 4569 1043 4634 (p.
1058 4565 1103 4629 57)
1127 4563 1193 4626 dixi,
1218 4580 1251 4618 ex
1270 4563 1394 4626 stilistas,
1418 4577 1502 4628 snpra
1520 4553 1587 4626 quod

357 4677 412 4727 pro
431 4657 591 4726 compendio
610 4661 676 4710 noto
694 4655 828 4724 scriptum
848 4658 891 4720 (=
903 4654 1055 4723 proprium)
1074 4655 1228 4722 legebatur,
1248 4656 1339 4706 ortum
1358 4667 1415 4704 esse
1435 4653 1511 4718 puto.
