3514 5244
666 401 867 494 Α,

151 591 367 656 vetustissimi
390 590 531 674 vestigia
555 591 651 657 anxie
674 599 830 676 premunt,
854 591 1024 658 molestam
1040 591 1185 656 Senecae
1209 593 1387 657 orationem

152 696 375 763 reddiderunt.
421 697 535 764 similis
558 697 649 764 locus
674 704 724 764 est
748 718 798 783 ep.
822 718 899 764 mor.
922 699 951 763 V
974 703 1004 782 3,
1028 702 1056 766 6.

246 822 311 887 iam
335 821 490 888 satiabis
518 823 688 908 probatam
721 842 794 889 csse
827 831 905 907 puto
937 822 1059 889 codicis
1087 824 1113 887 P
1142 823 1386 907 praestantiam.

152 949 260 1012 neque
294 929 378 994 enirn
411 950 450 994 eu
483 929 511 992 A
544 949 616 994 eum
649 928 783 995 fluxisse
810 929 948 1015 primum
978 951 1018 996 ex
1046 929 1112 995 illis
1134 930 1215 995 locis
1238 936 1386 1016 apparet,

153 1055 289 1118 quorum
314 1057 354 1102 ea
377 1036 459 1100 ratio
484 1041 541 1120 est,
565 1042 600 1100 ut
622 1037 740 1120 partim
764 1036 957 1102 coniecturis
979 1037 1034 1101 vix
1058 1056 1198 1119 unquam
1220 1035 1383 1102 emendari

153 1143 331 1228 potuerint,
363 1144 481 1227 partim
513 1164 533 1208 a
560 1143 638 1208 viris
662 1143 794 1208 criticae
818 1141 1020 1208 factitandae
1043 1143 1250 1228 peritissimis
1275 1143 1382 1209 sanati

154 1248 229 1315 sint.
275 1269 369 1334 porro
403 1248 525 1333 dialogi
558 1249 623 1314 alio
655 1248 767 1316 ordine
797 1250 829 1314 in
857 1251 883 1314 P
907 1249 1059 1334 dispositi
1083 1257 1157 1316 sunt
1180 1257 1213 1316 et
1235 1250 1317 1315 liber
1340 1249 1382 1316 de

153 1357 315 1421 brevitate
338 1356 426 1422 vitae
450 1364 482 1422 et
505 1356 745 1422 consolationes
768 1355 812 1420 ad
835 1356 1005 1442 Polybium
1030 1365 1063 1422 et
1086 1355 1130 1421 ad
1145 1357 1294 1422 Helviam
1318 1377 1382 1422 om·

155 1463 232 1528 nino
256 1461 382 1528 desunt.
428 1462 567 1546 denique
591 1463 712 1528 omissa
741 1469 815 1528 sunt
841 1463 914 1528 libri
948 1464 989 1532 de
1022 1464 1258 1546 tranquillitate
1287 1463 1386 1528 animi

156 1570 267 1653 capita
291 1568 354 1634 duo
379 1577 530 1638 extrema.
566 1569 601 1633 id
625 1569 711 1652 quod
734 1589 798 1634 non
821 1569 854 1634 in
868 1571 894 1634 P
909 1571 1011 1656 primo
1032 1570 1153 1636 facturn
1168 1590 1241 1636 esse
1255 1569 1386 1636 adiecta

159 1675 399 1760 subscriptione
422 1679 564 1763 Eapb'cit
587 1676 791 1762 perspicitur.
833 1677 940 1744 iubis
969 1677 1067 1760 igitur
1095 1677 1255 1762 partibus,
1283 1675 1387 1743 donec

157 1803 197 1848 eu
237 1782 503 1848 bibliothecarum
536 1783 678 1848 tenebris
715 1783 829 1848 tertius
862 1783 944 1849 liber
977 1791 1121 1866 emergat
1155 1784 1286 1849 saeculo
1309 1783 1386 1848 XIV

156 1890 316 1955 vetustior
343 1890 458 1955 ethos
487 1909 613 1972 quoque
638 1890 737 1955 libros
762 1891 963 1976 complexus,
986 1899 1116 1976 praeter
1138 1890 1167 1954 A
1190 1891 1386 1957 recentiores

156 1995 206 2061 illi
229 1994 405 2060 adhibendi
429 2003 530 2064 erunt.
582 2016 716 2078 quorum
749 2017 821 2061 cum
852 2017 976 2082 paucos
1008 1997 1179 2062 Fickertus
1207 1997 1387 2082 contulerit,

157 2103 375 2187 maximopere
390 2101 566 2188 optandum
586 2111 644 2186 est,
665 2111 701 2168 ut
719 2124 814 2187 quam
830 2105 959 2188 plurimi
973 2103 1147 2187 diligenter
1163 2104 1387 2171 examinentur

158 2230 339 2294 eorumque,
355 2230 436 2294 quos
450 2210 589 2276 maxime
607 2210 726 2276 liberos
742 2211 784 2276 ab
799 2211 1104 2296 interpolationibus
1118 2231 1191 2278 esse
1206 2213 1385 2298 apparebit,

158 2317 338 2402 scripturae
363 2316 583 2402 discrepantia
606 2318 702 2402 plene
726 2325 882 2383 enotetur.
939 2317 1025 2401 quod
1056 2318 1221 2402 negotium
1253 2327 1385 2404 propter

163 2424 513 2510 impudentissimorum
564 2424 848 2510 interpolationum
894 2424 1127 2490 abundantiam
1164 2434 1196 2490 et
1235 2446 1387 2508 magnum

162 2530 308 2596 codicum
332 2553 496 2598 numerum
522 2532 603 2598 satis
627 2531 761 2598 difficile
785 2540 817 2598 et
840 2531 941 2597 taedii
970 2531 1101 2616 plenum
1129 2551 1201 2597 cum
1233 2531 1310 2596 mihi
1344 2532 1387 2598 ad

158 2637 254 2703 linem
277 2638 455 2724 perducere
479 2659 542 2704 non
565 2639 706 2724 licuerit,
730 2639 835 2704 fructu
859 2659 923 2704 non
947 2659 1058 2704 carere
1082 2658 1144 2703 uno
1169 2639 1316 2725 exemplo
1332 2638 1386 2705 de·

158 2746 352 2812 monstrabo.

248 2877 339 2934 extat
362 2870 395 2934 in
418 2869 615 2936 bibliotheca
639 2870 797 2954 Parisina,
821 2890 905 2954 quae
929 2870 971 2935 ab
995 2871 1243 2936 armamentario
1271 2891 1388 2936 nomeu

163 2977 291 3060 accepit
314 2979 549 3066 (Bibliotblpue
573 2981 612 3044 do
636 2979 655 3040 l·
670 2979 836 3062 Aratum),
860 2976 963 3042 codex
978 2977 1244 3043 membranaceus
1259 2977 1331 3043 libri
1347 2977 1388 3044 da

160 3081 365 3166 providentia
389 3091 421 3147 et
444 3083 700 3148 oonsolatiouum
724 3082 768 3148 ad
791 3083 941 3148 Helviam
965 3091 997 3148 ct
1020 3082 1064 3148 ad
1080 3084 1250 3168 Polybium
1272 3085 1385 3150 missa·

160 3209 227 3254 rum
253 3189 383 3254 saeculo
406 3189 467 3254 XV
500 3189 640 3274 scriptus
665 3198 697 3255 et
730 3189 813 3256 inter
837 3189 975 3272 codices,
1008 3191 1063 3273 qui
1096 3189 1140 3254 ad
1171 3197 1326 3258 scientiae
1360 3203 1388 3258 ct

160 3302 245 3362 ortes
262 3297 399 3362 Lucrinus
424 3303 581 3380 spectant
605 3315 736 3362 numero
761 3299 802 3362 28
823 3297 979 3379 signatus.
1026 3296 1082 3378 qui
1096 3317 1290 3380 quamquam
1313 3298 1386 3364 reli-

161 3403 232 3486 quis
255 3403 309 3467 vix
333 3403 446 3468 melior
471 3411 529 3488 est,
552 3403 613 3470 boc
636 3411 744 3470 tamen
769 3404 933 3487 singulare
948 3403 1055 3488 babet,
1079 3403 1166 3488 quod
1189 3405 1221 3468 in
1235 3404 1387 3486 margini-

161 3511 220 3576 bus
254 3510 388 3575 duorum
420 3510 561 3595 priorum
595 3511 746 3576 librorum
779 3510 1003 3595 discrepantes
1037 3510 1198 3594 quaedam
1231 3511 1387 3578 lectiones

162 3617 347 3701 adscriptae
363 3627 437 3684 suut
452 3624 484 3683 et
498 3616 584 3701 quod
598 3639 629 3702 p.
644 3621 718 3702 392,
745 3622 783 3684 17
805 3617 842 3684 G.
864 3617 1116 3703 interpolatione
1135 3617 1193 3682 illa
1208 3625 1305 3702 caret,
1322 3638 1387 3702 qua

161 3723 257 3788 etiam
281 3724 313 3788 in
338 3725 367 3788 A
390 3723 433 3788 ad
456 3744 571 3790 nomen
601 3728 666 3791 ·G·
694 3749 806 3792 caesor
830 3745 1008 3808 cognomen
1032 3736 1218 3811 copertos
1242 3724 1387 3810 adscrip-

161 3840 225 3895 tum
250 3830 359 3916 estfl)
411 3831 445 3895 id
469 3838 577 3897 tamen
599 3831 739 3897 maxime
763 3832 796 3896 in
819 3831 870 3898 bis
893 3832 985 3898 libris
1017 3832 1125 3897 caveri
1157 3839 1190 3897 et
1227 3831 1323 3896 debet
1356 3840 1389 3899 et

163 3945 278 4022 potest,
303 3936 430 4003 dicendi
456 3958 575 4021 genere
592 3939 769 4004 Annaeano
803 3937 976 4022 diligenter
1005 3940 1177 4006 observato
1206 3947 1239 4004 et
1261 3947 1388 4005 senten-

251 4131 286 4198 Π)
305 4137 416 4202 propter
439 4135 566 4188 voculam
590 4135 741 4203 proximam
761 4153 837 4203 quem
860 4135 889 4188 in
913 4135 1004 4190 codice
1024 4137 1123 4189 Gaium
1145 4137 1286 4189 Caesarem
1305 4136 1386 4204 scrip

161 4227 220 4276 tum
240 4226 289 4276 est.
327 4227 448 4277 oeternum
468 4223 530 4277 aliis
554 4241 663 4291 quoque
688 4223 948 4292 interpolationibus
972 4226 996 4278 A
1019 4224 1183 4294 deturpatus
1208 4229 1257 4278 est.
1300 4227 1387 4279 mani·

161 4313 230 4364 leste
248 4311 355 4379 profero
374 4312 499 4380 exempla
518 4313 597 4366 haec:
618 4331 643 4380 p.
663 4315 706 4377 94,
726 4316 741 4365 5
758 4316 960 4381 praedonem
988 4313 1109 4382 positunr
1127 4317 1169 4368 est
1188 4331 1236 4382 pro
1255 4314 1388 4368 vocabulo

158 4403 369 4468 praeclamet
392 4401 452 4465 171,
472 4402 505 4454 21
525 4405 554 4455 et
572 4401 633 4464 aut,
654 4402 669 4454 7
694 4417 773 4455 voces
797 4401 910 4456 rariores
934 4404 1060 4457 clavum
1087 4405 1116 4457 et
1143 4404 1388 4457 erubescentiae

161 4489 212 4550 (ita
239 4489 348 4557 scripsit
381 4489 551 4556 Madvigiusl
580 4494 718 4544 cesserunt
745 4491 907 4560 vulgaribus
935 4509 1048 4545 nauem
1075 4495 1104 4545 et
1132 4493 1386 4547 adulescentiae.

161 4595 328 4646 quamquam
348 4583 442 4632 autem
461 4579 561 4633 ultimo
580 4579 637 4633 loco
661 4579 782 4634 dubitari
806 4585 911 4648 potest,
935 4579 1002 4648 quid
1024 4597 1073 4649 pro
1100 4597 1166 4635 voce
1194 4583 1389 4636 adulescentiae

162 4667 383 4721 substituendum
403 4668 447 4732 sit,
467 4668 664 4737 interpolatam
684 4686 744 4723 eam
764 4685 821 4724 erse
840 4668 1023 4724 certissimum
1037 4675 1086 4724 eet.
