3568 5238
967 438 1007 499 66

978 523 1095 530 .—-—·

383 661 536 724 familiam
558 661 697 744 Hypsaei
725 671 756 724 et
785 662 821 740 ll.
845 661 984 745 Pompeii
1006 662 1177 744 postulavit
1193 709 1300 723 .....
1344 661 1523 725 Adfuerunt
1544 662 1602 724 Mi-

382 764 443 828 loni
467 763 503 841 Q.
527 763 722 840 Hortensius,
746 765 788 828 M.
808 765 923 838 Cicero,
947 765 989 828 M.
1013 763 1193 840 Marcellus,
1217 765 1259 828 M.
1284 763 1433 828 Calidius,
1457 764 1499 826 Μ.
1515 764 1601 836 Cato,

382 867 519 930 Faustus
544 866 640 947 Sylla.
687 866 790 930 Verba
812 886 913 949 pauca
936 866 971 946 Q.
995 868 1182 932 Hortensius
1207 869 1310 950 (feeit)
1328 867 1467 946 dixitque
1488 867 1601 930 hberos

382 988 450 1032 esse
474 988 535 1040 eos,
559 969 612 1050 qui
635 988 690 1050 pro
714 970 811 1033 servis
834 970 1081 1052 postularentur;
1105 989 1179 1034 nam
1201 974 1274 1051 post
1295 971 1452 1033 recentem
1476 969 1602 1033 caedem

321 1133 324 1144 ,
382 1089 478 1134 manu
509 1071 675 1154 miserat1)
707 1090 758 1134 eos
787 1071 862 1135 Milo
891 1074 948 1136 sub
976 1073 1035 1137 hoc
1063 1073 1171 1145 titulo,
1206 1072 1288 1153 quod
1312 1075 1407 1154 caput
1429 1091 1521 1135 suum
1543 1073 1601 1136 ulti

382 1177 496 1238 essent.
541 1173 628 1237 Haec
651 1175 825 1255 agebantur
848 1193 956 1239 mense
979 1175 1177 1239 intercalari'

468 1277 563 1340 Porro
596 1278 750 1340 Asconius
774 1275 817 1359 (p.
848 1279 897 1354 31,
930 1279 1069 1356 17-273
1098 1280 1149 1354 33,
1174 1279 1313 1356 22-25)
1347 1277 1445 1341 ‘actis'
1475 1278 1603 1342 edoctus

382 1379 495 1443 dixisse
505 1380 628 1443 videtur
639 1385 767 1443 senatus
783 1381 924 1444 consulto
931 1380 1115 1464 Pompeium
1128 1383 1165 1444 ah
1178 1381 1333 1460 interrege
1344 1378 1450 1443 Servio
1466 1379 1603 1462 Sulpicio

382 1481 419 1544 V.
436 1482 507 1544 Kal.
527 1482 619 1545 Mart.
635 1501 744 1546 mense
768 1483 965 1547 intercalario
992 1484 1154 1548 consulem
1176 1485 1317 1547 creatum
1343 1501 1411 1546 esse
1433 1483 1603 1563 statimque
1735 1505 1736 1510 ¹

383 1585 581 1648 consulatum
596 1586 712 1660 iniisse,
736 1585 846 1649 deinde
858 1589 929 1668 post
940 1587 1022 1650 diem
1038 1587 1167 1684 tertium
1183 1586 1262 1649 duas
1286 1585 1371 1666 leges
1392 1603 1428 1648 ex
1445 1584 1474 1648 S.
1491 1584 1604 1667 C.pro·

383 1688 560 1767 mulgasse,
593 1689 725 1751 alteram
749 1688 786 1751 de
810 1690 847 1763 vi,
883 1689 1015 1752 alteram
1045 1689 1082 1751 de
1107 1689 1237 1752 ambitu.
1293 1686 1411 1766 Quodsi
1443 1688 1605 1768 negaverit

260 1831 263 1835 -
384 1789 541 1871 quispiam
564 1790 766 1854 scholiastam
790 1791 828 1854 de
852 1791 900 1853 his
924 1791 1017 1854 rebus
1041 1793 1130 1856 ‘acta'
1155 1789 1280 1863 adiisse,
1303 1807 1376 1852 cum
1399 1793 1447 1868 lut
1466 1789 1526 1853 Dic
1547 1790 1604 1853 XL

384 1892 423 1954 50
446 1911 513 1973 sqq.
539 1898 571 1955 et
602 1893 791 1957 Plutarchus
820 1895 871 1956 vit.
896 1893 1004 1975 Pomp.
1038 1913 1064 1957 c.
1098 1896 1153 1966 54;
1186 1893 1239 1957 vit.
1262 1891 1371 1956 Coton.
1394 1892 1470 1955 min.
1504 1911 1529 1956 o.
1562 1893 1602 1954 47

384 1996 568 2074 ostendunt)
590 1995 720 2059 annales
743 1997 798 2060 illa
821 1995 852 2059 S.
876 1996 910 2061 C.
939 1997 1015 2060 satis
1039 1997 1108 2060 luse
1132 1995 1354 2070 enarraverint,
1378 1998 1482 2058 minen
1510 1997 1603 2058 ‘acta'

384 2117 506 2180 (quoque
530 2117 548 2161 a
571 2097 730 2162 Ciceronis
753 2099 921 2180 interprete
952 2119 1020 2162 esse
1044 2099 1185 2162 adhibita
1206 2101 1372 2181 propterea
1392 2100 1492 2171 tenes,
1519 2097 1604 2178 quod

382 2201 440 2276 bis,
465 2219 525 2282 quc
549 2201 597 2264 die
621 2201 745 2281 singula
767 2200 852 2264 facta
874 2202 946 2276 sint,
970 2202 1203 2266 accuratissime
1227 2201 1371 2265 traditur.

469 2301 593 2377 Contra,
617 2322 696 2383 quae
719 2307 946 2367 commentator
969 2307 1012 2386 (p.
1037 2305 1087 2378 32,
1112 2305 1250 2382 12-27)
1274 2304 1415 2368 exhibet:
1439 2299 1517 2367 6(Τ.)
1535 2302 1606 2367 Mu-

293 2471 297 2482 ,
382 2406 488 2468 natiue
511 2405 649 2468 Plancus
672 2409 710 2467 tr.
735 2405 778 2488 pl.
800 2407 988 2488 produxerat
1010 2408 1043 2470 in
1067 2407 1245 2470 contionem
1269 2406 1311 2469 Μ.
1336 2407 1507 2470 Aemilium
1530 2405 1606 2468 Phi-

382 2507 553 2582 lemouem,
576 2510 686 2571 notum
709 2508 885 2584 hominem,
917 2510 1065 2572 libertum
1091 2509 1134 2572 Μ.
1157 2509 1281 2591 Lepidi,
1312 2507 1399 2589 <quil
1423 2527 1457 2572 se
1479 2509 1607 2572 dicebat

383 2611 560 2692 pariterque
589 2629 696 2674 secum
724 2615 875 2692 quattuor
908 2613 1023 2676 liberos
1049 2612 1193 2676 homines
1220 2613 1279 2675 iter
1313 2611 1462 2676 facientes
1495 2629 1605 2693 super·

383 2714 515 2786 venisse,
540 2731 612 2776 eum
628 2713 755 2778 Clodius
778 2715 979 2790 occideretur,
1004 2719 1035 2778 et
1058 2715 1095 2778 oh
1119 2715 1150 2779 id
1174 2733 1246 2778 cum
1269 2714 1524 2797 proclamassent
1548 2714 1604 2776 ah

383 2818 488 2896 reptos
512 2819 544 2878 et
569 2835 624 2898 per
657 2817 734 2880 duos
762 2835 888 2881 meuses
911 2819 943 2879 in
968 2818 1042 2881 villa
1065 2818 1190 2881 Milonis
1213 2817 1393 2899 praeclusos
1416 2815 1528 2888 fuisse;
1553 2834 1605 2878 ea-

386 2936 446 2999 que
473 2937 522 2982 res
550 2937 606 2982 seu
627 2939 701 2982 vera
728 2939 783 2984 seu
811 2918 891 2983 falsa
913 2938 1062 3001 magnam
1085 2919 1235 2984 invidiam
1265 2918 1373 2983 Miloni
1396 2921 1604 2984 contraxerat

383 3021 528 3102 Itemque
552 3021 712 3084 Munatius
740 3027 771 3085 et
799 3022 964 3104 Pompeius
993 3023 1109 3087 tribuni
1141 3023 1241 3106 plebis
1267 3023 1300 3086 iu
1326 3028 1427 3086 rostra
1454 3021 1605 3105 produxe-

385 3127 458 3187 rant
484 3125 683 3188 triumvirnm
711 3125 879 3207 capitalem
909 3145 1044 3206 eumque
1071 3126 1356 3206 interrogaverant,
1384 3143 1423 3186 an
1454 3123 1604 3188 Galatam

386 3225 511 3290 Milonis
535 3245 662 3290 servum
686 3227 797 3290 caedes
821 3227 988 3291 facientem
1012 3227 1277 3310 deprehendisset.
1313 3228 1372 3291 Ille
1395 3226 1606 3290 dormientem

387 3329 418 3392 in
441 3330 573 3394 taberna
594 3349 648 3412 pro
672 3329 803 3410 fugitivo
819 3331 1009 3412 prehensum
1033 3334 1064 3394 et
1087 3331 1125 3394 ad
1144 3348 1177 3393 se
1191 3331 1379 3413 perductum
1394 3349 1461 3394 esse
1477 3346 1607 3410 respou-

388 3431 485 3496 derat.
537 3433 810 3496 Denuntiaveruut
843 3436 948 3498 tamen
983 3434 1160 3509 triumviro,
1195 3452 1234 3497 ne
1263 3452 1387 3496 servum
1414 3432 1606 3496 remitteret:

388 3536 442 3598 sed
465 3539 590 3616 postera
613 3535 661 3598 die
686 3534 810 3600 Caelius
838 3541 876 3599 tr.
904 3537 945 3618 pl.
973 3539 1005 3599 et
1028 3535 1095 3612 <Q.>
1123 3535 1272 3599 Manilius
1295 3534 1458 3600 Cumanus
1486 3534 1608 3614 collega

388 3638 455 3701 eius
479 3641 622 3719 ereptum
645 3657 661 3701 e
685 3638 775 3701 domo
799 3638 953 3701 triumviri
977 3657 1103 3702 servum
1126 3637 1234 3701 Miloni
1257 3637 1476 3712 reddiderant',
1500 3641 1608 3700 utrum

389 3759 425 3804 ex
449 3741 545 3803 ‘actis’
568 3741 667 3822 petita
690 3741 753 3804 sint
775 3760 825 3817 an,
845 3760 915 3805 cum
938 3741 1131 3805 Philemonis
1147 3741 1362 3804 testimonium
1384 3759 1436 3804 rec
1458 3759 1609 3822 magnam

389 3843 581 3908 contraxisse
603 3843 754 3912 invidiam
777 3848 871 3926 atque
887 3845 918 3907 in
941 3845 1123 3908 universum
1139 3844 1176 3907 de
1192 3843 1242 3906 his
1263 3845 1356 3908 rebus
1378 3863 1410 3907 se
1431 3845 1495 3906 ‘ita
1516 3861 1610 3906 oom-

389 3947 546 4029 perisse'
570 3947 739 4010 scholiasta
768 3949 810 4028 (p.
835 3948 885 4022 32,
910 3947 960 4008 27.
985 3949 1038 4026 28)
1062 3947 1186 4022 scribat,
1214 3946 1338 4009 aliunde
1362 3945 1517 4022 fluxerint,
1545 3947 1610 4009 dis-

390 4049 508 4131 ceptari
536 4067 598 4112 non
628 4052 745 4131 potest,
780 4067 973 4130 quamquam
997 4048 1229 4113 concedendum
1258 4051 1306 4114 est
1327 4049 1408 4112 inter
1429 4067 1547 4124 omnes,
1572 4047 1610 4110 de

391 4152 503 4233 quibus
526 4152 576 4214 hie
593 4153 721 4233 cogitari
736 4155 848 4235 potest,
865 4152 966 4215 fontes
981 4152 1099 4215 nullius
1115 4153 1208 4234 plura
1222 4169 1318 4232 qnam
1332 4152 1490 4216 ‘actorum'
1515 4153 1609 4215 vesti·

391 4256 442 4335 gia
471 4273 642 4317 ocerarrere.
692 4255 769 4318 Mihi
804 4255 930 4336 quidem
965 4273 1014 4318 res
1048 4255 1093 4317 ita
1121 4255 1257 4338 expediri
1286 4273 1378 4337 posse
1409 4253 1543 4330 videtur,
1575 4259 1610 4316 ut

392 4413 498 4422 ...a-—u

461 4515 484 4578 ¹)
502 4509 635 4564 Milonem
660 4515 723 4580 post
746 4509 858 4564 eaedem
881 4525 972 4564 servos
993 4527 1078 4564 mauu
1103 4510 1223 4575 misisse,
1247 4509 1322 4579 quod
1346 4513 1432 4578 caput
1452 4523 1534 4561 suum
1556 4506 1609 4561 ulti

392 4605 497 4663 essent,
523 4595 707 4667 significatum
726 4595 852 4649 videmus
869 4596 953 4649 etiam
971 4595 1046 4666 apud
1064 4601 1199 4649 oratorem
1218 4597 1277 4666 (pro
1295 4593 1355 4648 Mil.
1367 4595 1411 4660 21,
1422 4593 1533 4660 57—22,
1554 4593 1609 4654 58).

392 4683 537 4736 Praeterea
555 4683 588 4736 ef.
608 4683 671 4735 Asc.
691 4699 717 4752 p.
736 4683 779 4747 34,
799 4682 912 4746 15-18;
931 4681 974 4747 31,
991 4682 1015 4734 2.
1033 4683 1058 4735 3.
