3480 5230
921 317 961 383 36

832 404 1043 416 m

328 537 389 605 VII
412 561 442 624 p.
467 545 505 606 tc
533 558 603 623 sqq.
624 535 673 606 W.
701 543 752 606 est
779 545 925 620 secutus,
955 540 1172 607 elocutionem
1201 533 1322 629 εὑρέσει
1344 539 1553 606 tribuerunt:

327 645 378 711 dei
406 638 563 727 οὑ-μόνον
584 636 685 731 εὑρεῖν
706 636 790 709 ἀλλὰ
811 644 867 710 καὶ
889 640 1096 734 ὑρμήνεῢσαις
1129 647 1319 712 memoriam
1346 649 1380 709 et
1402 665 1553 728 pronun·

327 747 498 813 tiationem
527 765 592 809 non
618 746 652 811 in
684 747 825 813 oratoris
853 748 969 814 officiis
996 747 1226 813 numerabant:
1253 741 1341 836 ὑπερ
1368 744 1479 834 φαμὲν
1499 739 1552 833 μὴ

326 841 410 915 εἶναι
437 852 494 914 τοῦ
520 843 654 936 ῥήτορος
680 848 873 932 σοστατικᾶ,
896 843 1013 938 ἐπειδὴ
1038 843 1112 938 μήτ’
1137 847 1171 916 ἐν
1195 851 1315 939 μελέτῃ
1343 847 1477 937 πέφυκε,
1495 845 1552 936 yi-

326 956 474 1039 γνεσθαι,
495 941 579 1015 dud
597 949 725 1038 φύσεως
743 950 814 1019 ἐστὶ
834 952 1107 1037 πλεονεκτήματα.
1132 951 1296 1036 Sulpicius
1305 957 1416 1018 autem
1431 973 1550 1035 quam·

326 1075 426 1139 quam
440 1055 474 1118 in
492 1051 604 1119 cadem
632 1057 797 1122 sententia
818 1064 868 1122 est
892 1063 999 1140 („nam
1021 1055 1389 1140 pronuntiatio··artie
1411 1055 1549 1139 quidem

327 1155 469 1242 quodam
480 1156 575 1221 modo
586 1177 650 1221 non
661 1163 731 1223 est“
741 1181 773 1243 p.
782 1167 854 1241 321,
869 1168 906 1229 ii
917 1160 980 1243 H.),
990 1164 1099 1226 tamen
1107 1158 1410 1243 pronuntiationem
1419 1159 1551 1243 recepit

327 1266 360 1326 et
381 1281 454 1326 curn
471 1259 656 1326 elocutione
678 1261 885 1347 dispositioni
909 1262 1071 1330 attribuit.
1106 1261 1284 1345 Dispositio
1301 1261 1330 1326 ei
1348 1260 1469 1345 duplex
1484 1267 1549 1326 est:

325 1362 418 1445 τάξις
444 1359 683 1447 ο1οἰκονομίσ;
705 1364 878 1448 perillam
901 1365 1100 1447 ‚pecundum
1124 1370 1251 1431 textum
1271 1364 1454 1430 naturalem
1477 1365 1548 1429 sin-

326 1466 403 1550 gula
424 1466 661 1549 persequimur,
684 1467 825 1552 primum
847 1467 882 1532 in
904 1467 1055 1552 partibus
1071 1467 1277 1548 elocutionis,
1299 1472 1338 1532 ut
1360 1468 1405 1532 sit
1417 1467 1548 1532 scilicet

326 1569 467 1653 primum
494 1567 679 1651 exordium,
712 1575 781 1636 turn
814 1571 977 1654 narratio,
1005 1575 1077 1636 tum
1104 1575 1217 1655 partes
1240 1571 1547 1654 argumentationis,

326 1671 494 1756 peroratio
523 1669 653 1736 demum
680 1677 855 1740 extrema.“
907 1668 1087 1757 Οἰκονομία
1121 1694 1141 1739 a
1168 1671 1314 1757 Sulpicio
1341 1673 1547 1757 intellegitur

326 1773 522 1842 artificiosus
545 1774 636 1855 ordo,
659 1796 724 1859 quc
747 1776 853 1858 „hunc
874 1777 981 1860 ipsum
1004 1777 1152 1842 ordinem
1175 1774 1302 1862 (τάξιν),
1323 1776 1352 1841 si
1373 1777 1421 1842 ita
1443 1797 1546 1842 causa

325 1879 442 1963 poscit,
465 1875 659 1961 plerumque
682 1880 897 1963 vertimus.“¹)
920 1879 1109 1944 Memoriam
1137 1879 1238 1963 igitur
1266 1879 1397 1945 omnino
1420 1881 1546 1946 omittit

325 1980 506 2065 Sulpicius3
527 1984 627 2064 atque
650 1980 726 2046 hinc
748 2001 880 2064 quoque
903 1981 1018 2063 elucet,
1041 2004 1138 2066 quam
1161 1987 1324 2048 vetustam
1345 1980 1441 2046 nobis
1457 1981 1544 2048 Stoi-

325 2104 436 2149 corum
459 2081 644 2148 doctrinam
667 2085 855 2153 servaverit.
892 2086 974 2151 Nam
998 2085 1256 2151 Fortunatianns
1279 2103 1353 2150 cum
1376 2083 1543 2170 plerisque

325 2185 512 2253 rhetoribus
541 2187 705 2252 consentit
730 2192 764 2253 et
790 2187 1012 2255 intellectione
1042 2189 1163 2255 omissa
1191 2189 1408 2254 inventionem
1433 2189 1543 2274 dispo·

324 2291 478 2356 sitiouem
490 2287 706 2354 elocutionem
722 2291 912 2356 memoriam
926 2291 1227 2375 pronuntiationem
1242 2289 1347 2357 tradit
1369 2293 1415 2376 (p.
1430 2299 1469 2359 81
1488 2293 1544 2378 Η.)

324 2399 361 2460 ut
383 2387 538 2480 ἔργοντοῦ
561 2389 702 2481 ῥήτορος,
725 2393 759 2458 in
783 2392 845 2458 hac
868 2394 1000 2477 quidem
1022 2392 1189 2459 locutione
1213 2388 1304 2481 (ἔργα
1323 2397 1381 2460 τοῦ
1396 2391 1543 2484 ῥήτορος)

323 2497 448 2563 Stoicos
475 2501 617 2564 secutus.
667 2496 731 2561 Sed
761 2497 943 2562 notandum
968 2504 1019 2563 est
1041 2517 1114 2562 eum
1136 2497 1235 2580 paulo
1265 2501 1342 2562 ante
1365 2497 1430 2561 ism
1453 2491 1544 2584 ἔργον

323 2603 380 2665 τοῦ
394 2595 528 2688 ῥήτορος
537 2599 693 2664 statuisse
704 2591 744 2665 τὸ
759 2586 793 2665 οὑ
806 2597 908 2687 λέγειν
923 2597 957 2665 ἐν
972 2599 1135 2688 πολιτικῷ
1152 2597 1320 2688 ζητήματι.
1344 2598 1396 2664 Ad
1408 2599 1475 2665 triu
1485 2599 1544 2665 illa

323 2701 432 2767 cilicia
447 2702 587 2767 oratoris
601 2698 711 2790 νόησιν
726 2697 847 2790 εὑρισιν
859 2700 1015 2769 διάθεσιν
1030 2708 1183 2787 ομισσιον]
1199 2701 1390 2767 adiunctum
1404 2702 1543 2786 legimus

324 2803 467 2870 officinm
493 2798 667 2892 ὑπόκρισιν
693 2805 781 2889 apud
806 2805 1006 2872 Scholiastas
1036 2805 1207 2890 quosdam.
1216 2807 1242 2889 ¹)
1298 2805 1407 2889 Atque
1435 2805 1544 2888 qualis

323 2907 423 2972 tuerit
438 2907 496 2973 illa
511 2905 622 2995 νόησις
639 2909 761 2992 optime
779 2910 985 2992 cognoscitur
998 2931 1038 2974 ex
1051 2907 1186 2992 Sulpicii
1199 2907 1339 2973 Victoris
1354 2913 1400 2992 (p.
1411 2915 1472 2976 315
1489 2908 1544 2996 lt)

324 3010 541 3094 expositione:
563 3011 837 3095 „intellegendum
848 3013 950 3097 primo
962 3010 1035 3078 loco
1047 3015 1099 3077 est
1110 3009 1212 3076 thesis
1228 3011 1272 3075 sit
1285 3031 1328 3076 an
1343 3010 1543 3094 hypothesis.

324 3113 403 3179 Cum
426 3112 621 3197 hypothesin
643 3135 714 3180 esse
736 3112 1003 3197 intellexerimus,
1012 3118 1038 3196 c)
1065 3113 1101 3178 id
1124 3117 1175 3178 est
1197 3117 1465 3196 controversiam,
1491 3115 1542 3179 in·

323 3214 544 3299 tellegendum
578 3217 642 3281 erit
669 3239 710 3283 an
741 3217 913 3298 consistat,
943 3222 1010 3282 tum
1045 3238 1085 3283 ex
1112 3237 1179 3300 qna
1206 3217 1313 3300 specie
1340 3217 1397 3299 sit,
1424 3216 1542 3283 deinde

323 3339 364 3384 ex
386 3318 580 3402 quomode,
602 3319 722 3386 deinde
745 3320 837 3386 cuius
860 3325 974 3400 status,
996 3325 1162 3403 postremo
1178 3319 1271 3384 cuius
1293 3318 1447 3404 figurae.“
1475 3318 1542 3384 Ali·

399 3615 424 3682 ¹)
447 3613 524 3667 Haec
552 3610 738 3682 dispositionis
766 3612 907 3681 bipartitio
930 3612 1013 3667 etiarn
1041 3611 1113 3682 apud
1141 3611 1370 3667 Fortunatianum
1392 3628 1420 3681 p.
1439 3615 1490 3668 120
1507 3613 1541 3669 H.

324 3699 441 3755 traditur
463 3712 578 3766 eamque
596 3697 690 3764 utique
717 3697 814 3754 Stoicis
832 3697 924 3754 deberi
941 3697 998 3754 teri
1016 3698 1174 3760 adsimile,
1192 3702 1223 3753 ut
1241 3698 1403 3766 ubicumque
1429 3699 1478 3753 illa
1494 3717 1541 3755 no·

324 3785 365 3841 bis
383 3789 509 3840 occurrat
527 3783 561 3838 de
579 3783 678 3839 Stoicis
696 3784 851 3854 praeceptis
870 3784 907 3839 sit
923 3783 1105 3853 cogitandum.
1135 3782 1217 3838 Velut
1233 3782 1316 3846 τάξιν
1332 3789 1361 3838 ct
1379 3783 1542 3852 οἰκονομίαν

323 3872 406 3926 etiem
427 3867 499 3939 apud
511 3867 782 3938 Pseudo-Longinum
799 3873 863 3944 περὶ
880 3867 964 3940 ὕψουν
981 3869 1066 3924 libelli
1092 3869 1170 3924 initio
1183 3869 1307 3938 legimus,
1320 3885 1400 3939 qnam
1419 3870 1541 3926 Stoicam

323 3957 474 4026 professum
498 3969 558 4011 esse
581 3953 778 4025 philosophiam
803 3960 919 4012 constat.
972 3955 1061 4010 Etiam
1080 3953 1238 4010 Cornificius
1263 3953 1314 4022 (111
1338 3956 1381 4025 16)
1399 3957 1540 4013 stoicem

322 4041 367 4110 (de
386 4057 425 4098 or.
443 4040 470 4095 ΙΙ
487 4041 551 4110 807)
570 4041 640 4096 hanc
656 4038 814 4097 divisionem
833 4046 972 4098 noverunt.
1001 4040 1054 4097 Sed
1072 4041 1201 4096 notebilis
1217 4045 1260 4096 est
1277 4045 1349 4110 apud
1369 4041 1541 4098 Cornificium

322 4125 446 4183 diversus
465 4126 654 4182 vocabulorum
672 4126 843 4183 sollemnium
860 4143 941 4196 usus;
964 4143 1028 4182 nem
1052 4126 1096 4181 hic
1123 4126 1337 4194 ,‚nrtificicsum⁴‘
1354 4127 1475 4182 ordinem
1494 4143 1541 4198 ap-

323 4213 418 4282 pellat,
436 4227 516 4280 quern
539 4213 633 4268 Cicero
651 4217 681 4268 et
693 4211 827 4284 Sulpicius
845 4219 874 4269 et
891 4212 1105 4269 Fortunatianus
1129 4214 1318 4280 „naturalem“
1339 4211 1448 4282 dicunt;
1466 4215 1540 4266 οἰνο-

322 4301 389 4366 μίιιν
406 4297 474 4353 dicit
490 4297 651 4355 Cornificius
679 4299 731 4368 „ad
749 4315 842 4355 casum
869 4299 1000 4369 temporis
1019 4297 1280 4357 adcommodatum.“
1319 4297 1399 4361 Τάξιι
1415 4305 1445 4355 et
1467 4299 1540 4352 οἰκο-

321 4389 404 4452 νομία
423 4383 613 4440 discernuntur
629 4385 712 4440 etiam
731 4385 801 4456 apud
820 4387 906 4441 Acon.
928 4383 966 4440 VI
984 4401 1012 4454 p.
1030 4385 1065 4438 35
1083 4391 1110 4439 et
1127 4384 1179 4460 Vll
1197 4402 1224 4455 p.
1245 4387 1276 4441 lt
1296 4385 1338 4442 W.

391 4472 416 4539 ²)
433 4470 539 4539 Proleg.
559 4470 594 4526 ad
612 4471 751 4541 Aphthon.
769 4472 795 4528 ll
813 4488 840 4541 p.
861 4475 888 4542 l;
905 4471 930 4527 V
947 4489 973 4543 p.
994 4471 1058 4540 610;
1076 4469 1116 4527 vt
1134 4489 1161 4543 p.
1179 4473 1214 4528 34
1234 4469 1276 4529 W.

392 4559 412 4624 Ι)
432 4557 528 4629 itaque
546 4556 589 4614 hic
606 4573 712 4630 quoque
731 4558 819 4616 thesin
836 4573 949 4632 prorsus
967 4557 1096 4630 neglegit.
