3514 5244
985 393 1107 489 ¹⁰*

390 585 431 651 16
454 587 504 667 ira
527 586 642 652 librum
666 586 721 669 111,
746 585 787 652 16
811 585 1034 652 consolatione
1057 586 1101 651 ad
1123 587 1288 670 Marciam,
1318 586 1359 653 16
1382 586 1549 653 remediis
1572 585 1625 650 lor-

389 693 549 776 tuitornm,
582 691 624 758 de
655 699 807 775 quattuor
838 693 1019 776 virtutibus,
1053 692 1094 758 de
1127 694 1279 777 moribus,
1312 694 1468 759 librorum
1502 692 1625 757 16616-

389 798 510 866 mentia
534 806 695 884 exeerpta,
718 798 833 864 librum
858 798 899 864 (16
922 801 1021 865 beata
1043 800 1120 864 vita
1167 821 1362 884 quamquam
1387 807 1503 865 antem
1524 820 1547 864 a
1566 819 1626 864 cor·

389 906 525 991 ruptclis
549 915 581 972 et
604 907 907 991 interpolationibus
930 927 1133 989 nequaquam
1158 907 1307 973 immunis
1331 913 1382 974 est
1405 915 1438 972 et
1461 905 1626 989 quaedam

388 1013 470 1078 vitia
493 1033 565 1078 cnm
587 1013 616 1077 A
639 1014 819 1078 communia
842 1013 949 1098 habet,
981 1033 1086 1096 neque
1117 1033 1158 1079 ex
1191 1035 1230 1080 co
1254 1034 1360 1098 neque
1387 1035 1426 1080 ex
1461 1013 1627 1079 61166166

389 1119 580 1205 apographo
595 1119 694 1186 fluxit.
732 1119 856 1203 aliquot
870 1121 955 1186 enim
969 1120 1105 1204 mendis,
1128 1120 1245 1204 quibus
1269 1121 1324 1186 ille
1347 1120 1551 1205 deturpatus
1575 1129 1627 1186 est

391 1235 489 1292 caret.
537 1225 580 1291 ad
604 1247 700 1309 quam
723 1247 791 1292 rem
815 1226 1101 1293 demonstrandam
1123 1227 1206 1292 haec
1230 1227 1409 1293 sufficiant:

478 1357 509 1419 p.
525 1337 576 1418 89,
591 1336 634 1400 24
649 1333 730 1399 haec
743 1335 859 1400 verba:
885 1339 952 1400 rino
971 1338 1104 1419 661166,
1128 1338 1182 1400 otti
1202 1337 1327 1415 Venere,
1351 1337 1476 1419 6616166(
1503 1355 1628 1399 rumore

389 1445 577 1506 interdixere
599 1443 788 1524 corporibus,
812 1448 848 1506 ut
869 1442 968 1524 vulgo
992 1440 1131 1506 eduntur
1148 1450 1181 1508 61
1199 1442 1233 1506 16
1247 1443 1276 1506 Α
1292 1442 1369 1508 olim
1384 1443 1512 1527 scripta
1529 1441 1628 1506 161666

391 1548 539 1613 Gertzins
563 1547 712 1632 affirmet,
735 1549 846 1633 166616
870 1568 944 1615 6666
966 1555 1067 1632 66161
1112 1569 1277 1631 nunquam
1306 1548 1480 1632 quisquam
1511 1557 1627 1613 66166

391 1663 447 1720 661
479 1655 563 1721 61166
600 1656 642 1720 ab
675 1655 778 1721 omnis
812 1656 931 1721 umoris
963 1676 1024 1722 usu
1056 1655 1233 1740 prohibuit,
1272 1675 1314 1720 ne
1346 1655 1453 1739 potuit
1485 1653 1627 1737 quidem

389 1762 531 1845 pessime
555 1769 663 1826 autem
687 1761 806 1828 umoris
829 1763 958 1846 mentio,
983 1782 1054 1826 oum
1081 1762 1184 1847 primo
1220 1762 1292 1827 1666
1326 1760 1367 1826 16
1398 1762 1474 1826 vino
1506 1761 1627 1826 116166

392 1868 442 1952 611,
476 1876 551 1953 6661
581 1869 738 1934 Venerem
771 1869 899 1934 demum
931 1869 975 1934 tit
1022 1879 1057 1934 at
1090 1877 1217 1936 constat
1250 1869 1395 1936 Senecae
1423 1869 1626 1954 temporibus

390 1974 667 2059 Pythagoreorum
691 1984 899 2060 praeceptum
924 1975 965 2041 16
989 1977 1133 2042 earnium
1157 1997 1215 2042 esu
1238 1975 1373 2041 6116616
1392 1976 1439 2040 116
1452 1978 1626 2060 probatum

392 2101 474 2166 esse,
498 2090 533 2147 61
555 2083 626 2167 1666
651 2101 778 2165 666666
795 2082 928 2148 Sotione
948 2089 1080 2150 auctore
1103 2103 1162 2168 per
1185 2083 1262 2148 anni
1287 2083 1429 2167 spatium
1452 2082 1487 2147 id
1512 2102 1624 2166 seque-

391 2195 487 2254 retur.
533 2188 612 2272 quid
635 2209 711 2254 vero
739 2188 838 2253 habet
865 2190 914 2254 P?
960 2193 1083 2274 661166(
1115 2192 1331 2254 6616661166
1362 2194 1522 2254 omnium
1557 2193 1624 2263 ori,

392 2295 556 2378 inquibus
574 2295 760 2378 gratissimo
776 2297 883 2360 animo
903 2297 1081 2381 accipimus
1100 2296 1260 2362 voeabula
1278 2300 1456 2362 naturalium
1476 2301 1622 2362 6666166.

393 2421 477 2484 6666
500 2401 660 2484 6666616
676 2402 825 2468 excidere
849 2410 882 2467 61
904 2403 1084 2469 oblitterari
1107 2405 1279 2489 potuerint,
1302 2411 1403 2489 patet.
1442 2408 1492 2468 ori
1516 2411 1624 2468 antem

394 2509 464 2574 sine
497 2508 594 2574 dubio
624 2509 812 2574 mutandum
841 2516 891 2575 eat
923 2510 957 2574 in
989 2512 1162 2590 curnem).
1211 2514 1284 2594 147,
1312 2515 1349 2576 ll
1379 2510 1622 2593 Madvigianum

391 2638 528 2682 sonore
553 2620 698 2681 leonori
720 2617 762 2693 A)
787 2615 992 2682 confirmatur
1016 2616 1127 2684 codice
1151 2619 1187 2684 P.
1214 2621 1286 2701 195,
1313 2621 1354 2683 19
1383 2624 1415 2682 61
1446 2621 1519 2702 196,
1545 2625 1565 2682 8
1593 2617 1623 2680 in

391 2724 417 2786 P
442 2721 557 2788 eadem
581 2723 738 2805 leguntur,
762 2743 847 2805 6666
869 2723 1024 2790 Erasmus
1049 2724 1189 2809 scripsit,
1216 2728 1351 2809 pendet
1382 2749 1427 2789 66
1457 2734 1567 2790 euentu
1593 2731 1621 2786 et

393 2834 479 2913 infra
502 2851 603 2913 6666,
629 2849 700 2894 cum
724 2829 757 2893 in
781 2831 808 2894 A
832 2839 908 2896 6616
936 2829 1084 2896 voculam
1117 2855 1161 2895 66
1192 2852 1365 2917 perperam
1397 2841 1429 2896 et
1461 2831 1620 2897 adiectum

394 2937 437 3002 sit
461 2943 492 3000 61
515 2939 610 3020 qnod
631 2956 689 3021 pro
715 2956 762 3021 66,
778 2936 864 3019 6661
884 2943 934 3003 661
956 2959 1057 3022 6666,
1073 2938 1209 3022 legatur.
1242 2941 1346 3020 2726
1360 2958 1465 3021 66666
1479 2938 1621 3004 Kochins

392 3063 496 3127 neque
521 3043 670 3108 Gertzius
695 3063 794 3109 66666
820 3051 870 3110 661
890 3044 1030 3110 Bentleii
1058 3045 1223 3110 inventum
1246 3055 1275 3110 et
1297 3047 1361 3110 nte
1376 3049 1492 3127 stactus
1515 3047 1620 3110 menn

391 3149 549 3234 recipere:
588 3156 623 3214 61
654 3149 740 3214 1166
773 3158 902 3235 praeter
935 3151 1130 3218 recentiores
1163 3151 1322 3235 quosdam
1357 3153 1499 3218 servavit
1530 3153 1565 3238 P,
1597 3159 1620 3214 et

391 3259 491 3322 rnilte
517 3263 632 3338 Ι1166166
663 3261 772 3322 mentis
800 3258 829 3321 A
861 3257 968 3323 habel.
1018 3261 1129 3343 2'lb‚9
1153 3259 1268 3325 melius
1291 3258 1326 3323 id
1349 3267 1407 3342 est,
1431 3259 1519 3342 6661
1544 3257 1618 3323 16Ρ

391 3372 494 3430 extat:
522 3369 631 3448 Quaen
655 3369 740 3449 qnid
762 3369 802 3430 sit
815 3370 931 3430 16611116
945 3387 993 3450 66,
1017 3365 1104 3450 6661
1124 3367 1157 3431 16
1172 3367 1201 3430 Α
1215 3366 1347 3450 legitur:
1372 3389 1451 3432 narn
1467 3365 1620 3451 quiquid

390 3475 432 3536 sit
453 3476 578 3536 institia.
626 3474 735 3556 289,9
755 3470 789 3536 11
809 3471 896 3554 6661
915 3473 1046 3557 Lipsius
1066 3473 1223 3538 Senecam
1241 3473 1413 3558 scripsisse
1437 3473 1618 3557 suspicatus

391 3586 442 3644 661
473 3583 699 3644 humanitate
731 3582 818 3661 16666
850 3588 878 3644 61
910 3581 1038 3662 benignu
1067 3603 1163 3644 monn
1190 3579 1359 3646 confirmat
1381 3581 1416 3664 Ρ,
1445 3579 1507 3645 6161
1537 3575 1618 3664 6661

391 3689 475 3766 torpe
497 3686 531 3749 in
554 3705 592 3750 so
617 3685 743 3768 legitur,
766 3686 799 3750 in
823 3685 852 3749 A
875 3686 1137 3752 intercutanea
1161 3697 1194 3753 61
1212 3691 1318 3770 torpeo
1332 3687 1449 3752 lacuna
1465 3694 1515 3752 661
1531 3696 1616 3771 6661·

391 3801 463 3857 tuor
486 3793 553 3858 fere
576 3793 764 3856 litterarum.
811 3795 885 3876 289,
902 3796 945 3858 24
972 3793 1036 3858 1661
1059 3793 1092 3857 16
1116 3795 1145 3858 A
1168 3794 1229 3858 hoc
1252 3793 1347 3858 modo
1373 3793 1513 3877 corrupti
1539 3795 1616 3878 6611-

391 3901 465 3985 6611
487 3902 639 3964 curionem
661 3902 758 3963 nitens
773 3905 952 3983 fecturus
974 3923 1087 3982 66666
1119 3901 1202 3967 haec
1230 3909 1280 3968 661
1303 3903 1336 3966 16
1360 3903 1386 3966 Ρ
1410 3903 1513 3966 forma
1542 3905 1615 3990 qnie-

392 4008 468 4093 pnid
482 4010 634 4071 cariorem
647 4010 741 4070 (6166(
754 4011 862 4091 facit.
879 4031 987 4096 66666
1002 4028 1106 4092 66666
1121 4010 1312 4076 rectissima.
1336 4008 1522 4093 Madvigius
1538 4009 1615 4075 enim

392 4117 505 4196 (feeit
527 4135 595 4178 666
617 4121 740 4202 seque)
764 4121 797 4178 et
811 4113 962 4181 Gertaius
981 4120 1092 4200 (feeit
1115 4125 1243 4181 acturo
1266 4123 1393 4206 seque)
1409 4115 1484 4181 dum
1499 4115 1615 4182 codicis

482 4305 518 4374 ¹⁶)
538 4325 573 4361 ne
592 4309 653 4376 6616
674 4309 755 4363 verba
773 4312 935 4365 animalium
948 4314 1067 4364 omnium
1082 4328 1285 4380 supervacanea
1298 4315 1387 4382 putet,
1402 4311 1481 4381 legat
1495 4329 1537 4375 66,
1552 4327 1615 4381 quae

391 4396 493 4450 Seneca
520 4398 600 4464 epist.
628 4415 695 4451 mor.
723 4398 816 4452 XVIII
840 4399 866 4463 5,
896 4399 1000 4452 17—22
1023 4399 1099 4453 dicit.
1147 4417 1201 4468 quo
1225 4401 1283 4454 loeo
1307 4400 1365 4469 ipse
1384 4400 1614 4470 Pythagoreorum

391 4485 515 4554 exemplo
535 4503 563 4540 se
582 4486 784 4542 adulescentem
804 4490 1013 4543 6616611166
1032 4491 1195 4542 abstinuisse
1213 4493 1351 4543 narratet
1366 4493 1476 4558 epatre
1490 4490 1520 4543 id
1534 4491 1615 4546 166666

391 4576 509 4629 vetitum
529 4593 594 4635 esse,
614 4576 679 4644 quia
700 4580 766 4631 tunc
786 4577 945 4646 alienigena
963 4595 1041 4632 sacra
1059 4581 1136 4632 mota
1155 4583 1254 4642 essent,
1274 4595 1391 4646 qnorum
1410 4579 1530 4634 66666166
1553 4583 1615 4650 661·

390 4667 525 4720 bnedam
545 4667 709 4720 crrtmntibns
728 4666 934 4720 abstinuissent.
