3634 5240
1076 383 1118 444 40

991 466 1200 476 μνη...-

482 604 536 670 καί
560 597 689 690 ἀγαθοῦ
711 595 825 691 ἤθους,
848 597 974 691 ἆόεληυά
995 627 1031 670 τε
1053 604 1108 669 καί
1130 601 1318 690 μιμήματα;
1342 606 1404 667 400
1421 605 1465 693 D:
1488 597 1625 690 εὐλογία
1651 599 1720 688 ἄρα

484 706 539 773 καὶ
561 703 757 793 εὐαρμοστία
777 705 833 772 καί
848 701 1065 795 εόσχημοσόνη
1087 706 1141 793 καί
1165 699 1363 792 εὐρυθμία
1385 699 1551 795 εὐηθείᾳ
1574 700 1718 774 ἀκολου-

484 815 543 877 θεῖ
567 817 673 894 (quem
696 804 801 876 locum
824 812 933 876 laudat
953 813 1038 877 Theo
1062 812 1252 896 Smyrnaeus
1275 831 1306 894 p.
1321 811 1481 893 ll‚9sqq.
1505 813 1552 875 ed.
1579 812 1718 893 Hiller);

484 916 557 981 ibid.
581 916 644 979 399
659 916 699 980 E:
724 909 885 997 ἑπόμενον
907 907 967 1000 γάρ
989 907 1028 1000 δι’,
1052 918 1125 992 ταῖς
1146 908 1316 1000 ἁρμονίαις
1338 904 1378 978 iaia
1399 906 1475 998 ἡμῖν
1496 909 1547 1002 εἴη
1568 908 1610 982 τι)
1636 917 1718 1001 περὶ

484 1015 639 1102 ῥυθμούς,
672 1010 717 1102 μὴ
744 1013 912 1095 ποικίλους
934 1009 1046 1095 αὐτοὺς
1075 1014 1204 1082 διώκειν
1229 1014 1313 1103 μηδὲ
1342 1010 1558 1096 παντοδαπὰς
1585 1016 1718 1101 βάσεις,

484 1113 567 1186 ἀλλὰ
599 1116 689 1205 βίου
722 1117 899 1206 ῥυθμοὺς
932 1116 1014 1185 ίόεῖν
1046 1117 1212 1204 κοσμίου
1244 1144 1280 1184 τε
1310 1118 1365 1184 καί
1405 1113 1593 1205 ἀνδρείου
1629 1118 1718 1200 τίνες

484 1219 582 1299 εἰσίν;
611 1226 674 1288 400
697 1225 739 1288 Β;
771 1227 954 1289 ταῦτα
978 1216 1060 1307 μετὰ
1089 1221 1244 1307 Δάμωνος
1271 1219 1538 1306 βουλευσόμεθα,
1568 1220 1657 1303 τίνες
1680 1249 1716 1289 τε

484 1321 770 1413 ἀνελευθερίας
806 1324 859 1390 καί
900 1322 1043 1415 ὕβρεως
1075 1320 1095 1415 ἢ
1129 1323 1309 1409 μανίαςῑ)
1344 1324 1400 1391 καὶ
1436 1316 1534 1412 άλλης
1568 1327 1717 1407 κακίας

485 1428 671 1518 πρέπουσαι
701 1426 853 1511 βάσεις,
884 1428 939 1494 καί
962 1428 1054 1509 τίνας
1075 1434 1146 1508 τοῖς
1168 1425 1323 1507 ἐναντίοις
1345 1426 1498 1494 λειπτέον
1526 1430 1716 1513 ῥυόμοόςς

483 1535 558 1617 Lag.
570 1533 602 1598 ΙΙ
615 1536 676 1597 060
688 1536 730 1598 A:
754 1530 810 1598 τὸν
826 1525 998 1621 ποιητικὸν
1020 1527 1037 1598 ὁ
1061 1526 1164 1620 ὀρθὸς
1185 1529 1365 1619 νομοθέτης
1387 1581 1417 1595 ..
1435 1582 1442 1595 .
1468 1529 1602 1598 πείσει.
1620 1584 1630 1599 .
1651 1528 1716 1599 sd

484 1639 547 1700 τῶν
561 1634 771 1723 σωφρόνων
786 1660 820 1700 τε
835 1634 889 1701 καί
905 1629 1102 1723 ἀνδρείων
1116 1634 1171 1700 καὶ
1187 1630 1321 1713 πόντιος
1342 1627 1510 1719 ἀγαθῶν
1531 1630 1665 1723 ἀνδρῶν
1681 1633 1717 1701 ἔν

484 1759 519 1803 τε
551 1743 723 1826 ῥυθμοῖς
752 1737 903 1824 σχήματα
930 1737 985 1803 καὶ
1013 1736 1045 1803 ἓν
1074 1733 1280 1823 ἁρμονίαισιν
1308 1733 1389 1822 μέλη
1417 1739 1576 1802 ποιοῦντα
1597 1731 1717 1826 ὀρθῶς

484 1834 607 1916 ποιεῖν;
630 1843 756 1907 Aristid.
779 1844 884 1923 Quint.
908 1864 937 1926 p.
954 1846 995 1906 43
1012 1844 1044 1906 Μ
1073 1871 1114 1898 =
1141 1845 1192 1920 28,
1210 1843 1275 1907 9J:
1299 1831 1413 1927 όρίστη
1430 1890 1437 1904 .
1455 1892 1462 1905 .
1478 1891 1486 1904 .
1502 1839 1717 1927 ῥυθμοποιία

485 1938 504 2030 ἡ
527 1937 640 2032 ἀρετῆς
661 1936 911 2031 άπατελεστική,
935 1943 1072 2032 κακίστη
1095 1943 1132 2009 δὲ
1149 1938 1168 2030 ἡ
1184 1940 1305 2022 κακίας.
1337 1945 1538 2027 Quamquam
1553 1945 1716 2011 referendi

485 2051 560 2112 sunt
582 2049 614 2112 hi
636 2050 695 2114 loci
715 2068 778 2114 non
799 2052 904 2115 minus
928 2050 967 2113 ad
990 2052 1144 2114 musicam
1168 2051 1200 2138 et
1215 2048 1416 2113 saltationem
1433 2067 1529 2130 quam
1546 2048 1587 2112 ad
1604 2051 1716 2114 rerba

569 2151 677 2235 Ipsam
710 2156 816 2218 autem
848 2154 1004 2218 nudorum
1033 2154 1198 2217 verborum
1227 2151 1483 2234 compositionem
1510 2171 1573 2216 non
1606 2153 1716 2217 solum

486 2259 632 2332 ornatum
651 2255 710 2320 'sed
734 2255 831 2320 etiam
854 2243 968 2341 ἧθοςο
987 2256 1144 2338 rhythmis
1160 2256 1325 2320 adsumere
1342 2257 1450 2319 auctor
1471 2256 1520 2320 est
1535 2255 1716 2338 Dionysius

485 2358 586 2422 Halia.
610 2378 709 2442 comp.
733 2360 815 2423 verb.
838 2379 864 2423 c.
889 2362 929 2423 18
946 2381 976 2442 p.
990 2361 1052 2422 230
1075 2359 1165 2423 Schz
1195 2349 1252 2422 διὰ
1272 2361 1338 2422 τῶν
1359 2353 1508 2443 γενναίων
1530 2355 1586 2421 καὶ
1610 2350 1714 2438 όξιω-

484 2462 630 2542 ματικῶν
652 2459 707 2526 καί
728 2459 867 2548 μέγεθος
888 2460 1023 2543 ἐχόντων
1045 2464 1179 2546 ῥυθμῶν
1200 2452 1402 2546 ἀξιωματικὴΙ
1417 2455 1539 2545 γίνεται
1555 2457 1717 2538 σύνθεσις

485 2561 539 2628 καί
571 2558 689 2647 βεβαία
715 2564 770 2629 καί
798 2562 1063 2651 μεγαλοπρεπής,
1098 2556 1154 2628 διὰ
1181 2562 1218 2628 δὲ
1245 2567 1307 2627 τῶν
1329 2554 1449 2648 άγενῶν
1471 2561 1525 2627 καὶ
1547 2569 1716 2628 ταπεινῶν

485 2657 651 2753 ἀμεγέθης
665 2665 720 2733 καί
735 2660 880 2752 άσεμνος.
916 2669 1019 2751 Atque
1035 2668 1179 2732 similiter
1194 2667 1232 2730 de
1251 2667 1388 2731 oratione
1403 2667 1542 2731 iudicant
1564 2692 1583 2726 a
1601 2669 1714 2733 Cicero

486 2770 572 2835 Orat.
592 2771 667 2834 187:
693 2773 809 2849 „oratio
833 2773 982 2854 quoniam
1004 2773 1072 2835 tum
1096 2772 1217 2835 stabilis
1240 2772 1290 2834 est
1311 2772 1381 2833 tum
1395 2771 1555 2847 volubilis,
1578 2790 1712 2835 necesse

485 2878 533 2938 est
555 2874 706 2940 eiusmodi
729 2877 759 2941 vi
782 2880 929 2941 naturam
951 2876 1074 2939 numeri
1097 2875 1278 2949 contineri‘,
1301 2875 1333 2936 et
1356 2873 1599 2951 *Quintilianus
1615 2873 1665 2938 lx
1681 2878 1712 2943 4.

486 2977 541 3039 69:
578 2978 655 3054 „hae
689 2980 861 3062 particulae
890 2980 970 3061 (scil.
999 2998 1080 3061 quae
1107 2977 1213 3042 incisis
1242 2970 1418 3058 [κόμμασι]
1446 2978 1542 3041 etiam
1570 2980 1712 3042 minores

486 3083 573 3159 sunt)
595 3085 688 3163 prout
711 3085 786 3146 sunt
808 3101 929 3165 graves,
953 3101 1049 3158 acres,
1073 3083 1187 3157 lentae,
1204 3081 1329 3156 celeres,
1345 3081 1504 3159 remissae,
1520 3082 1712 3154 exultantes

483 3184 611 3265 proinde
644 3184 676 3248 id
711 3185 791 3267 quod
821 3204 858 3250 er
889 3185 952 3249 illis
980 3186 1142 3249 conficitur
1170 3187 1225 3248 aut
1252 3202 1397 3248 severum
1425 3185 1482 3247 aut
1509 3185 1710 3248 luxuriosum

486 3290 541 3350 arnt
568 3288 758 3368 quadratum
785 3290 841 3353 aut
863 3289 1001 3353 solutum
1025 3288 1112 3352 erit.“
1158 3287 1294 3352 Omnino
1317 3304 1380 3350 non
1403 3287 1536 3351 minima
1558 3306 1594 3351 er
1618 3292 1712 3371 parta

484 3391 650 3473 scriptores
681 3392 753 3455 boni
782 3395 815 3455 et
836 3391 911 3455 mali
935 3410 970 3456 eo
993 3391 1153 3467 differunt,
1177 3389 1259 3472 quod
1282 3389 1466 3471 magnificos
1487 3391 1595 3473 reique
1619 3395 1712 3473 aptos

485 3492 651 3575 rhythmos
667 3495 723 3570 illi,
740 3496 876 3559 abiectos
899 3497 1007 3559 contra
1030 3497 1062 3558 et
1085 3494 1204 3559 futtiles
1227 3494 1260 3556 hi
1283 3492 1467 3558 conficiunt:
1489 3493 1581 3558 Dion.
1605 3495 1712 3558 Halia.

485 3615 584 3679 comp.
617 3598 702 3662 verb.
737 3617 762 3663 ο.
793 3598 833 3660 18
864 3617 894 3680 p.
923 3599 984 3660 250
1010 3597 1099 3663 Sch.:
1130 3591 1164 3660 τί
1190 3582 1244 3661 οὖν
1271 3588 1377 3660 αἴτιον
1404 3591 1531 3661 ἐκείνων
1557 3594 1619 3677 μὲν
1644 3601 1713 3661 τῶν

486 3696 681 3785 ποιημάτων
713 3700 866 3780 (Homeri)
889 3702 946 3784 τῆς
968 3692 1134 3785 εὐγενείας,
1168 3696 1288 3764 τούτων
1314 3695 1352 3762 δὲ
1378 3702 1444 3762 τῶν
1470 3697 1713 3785 φλυαρημάτων

485 3803 666 3883 (Hegesiae)
691 3806 750 3886 τῆς
775 3799 1026 3888 ταπεινότητοςς
1053 3796 1072 3887 ἡ
1094 3806 1157 3865 τῶν
1179 3803 1313 3889 ῥυθμῶν
1335 3793 1479 3889 διαφορά
1500 3798 1656 3884 μάλιστα,
1681 3800 1713 3869 εὶ

484 3901 605 3990 καὶμὴ
632 3900 733 3990 μόνη·
763 3900 796 3967 ἐν
825 3899 959 3983 ἐκείνοις
982 3903 1042 3987 μὲν
1072 3901 1131 3993 γὰρ
1159 3896 1234 3969 ocios*
1261 3894 1308 3983 εἷς
1334 3898 1443 3984 στίχος
1473 3895 1610 3987 άσεμνος
1638 3898 1711 3970 οὗθ’

483 3999 654 4089 ἀδόκιμος,
678 4004 820 4071 ἐνταῦθα
843 3997 873 4070 δ’
897 3999 1032 4091 οόιλεμία
1055 4003 1206 4094 περίοδος
1231 4001 1303 4092 ἥτις
1325 3997 1360 4072 οὗ
1382 4005 1529 4095 λυπήσει.

573 4110 654 4175 Sane
685 4112 717 4174 in
744 4130 869 4194 prosam
899 4112 1071 4176 orationem
1103 4132 1166 4177 non
1194 4115 1261 4175 tam
1289 4101 1391 4197 ἤθους
1418 4131 1513 4194 quam
1535 4114 1711 4198 voluptatis

485 4233 581 4279 causa
602 4216 725 4280 numeri
747 4214 916 4298 recipiendi
939 4218 1023 4280 sunt.
1061 4215 1143 4280 Nam
1165 4215 1249 4280 idem
1265 4213 1444 4299 Dionysius,
1467 4215 1520 4298 qui
1543 4215 1581 4280 de
1595 4216 1711 4299 rhyth-

554 4471 575 4538 ¹)
594 4470 736 4526 Platonem
754 4472 804 4525 hoc
822 4471 881 4525 loco
899 4470 933 4524 de
946 4470 1039 4525 ionicis
1052 4470 1184 4541 rhythmis
1197 4474 1226 4525 et
1238 4469 1402 4526 dochmiacis
1416 4472 1560 4540 cogitasse,
1579 4471 1708 4540 hequen-

485 4557 597 4610 tisaimis
624 4556 676 4610 illis
695 4559 721 4611 in
746 4556 871 4611 scaenica
894 4556 1057 4612 Graecorum
1081 4558 1192 4621 musica,
1210 4557 1365 4625 suspicatur
1383 4558 1542 4628 Rudolphus
1561 4559 1707 4628 Westphal

485 4642 609 4698 ‘Theorie
627 4643 651 4697 d.
671 4659 736 4698 mue.
756 4641 872 4697 Klimte'
889 4641 905 4696 Ι
921 4645 980 4698 239.
