<?xml version="1.0" encoding="UTF-8"?>
<!DOCTYPE html PUBLIC "-//W3C//DTD XHTML 1.0 Transitional//EN"
    "http://www.w3.org/TR/xhtml1/DTD/xhtml1-transitional.dtd">
<html xmlns="http://www.w3.org/1999/xhtml" xml:lang="en" lang="en">
 <head>
  <title>
</title>
<meta http-equiv="Content-Type" content="text/html;charset=utf-8" />
  <meta name='ocr-system' content='tesseract 3.04.00' />
  <meta name='ocr-capabilities' content='ocr_page ocr_carea ocr_par ocr_line ocrx_word'/>
</head>
<body>
  <div class='ocr_page' id='page_1' title='image "./destoicorumstud00strigoog_0146.png"; bbox 0 0 3480 5230; ppageno 0'>
   <div class='ocr_carea' id='block_1_1' title="bbox 784 367 824 430">
    <p class='ocr_par' dir='ltr' id='par_1_1' title="bbox 784 367 824 430">
     <span class='ocr_line' id='line_1_1' title="bbox 784 367 824 430; baseline 0.05 -2"><span class='ocrx_word' id='word_1_1' title='bbox 784 367 824 430; x_wconf 82' lang='lat'>23</span> 
     </span>
    </p>
   </div>
   <div class='ocr_carea' id='block_1_2' title="bbox 700 447 910 460">
    <p class='ocr_par' dir='ltr' id='par_1_2' title="bbox 700 447 910 460">
     <span class='ocr_line' id='line_1_2' title="bbox 700 447 910 460; baseline -0.014 -2"><span class='ocrx_word' id='word_1_2' title='bbox 700 447 910 460; x_wconf 63' lang='grc' dir='ltr'>-η--η-</span> 
     </span>
    </p>
   </div>
   <div class='ocr_carea' id='block_1_3' title="bbox 184 579 1490 4499">
    <p class='ocr_par' dir='ltr' id='par_1_3' title="bbox 194 579 1490 1487">
     <span class='ocr_line' id='line_1_3' title="bbox 199 579 1416 676; baseline 0.012 -29"><span class='ocrx_word' id='word_1_3' title='bbox 199 579 261 647; x_wconf 93' lang='lat' dir='ltr'>hoc</span> <span class='ocrx_word' id='word_1_4' title='bbox 276 603 342 648; x_wconf 91' lang='lat' dir='ltr'>non</span> <span class='ocrx_word' id='word_1_5' title='bbox 356 603 511 668; x_wconf 90' lang='lat' dir='ltr'>premam,</span> <span class='ocrx_word' id='word_1_6' title='bbox 533 586 620 671; x_wconf 89' lang='lat' dir='ltr'>quod</span> <span class='ocrx_word' id='word_1_7' title='bbox 634 584 755 652; x_wconf 83' lang='lat' dir='ltr'><strong>Fabius</strong></span> <span class='ocrx_word' id='word_1_8' title='bbox 771 585 805 672; x_wconf 82' lang='lat' dir='ltr'>(l.</span> <span class='ocrx_word' id='word_1_9' title='bbox 821 589 865 674; x_wconf 87' lang='lat' dir='ltr'>c.)</span> <span class='ocrx_word' id='word_1_10' title='bbox 882 587 973 656; x_wconf 88' lang='lat' dir='ltr'>dicit:</span> <span class='ocrx_word' id='word_1_11' title='bbox 997 612 1059 672; x_wconf 90' lang='lat' dir='ltr'>„ex</span> <span class='ocrx_word' id='word_1_12' title='bbox 1073 590 1239 658; x_wconf 82' lang='lat' dir='ltr'>Ciceronis</span> <span class='ocrx_word' id='word_1_13' title='bbox 1262 612 1416 676; x_wconf 91' lang='lat' dir='ltr'>quoque</span> 
     </span>
     <span class='ocr_line' id='line_1_4' title="bbox 195 689 1416 782; baseline 0.007 -24"><span class='ocrx_word' id='word_1_14' title='bbox 195 690 360 758; x_wconf 91' lang='lat' dir='ltr'>rhetorico</span> <span class='ocrx_word' id='word_1_15' title='bbox 375 689 479 776; x_wconf 93' lang='lat' dir='ltr'>primo</span> <span class='ocrx_word' id='word_1_16' title='bbox 494 690 705 758; x_wconf 80' lang='lat' dir='ltr'>manifestum</span> <span class='ocrx_word' id='word_1_17' title='bbox 720 695 804 773; x_wconf 87' lang='lat' dir='ltr'>est,“</span> <span class='ocrx_word' id='word_1_18' title='bbox 822 692 918 775; x_wconf 81' lang='lat' dir='ltr'><strong>quasi</strong></span> <span class='ocrx_word' id='word_1_19' title='bbox 932 693 1002 778; x_wconf 91' lang='lat' dir='ltr'>ipse</span> <span class='ocrx_word' id='word_1_20' title='bbox 1024 694 1181 780; x_wconf 90' lang='lat' dir='ltr'>genuinos</span> <span class='ocrx_word' id='word_1_21' title='bbox 1196 695 1416 782; x_wconf 78' lang='lat' dir='ltr'>Hermagorae</span> 
     </span>
     <span class='ocr_line' id='line_1_5' title="bbox 196 795 1490 885; baseline 0.004 -23"><span class='ocrx_word' id='word_1_22' title='bbox 196 796 300 863; x_wconf 93' lang='lat' dir='ltr'>libros</span> <span class='ocrx_word' id='word_1_23' title='bbox 315 795 418 862; x_wconf 89' lang='lat' dir='ltr'>oculis</span> <span class='ocrx_word' id='word_1_24' title='bbox 433 795 622 879; x_wconf 77' lang='lat' dir='ltr'><strong>inspexerit.</strong></span> <span class='ocrx_word' id='word_1_25' title='bbox 656 795 758 861; x_wconf 92' lang='lat' dir='ltr'>Immo</span> <span class='ocrx_word' id='word_1_26' title='bbox 773 795 1006 874; x_wconf 79' lang='lat' dir='ltr'><strong>Quintilianum</strong></span> <span class='ocrx_word' id='word_1_27' title='bbox 1020 797 1155 865; x_wconf 89' lang='lat' dir='ltr'>dubium</span> <span class='ocrx_word' id='word_1_28' title='bbox 1167 799 1324 881; x_wconf 86' lang='lat' dir='ltr'>haesisse,</span> <span class='ocrx_word' id='word_1_29' title='bbox 1337 801 1416 885; x_wconf 93' lang='lat' dir='ltr'>quid</span> <span class='ocrx_word' id='word_1_30' title='bbox 1489 845 1490 848; x_wconf 56' lang='lat'><em>=</em></span> 
     </span>
     <span class='ocr_line' id='line_1_6' title="bbox 196 899 1415 987; baseline 0.004 -21"><span class='ocrx_word' id='word_1_31' title='bbox 196 899 353 967; x_wconf 80' lang='lat' dir='ltr'>voluisset</span> <span class='ocrx_word' id='word_1_32' title='bbox 378 899 613 984; x_wconf 79' lang='lat' dir='ltr'>Hermagoras,</span> <span class='ocrx_word' id='word_1_33' title='bbox 637 920 835 985; x_wconf 79' lang='lat' dir='ltr'>cognoscere</span> <span class='ocrx_word' id='word_1_34' title='bbox 860 900 939 967; x_wconf 88' lang='lat' dir='ltr'>licet</span> <span class='ocrx_word' id='word_1_35' title='bbox 972 923 1012 968; x_wconf 84' lang='lat' dir='ltr'>ex</span> <span class='ocrx_word' id='word_1_36' title='bbox 1049 903 1097 969; x_wconf 93' lang='lat' dir='ltr'>eis</span> <span class='ocrx_word' id='word_1_37' title='bbox 1131 902 1254 984; x_wconf 88' lang='lat' dir='ltr'>verbis,</span> <span class='ocrx_word' id='word_1_38' title='bbox 1277 924 1361 987; x_wconf 87' lang='lat' dir='ltr'>quae</span> <span class='ocrx_word' id='word_1_39' title='bbox 1384 905 1415 971; x_wconf 93' lang='lat' dir='ltr'>II</span> 
     </span>
     <span class='ocr_line' id='line_1_7' title="bbox 196 1003 1414 1089; baseline 0.001 -16"><span class='ocrx_word' id='word_1_40' title='bbox 196 1011 375 1086; x_wconf 79' lang='lat' dir='ltr'>21,21nq.</span> <span class='ocrx_word' id='word_1_41' title='bbox 398 1003 540 1088; x_wconf 79' lang='lat' dir='ltr'>profert:</span> <span class='ocrx_word' id='word_1_42' title='bbox 563 1004 805 1088; x_wconf 86' lang='lat' dir='ltr'>‚,Hormagoras</span> <span class='ocrx_word' id='word_1_43' title='bbox 828 1025 959 1089; x_wconf 91' lang='lat' dir='ltr'>quoque</span> <span class='ocrx_word' id='word_1_44' title='bbox 982 1006 1131 1086; x_wconf 90' lang='lat' dir='ltr'>dicendo,</span> <span class='ocrx_word' id='word_1_45' title='bbox 1154 1005 1325 1074; x_wconf 86' lang='lat' dir='ltr'>materiam</span> <span class='ocrx_word' id='word_1_46' title='bbox 1343 1029 1414 1074; x_wconf 91' lang='lat' dir='ltr'>esse</span> 
     </span>
     <span class='ocr_line' id='line_1_8' title="bbox 195 1107 1413 1192; baseline 0.003 -18"><span class='ocrx_word' id='word_1_47' title='bbox 195 1111 230 1174; x_wconf 94' lang='lat' dir='ltr'>in</span> <span class='ocrx_word' id='word_1_48' title='bbox 258 1129 360 1175; x_wconf 91' lang='lat' dir='ltr'>causa</span> <span class='ocrx_word' id='word_1_49' title='bbox 387 1114 420 1174; x_wconf 87' lang='lat' dir='ltr'>et</span> <span class='ocrx_word' id='word_1_50' title='bbox 449 1108 483 1172; x_wconf 94' lang='lat' dir='ltr'>in</span> <span class='ocrx_word' id='word_1_51' title='bbox 511 1107 773 1192; x_wconf 87' lang='lat' dir='ltr'>quaestionibus,</span> <span class='ocrx_word' id='word_1_52' title='bbox 807 1129 918 1175; x_wconf 92' lang='lat' dir='ltr'>omnes</span> <span class='ocrx_word' id='word_1_53' title='bbox 948 1131 1001 1175; x_wconf 90' lang='lat' dir='ltr'>res</span> <span class='ocrx_word' id='word_1_54' title='bbox 1029 1110 1196 1177; x_wconf 88' lang='lat' dir='ltr'>subiectas</span> <span class='ocrx_word' id='word_1_55' title='bbox 1223 1115 1296 1177; x_wconf 90' lang='lat' dir='ltr'>erat</span> <span class='ocrx_word' id='word_1_56' title='bbox 1328 1133 1413 1178; x_wconf 89' lang='lat' dir='ltr'>com·</span> 
     </span>
     <span class='ocr_line' id='line_1_9' title="bbox 196 1211 1412 1298; baseline 0.002 -20"><span class='ocrx_word' id='word_1_57' title='bbox 196 1214 320 1298; x_wconf 87' lang='lat' dir='ltr'>plexus.</span> <span class='ocrx_word' id='word_1_58' title='bbox 366 1211 431 1278; x_wconf 87' lang='lat' dir='ltr'>Sed</span> <span class='ocrx_word' id='word_1_59' title='bbox 461 1211 670 1295; x_wconf 75' lang='lat' dir='ltr'>quaestiones</span> <span class='ocrx_word' id='word_1_60' title='bbox 693 1211 721 1276; x_wconf 90' lang='lat' dir='ltr'>si</span> <span class='ocrx_word' id='word_1_61' title='bbox 743 1215 844 1296; x_wconf 89' lang='lat' dir='ltr'>negat</span> <span class='ocrx_word' id='word_1_62' title='bbox 864 1211 907 1276; x_wconf 92' lang='lat' dir='ltr'>ad</span> <span class='ocrx_word' id='word_1_63' title='bbox 934 1213 1119 1280; x_wconf 78' lang='lat' dir='ltr'>rhetoricen</span> <span class='ocrx_word' id='word_1_64' title='bbox 1146 1213 1323 1298; x_wconf 89' lang='lat' dir='ltr'>pertinere,</span> <span class='ocrx_word' id='word_1_65' title='bbox 1347 1215 1412 1280; x_wconf 88' lang='lat' dir='ltr'>dis·</span> 
     </span>
     <span class='ocr_line' id='line_1_10' title="bbox 195 1314 1413 1402; baseline 0.002 -20"><span class='ocrx_word' id='word_1_66' title='bbox 195 1317 296 1383; x_wconf 87' lang='lat' dir='ltr'>sentit</span> <span class='ocrx_word' id='word_1_67' title='bbox 317 1337 337 1380; x_wconf 88' lang='lat' dir='ltr'>a</span> <span class='ocrx_word' id='word_1_68' title='bbox 360 1315 468 1398; x_wconf 81' lang='lat' dir='ltr'>nobis3</span> <span class='ocrx_word' id='word_1_69' title='bbox 492 1314 520 1380; x_wconf 94' lang='lat' dir='ltr'>si</span> <span class='ocrx_word' id='word_1_70' title='bbox 535 1319 646 1381; x_wconf 92' lang='lat' dir='ltr'>autem</span> <span class='ocrx_word' id='word_1_71' title='bbox 661 1314 703 1380; x_wconf 87' lang='lat' dir='ltr'>ad</span> <span class='ocrx_word' id='word_1_72' title='bbox 725 1314 911 1382; x_wconf 87' lang='lat' dir='ltr'>rhetoricen</span> <span class='ocrx_word' id='word_1_73' title='bbox 933 1316 1109 1400; x_wconf 90' lang='lat' dir='ltr'>pertinent,</span> <span class='ocrx_word' id='word_1_74' title='bbox 1132 1317 1174 1383; x_wconf 92' lang='lat' dir='ltr'>ab</span> <span class='ocrx_word' id='word_1_75' title='bbox 1197 1317 1260 1383; x_wconf 92' lang='lat' dir='ltr'>hoc</span> <span class='ocrx_word' id='word_1_76' title='bbox 1282 1339 1413 1402; x_wconf 89' lang='lat' dir='ltr'>quoque</span> 
     </span>
     <span class='ocr_line' id='line_1_11' title="bbox 194 1420 417 1487; baseline -0.018 0"><span class='ocrx_word' id='word_1_77' title='bbox 194 1420 417 1487; x_wconf 83' lang='lat' dir='ltr'>adiuvamur.“</span> 
     </span>
    </p>

    <p class='ocr_par' dir='ltr' id='par_1_4' title="bbox 189 1521 1414 2846">
     <span class='ocr_line' id='line_1_12' title="bbox 279 1521 1413 1608; baseline 0.002 -20"><span class='ocrx_word' id='word_1_78' title='bbox 279 1523 349 1608; x_wconf 86' lang='lat' dir='ltr'>Ego</span> <span class='ocrx_word' id='word_1_79' title='bbox 365 1523 412 1587; x_wconf 90' lang='lat' dir='ltr'>sic</span> <span class='ocrx_word' id='word_1_80' title='bbox 425 1521 585 1588; x_wconf 87' lang='lat' dir='ltr'>existimo.</span> <span class='ocrx_word' id='word_1_81' title='bbox 623 1523 671 1588; x_wconf 83' lang='lat' dir='ltr'>Ex</span> <span class='ocrx_word' id='word_1_82' title='bbox 687 1523 915 1606; x_wconf 83' lang='lat' dir='ltr'>quaestionum</span> <span class='ocrx_word' id='word_1_83' title='bbox 935 1521 1077 1588; x_wconf 80' lang='lat' dir='ltr'>civilium</span> <span class='ocrx_word' id='word_1_84' title='bbox 1093 1521 1291 1606; x_wconf 90' lang='lat' dir='ltr'>definitione,</span> <span class='ocrx_word' id='word_1_85' title='bbox 1314 1544 1413 1607; x_wconf 89' lang='lat' dir='ltr'>quam</span> 
     </span>
     <span class='ocr_line' id='line_1_13' title="bbox 192 1625 1411 1712; baseline 0.002 -20"><span class='ocrx_word' id='word_1_86' title='bbox 192 1626 300 1694; x_wconf 89' lang='lat' dir='ltr'>tradit</span> <span class='ocrx_word' id='word_1_87' title='bbox 324 1625 525 1712; x_wconf 81' lang='lat' dir='ltr'>Augustinus</span> <span class='ocrx_word' id='word_1_88' title='bbox 555 1647 586 1709; x_wconf 91' lang='lat' dir='ltr'>p.</span> <span class='ocrx_word' id='word_1_89' title='bbox 612 1633 671 1694; x_wconf 86' lang='grc'>138</span> <span class='ocrx_word' id='word_1_90' title='bbox 694 1647 743 1710; x_wconf 84' lang='lat' dir='ltr'>sq.</span> <span class='ocrx_word' id='word_1_91' title='bbox 766 1625 819 1708; x_wconf 86' lang='lat' dir='ltr'>(ol.</span> <span class='ocrx_word' id='word_1_92' title='bbox 840 1626 1010 1691; x_wconf 87' lang='lat' dir='ltr'>Fortunat.</span> <span class='ocrx_word' id='word_1_93' title='bbox 1031 1648 1062 1709; x_wconf 91' lang='lat' dir='ltr'>p.</span> <span class='ocrx_word' id='word_1_94' title='bbox 1086 1631 1124 1692; x_wconf 85' lang='grc'>81</span> <span class='ocrx_word' id='word_1_95' title='bbox 1150 1632 1183 1692; x_wconf 94' lang='lat' dir='ltr'>et</span> <span class='ocrx_word' id='word_1_96' title='bbox 1209 1626 1299 1711; x_wconf 88' lang='lat' dir='ltr'>Sulp.</span> <span class='ocrx_word' id='word_1_97' title='bbox 1327 1628 1411 1695; x_wconf 90' lang='lat' dir='ltr'>Vict.</span> 
     </span>
     <span class='ocr_line' id='line_1_14' title="bbox 191 1719 1411 1818; baseline 0.001 -22"><span class='ocrx_word' id='word_1_98' title='bbox 191 1754 222 1814; x_wconf 88' lang='lat' dir='ltr'>p.</span> <span class='ocrx_word' id='word_1_99' title='bbox 246 1734 321 1809; x_wconf 76' lang='lat'>313)</span> <span class='ocrx_word' id='word_1_100' title='bbox 348 1733 501 1812; x_wconf 88' lang='lat' dir='ltr'>apparet,</span> <span class='ocrx_word' id='word_1_101' title='bbox 528 1729 654 1794; x_wconf 87' lang='lat' dir='ltr'>utiam</span> <span class='ocrx_word' id='word_1_102' title='bbox 683 1749 783 1812; x_wconf 91' lang='lat' dir='ltr'>supra</span> <span class='ocrx_word' id='word_1_103' title='bbox 807 1727 885 1809; x_wconf 84' lang='lat' dir='ltr'>dixi,</span> <span class='ocrx_word' id='word_1_104' title='bbox 906 1727 963 1793; x_wconf 91' lang='lat' dir='ltr'>illa</span> <span class='ocrx_word' id='word_1_105' title='bbox 993 1719 1148 1795; x_wconf 81' lang='grc' dir='ltr'><em>πολιτικὰ</em></span> <span class='ocrx_word' id='word_1_106' title='bbox 1172 1725 1339 1818; x_wconf 83' lang='grc' dir='ltr'><em>ζητήματα</em></span> <span class='ocrx_word' id='word_1_107' title='bbox 1368 1732 1411 1796; x_wconf 88' lang='lat' dir='ltr'>ad</span> 
     </span>
     <span class='ocr_line' id='line_1_15' title="bbox 193 1824 1412 1922; baseline 0.001 -23"><span class='ocrx_word' id='word_1_108' title='bbox 193 1833 376 1899; x_wconf 88' lang='lat' dir='ltr'>Stoicorum</span> <span class='ocrx_word' id='word_1_109' title='bbox 400 1831 582 1897; x_wconf 87' lang='lat' dir='ltr'>doctrinam</span> <span class='ocrx_word' id='word_1_110' title='bbox 606 1853 677 1899; x_wconf 89' lang='lat' dir='ltr'>esse</span> <span class='ocrx_word' id='word_1_111' title='bbox 705 1831 886 1900; x_wconf 85' lang='lat' dir='ltr'>referenda.</span> <span class='ocrx_word' id='word_1_112' title='bbox 932 1831 1013 1898; x_wconf 85' lang='lat' dir='ltr'>Cum</span> <span class='ocrx_word' id='word_1_113' title='bbox 1035 1851 1111 1898; x_wconf 82' lang='lat' dir='ltr'>vero</span> <span class='ocrx_word' id='word_1_114' title='bbox 1134 1824 1291 1899; x_wconf 79' lang='grc' dir='ltr'><em>πολιτικὰ</em></span> <span class='ocrx_word' id='word_1_115' title='bbox 1314 1833 1412 1922; x_wconf 77' lang='grc' dir='ltr'><em>ζητή-</em></span> 
     </span>
     <span class='ocr_line' id='line_1_16' title="bbox 192 1933 1411 2020; baseline 0.002 -18"><span class='ocrx_word' id='word_1_116' title='bbox 192 1959 282 2020; x_wconf 85' lang='grc' dir='ltr'><em>ματα</em></span> <span class='ocrx_word' id='word_1_117' title='bbox 307 1935 449 2000; x_wconf 91' lang='lat' dir='ltr'>oratoris</span> <span class='ocrx_word' id='word_1_118' title='bbox 471 1955 543 2001; x_wconf 87' lang='lat' dir='ltr'>esse</span> <span class='ocrx_word' id='word_1_119' title='bbox 566 1941 758 2015; x_wconf 71' lang='lat' dir='ltr'>statuerent</span> <span class='ocrx_word' id='word_1_120' title='bbox 785 1933 960 2020; x_wconf 84' lang='lat' dir='ltr'>probabile</span> <span class='ocrx_word' id='word_1_121' title='bbox 983 1940 1034 2001; x_wconf 89' lang='lat' dir='ltr'>est</span> <span class='ocrx_word' id='word_1_122' title='bbox 1056 1955 1111 2002; x_wconf 90' lang='lat' dir='ltr'>eos</span> <span class='ocrx_word' id='word_1_123' title='bbox 1133 1933 1199 2000; x_wconf 88' lang='lat' dir='ltr'>illis</span> <span class='ocrx_word' id='word_1_124' title='bbox 1221 1938 1411 2020; x_wconf 88' lang='lat' dir='ltr'>opposuisse</span> 
     </span>
     <span class='ocr_line' id='line_1_17' title="bbox 190 2033 1410 2128; baseline 0.002 -23"><span class='ocrx_word' id='word_1_125' title='bbox 190 2040 257 2106; x_wconf 88' lang='lat' dir='ltr'>alia</span> <span class='ocrx_word' id='word_1_126' title='bbox 280 2036 457 2126; x_wconf 76' lang='grc' dir='ltr'><em>ζητήματα,</em></span> <span class='ocrx_word' id='word_1_127' title='bbox 481 2059 565 2123; x_wconf 89' lang='lat' dir='ltr'>quae</span> <span class='ocrx_word' id='word_1_128' title='bbox 587 2039 697 2105; x_wconf 89' lang='lat' dir='ltr'>aliena</span> <span class='ocrx_word' id='word_1_129' title='bbox 719 2038 762 2104; x_wconf 88' lang='lat' dir='ltr'>ab</span> <span class='ocrx_word' id='word_1_130' title='bbox 778 2043 908 2104; x_wconf 86' lang='lat' dir='ltr'>oratore</span> <span class='ocrx_word' id='word_1_131' title='bbox 924 2044 1048 2107; x_wconf 88' lang='lat' dir='ltr'>essent:</span> <span class='ocrx_word' id='word_1_132' title='bbox 1071 2033 1246 2128; x_wconf 84' lang='grc' dir='ltr'><em>φιλόσοφα,</em></span> <span class='ocrx_word' id='word_1_133' title='bbox 1270 2034 1410 2128; x_wconf 78' lang='grc' dir='ltr'><em>ἰατρικά,</em></span> 
     </span>
     <span class='ocr_line' id='line_1_18' title="bbox 191 2141 1410 2226; baseline 0.002 -18"><span class='ocrx_word' id='word_1_134' title='bbox 191 2143 268 2211; x_wconf 87' lang='lat' dir='ltr'>alia.</span> <span class='ocrx_word' id='word_1_135' title='bbox 313 2141 415 2222; x_wconf 90' lang='lat' dir='ltr'>„Nam</span> <span class='ocrx_word' id='word_1_136' title='bbox 438 2141 641 2208; x_wconf 91' lang='lat' dir='ltr'>medicorum</span> <span class='ocrx_word' id='word_1_137' title='bbox 665 2179 703 2192; x_wconf 90' lang='lat'>·-</span> <span class='ocrx_word' id='word_1_138' title='bbox 726 2143 774 2208; x_wconf 91' lang='lat' dir='ltr'>ait</span> <span class='ocrx_word' id='word_1_139' title='bbox 790 2141 992 2226; x_wconf 83' lang='lat' dir='ltr'>Augustinus</span> <span class='ocrx_word' id='word_1_140' title='bbox 1015 2163 1047 2226; x_wconf 91' lang='lat' dir='ltr'>p.</span> <span class='ocrx_word' id='word_1_141' title='bbox 1074 2147 1134 2209; x_wconf 80' lang='lat'>138</span> <span class='ocrx_word' id='word_1_142' title='bbox 1156 2181 1198 2190; x_wconf 93' lang='lat'>-</span> <span class='ocrx_word' id='word_1_143' title='bbox 1221 2147 1256 2208; x_wconf 88' lang='lat' dir='ltr'>et</span> <span class='ocrx_word' id='word_1_144' title='bbox 1275 2143 1410 2226; x_wconf 87' lang='lat' dir='ltr'>philo-</span> 
     </span>
     <span class='ocr_line' id='line_1_19' title="bbox 190 2244 1409 2332; baseline 0 -20"><span class='ocrx_word' id='word_1_145' title='bbox 190 2246 404 2332; x_wconf 81' lang='lat' dir='ltr'>sophorum</span> <span class='ocrx_word' id='word_1_146' title='bbox 427 2251 461 2310; x_wconf 91' lang='lat' dir='ltr'>et</span> <span class='ocrx_word' id='word_1_147' title='bbox 488 2249 618 2313; x_wconf 89' lang='lat' dir='ltr'>ceterae</span> <span class='ocrx_word' id='word_1_148' title='bbox 639 2245 827 2312; x_wconf 90' lang='lat' dir='ltr'>huiusmodi</span> <span class='ocrx_word' id='word_1_149' title='bbox 850 2244 1061 2329; x_wconf 87' lang='lat' dir='ltr'>quaestiones</span> <span class='ocrx_word' id='word_1_150' title='bbox 1089 2249 1201 2311; x_wconf 85' lang='lat' dir='ltr'>extra</span> <span class='ocrx_word' id='word_1_151' title='bbox 1230 2245 1409 2329; x_wconf 81' lang='lat' dir='ltr'>regulam</span> 
     </span>
     <span class='ocr_line' id='line_1_20' title="bbox 192 2346 1414 2438; baseline 0.001 -22"><span class='ocrx_word' id='word_1_152' title='bbox 192 2350 360 2430; x_wconf 86' lang='lat' dir='ltr'>civilem,</span> <span class='ocrx_word' id='word_1_153' title='bbox 389 2369 486 2433; x_wconf 89' lang='lat' dir='ltr'>quam</span> <span class='ocrx_word' id='word_1_154' title='bbox 511 2346 681 2438; x_wconf 75' lang='grc' dir='ltr'><em>πολιτικήν</em></span> <span class='ocrx_word' id='word_1_155' title='bbox 703 2349 820 2416; x_wconf 88' lang='lat' dir='ltr'>Graeci</span> <span class='ocrx_word' id='word_1_156' title='bbox 841 2353 971 2429; x_wconf 87' lang='lat' dir='ltr'>vocant,</span> <span class='ocrx_word' id='word_1_157' title='bbox 998 2347 1242 2414; x_wconf 82' lang='lat' dir='ltr'>conlocantur.“</span> <span class='ocrx_word' id='word_1_158' title='bbox 1284 2349 1414 2436; x_wconf 65' lang='lat' dir='ltr'>Itaque·</span> 
     </span>
     <span class='ocr_line' id='line_1_21' title="bbox 189 2451 1409 2539; baseline 0.002 -21"><span class='ocrx_word' id='word_1_159' title='bbox 189 2459 228 2519; x_wconf 90' lang='lat' dir='ltr'>ut</span> <span class='ocrx_word' id='word_1_160' title='bbox 250 2475 310 2539; x_wconf 88' lang='lat' dir='ltr'>par</span> <span class='ocrx_word' id='word_1_161' title='bbox 325 2456 406 2532; x_wconf 90' lang='lat' dir='ltr'>erat,</span> <span class='ocrx_word' id='word_1_162' title='bbox 423 2451 464 2516; x_wconf 91' lang='lat' dir='ltr'>de</span> <span class='ocrx_word' id='word_1_163' title='bbox 480 2452 727 2536; x_wconf 87' lang='lat' dir='ltr'>quaestionibus</span> <span class='ocrx_word' id='word_1_164' title='bbox 743 2452 937 2537; x_wconf 91' lang='lat' dir='ltr'>philosopho</span> <span class='ocrx_word' id='word_1_165' title='bbox 953 2451 1218 2518; x_wconf 81' lang='lat' dir='ltr'>convenientibus</span> <span class='ocrx_word' id='word_1_166' title='bbox 1232 2451 1266 2517; x_wconf 93' lang='lat' dir='ltr'>in</span> <span class='ocrx_word' id='word_1_167' title='bbox 1282 2453 1409 2520; x_wconf 90' lang='lat' dir='ltr'>artibus</span> 
     </span>
     <span class='ocr_line' id='line_1_22' title="bbox 189 2552 1407 2639; baseline 0.002 -17"><span class='ocrx_word' id='word_1_168' title='bbox 189 2555 361 2622; x_wconf 88' lang='lat' dir='ltr'>rhetoricis</span> <span class='ocrx_word' id='word_1_169' title='bbox 377 2552 459 2620; x_wconf 93' lang='lat' dir='ltr'>nibil</span> <span class='ocrx_word' id='word_1_170' title='bbox 474 2554 664 2638; x_wconf 86' lang='lat' dir='ltr'>tradebant;</span> <span class='ocrx_word' id='word_1_171' title='bbox 688 2555 829 2623; x_wconf 83' lang='lat' dir='ltr'>fortasse</span> <span class='ocrx_word' id='word_1_172' title='bbox 840 2554 898 2621; x_wconf 88' lang='lat' dir='ltr'>illa</span> <span class='ocrx_word' id='word_1_173' title='bbox 911 2555 979 2621; x_wconf 87' lang='lat' dir='ltr'>tria</span> <span class='ocrx_word' id='word_1_174' title='bbox 1001 2554 1130 2620; x_wconf 89' lang='lat' dir='ltr'>dicendi</span> <span class='ocrx_word' id='word_1_175' title='bbox 1153 2576 1282 2639; x_wconf 88' lang='lat' dir='ltr'>genera,</span> <span class='ocrx_word' id='word_1_176' title='bbox 1294 2556 1407 2624; x_wconf 89' lang='lat' dir='ltr'>lauda-</span> 
     </span>
     <span class='ocr_line' id='line_1_23' title="bbox 189 2656 1407 2745; baseline 0.002 -21"><span class='ocrx_word' id='word_1_177' title='bbox 189 2660 292 2724; x_wconf 81' lang='lat' dir='ltr'>tivum</span> <span class='ocrx_word' id='word_1_178' title='bbox 314 2656 566 2724; x_wconf 81' lang='lat' dir='ltr'>deliberativum</span> <span class='ocrx_word' id='word_1_179' title='bbox 588 2659 756 2739; x_wconf 86' lang='lat' dir='ltr'>iudiciale,</span> <span class='ocrx_word' id='word_1_180' title='bbox 783 2664 821 2724; x_wconf 92' lang='lat' dir='ltr'>nt</span> <span class='ocrx_word' id='word_1_181' title='bbox 848 2664 962 2744; x_wconf 87' lang='lat' dir='ltr'>partes</span> <span class='ocrx_word' id='word_1_182' title='bbox 984 2657 1117 2723; x_wconf 89' lang='lat' dir='ltr'>illarum</span> <span class='ocrx_word' id='word_1_183' title='bbox 1140 2658 1285 2725; x_wconf 85' lang='lat' dir='ltr'>civilium</span> <span class='ocrx_word' id='word_1_184' title='bbox 1308 2681 1407 2745; x_wconf 88' lang='lat' dir='ltr'>quae·</span> 
     </span>
     <span class='ocr_line' id='line_1_24' title="bbox 189 2761 1155 2846; baseline -0.002 -18"><span class='ocrx_word' id='word_1_185' title='bbox 189 2763 330 2828; x_wconf 90' lang='lat' dir='ltr'>stionum</span> <span class='ocrx_word' id='word_1_186' title='bbox 354 2761 534 2846; x_wconf 84' lang='lat' dir='ltr'>ponebant;</span> <span class='ocrx_word' id='word_1_187' title='bbox 557 2763 647 2846; x_wconf 90' lang='lat' dir='ltr'>quod</span> <span class='ocrx_word' id='word_1_188' title='bbox 671 2761 749 2828; x_wconf 85' lang='lat' dir='ltr'>lecit</span> <span class='ocrx_word' id='word_1_189' title='bbox 769 2761 1026 2828; x_wconf 87' lang='lat' dir='ltr'>Fortunatianus</span> <span class='ocrx_word' id='word_1_190' title='bbox 1048 2781 1079 2843; x_wconf 89' lang='lat' dir='ltr'>p.</span> <span class='ocrx_word' id='word_1_191' title='bbox 1103 2767 1155 2828; x_wconf 85' lang='grc'>81.</span> 
     </span>
    </p>

    <p class='ocr_par' dir='ltr' id='par_1_5' title="bbox 184 2860 1455 4499">
     <span class='ocr_line' id='line_1_25' title="bbox 274 2860 1407 2950; baseline 0.002 -20"><span class='ocrx_word' id='word_1_192' title='bbox 274 2864 338 2931; x_wconf 89' lang='lat' dir='ltr'>Sed</span> <span class='ocrx_word' id='word_1_193' title='bbox 359 2864 464 2930; x_wconf 89' lang='lat' dir='ltr'>isdem</span> <span class='ocrx_word' id='word_1_194' title='bbox 487 2865 690 2950; x_wconf 89' lang='lat' dir='ltr'>temporibus</span> <span class='ocrx_word' id='word_1_195' title='bbox 713 2870 812 2949; x_wconf 89' lang='lat' dir='ltr'>atque</span> <span class='ocrx_word' id='word_1_196' title='bbox 835 2865 900 2930; x_wconf 93' lang='lat' dir='ltr'>iam</span> <span class='ocrx_word' id='word_1_197' title='bbox 923 2870 1022 2929; x_wconf 88' lang='lat' dir='ltr'>antea</span> <span class='ocrx_word' id='word_1_198' title='bbox 1036 2860 1134 2943; x_wconf 80' lang='grc' dir='ltr'><strong><em>θέσις</em></strong></span> <span class='ocrx_word' id='word_1_199' title='bbox 1156 2864 1351 2931; x_wconf 86' lang='lat' dir='ltr'>vocabulum</span> <span class='ocrx_word' id='word_1_200' title='bbox 1373 2867 1407 2933; x_wconf 92' lang='lat' dir='ltr'>in</span> 
     </span>
     <span class='ocr_line' id='line_1_26' title="bbox 189 2964 1407 3052; baseline 0.002 -18"><span class='ocrx_word' id='word_1_201' title='bbox 189 2989 251 3034; x_wconf 90' lang='lat' dir='ltr'>usu</span> <span class='ocrx_word' id='word_1_202' title='bbox 275 2967 384 3046; x_wconf 88' lang='lat' dir='ltr'>luisse,</span> <span class='ocrx_word' id='word_1_203' title='bbox 415 2973 453 3032; x_wconf 91' lang='lat' dir='ltr'>ut</span> <span class='ocrx_word' id='word_1_204' title='bbox 475 2967 705 3052; x_wconf 86' lang='lat' dir='ltr'>designaretur</span> <span class='ocrx_word' id='word_1_205' title='bbox 727 2967 877 3051; x_wconf 90' lang='lat' dir='ltr'>quaestio</span> <span class='ocrx_word' id='word_1_206' title='bbox 900 2966 943 3032; x_wconf 90' lang='lat' dir='ltr'>ad</span> <span class='ocrx_word' id='word_1_207' title='bbox 965 2964 1206 3050; x_wconf 84' lang='lat' dir='ltr'>philosophiam</span> <span class='ocrx_word' id='word_1_208' title='bbox 1229 2969 1407 3052; x_wconf 90' lang='lat' dir='ltr'>pertinens,</span> 
     </span>
     <span class='ocr_line' id='line_1_27' title="bbox 188 3065 1407 3160; baseline 0.002 -22"><span class='ocrx_word' id='word_1_209' title='bbox 188 3093 228 3138; x_wconf 88' lang='lat' dir='ltr'>ex</span> <span class='ocrx_word' id='word_1_210' title='bbox 244 3069 421 3138; x_wconf 79' lang='lat' dir='ltr'>Aristotele</span> <span class='ocrx_word' id='word_1_211' title='bbox 436 3070 530 3155; x_wconf 75' lang='lat' dir='ltr'>(Top.</span> <span class='ocrx_word' id='word_1_212' title='bbox 546 3071 562 3135; x_wconf 93' lang='lat'>1</span> <span class='ocrx_word' id='word_1_213' title='bbox 581 3074 632 3154; x_wconf 92' lang='lat' dir='ltr'>ll)</span> <span class='ocrx_word' id='word_1_214' title='bbox 647 3071 724 3137; x_wconf 87' lang='lat' dir='ltr'>licet</span> <span class='ocrx_word' id='word_1_215' title='bbox 738 3071 942 3154; x_wconf 90' lang='lat' dir='ltr'>intellegere:</span> <span class='ocrx_word' id='word_1_216' title='bbox 966 3067 1065 3148; x_wconf 86' lang='grc' dir='ltr'><em>θέσις</em></span> <span class='ocrx_word' id='word_1_217' title='bbox 1081 3067 1117 3136; x_wconf 84' lang='grc' dir='ltr'>δέ</span> <span class='ocrx_word' id='word_1_218' title='bbox 1131 3067 1219 3137; x_wconf 83' lang='grc' dir='ltr'><em>ἐστιν</em></span> <span class='ocrx_word' id='word_1_219' title='bbox 1237 3065 1407 3160; x_wconf 77' lang='grc' dir='ltr'><em>ὑπόληψις</em></span> 
     </span>
     <span class='ocr_line' id='line_1_28' title="bbox 189 3162 1406 3264; baseline 0.003 -26"><span class='ocrx_word' id='word_1_220' title='bbox 189 3171 373 3264; x_wconf 76' lang='grc' dir='ltr'><em>παράδοξος</em></span> <span class='ocrx_word' id='word_1_221' title='bbox 405 3177 470 3239; x_wconf 83' lang='grc' dir='ltr'>τῶν</span> <span class='ocrx_word' id='word_1_222' title='bbox 500 3169 668 3261; x_wconf 79' lang='grc' dir='ltr'><em>γνωρίμων</em></span> <span class='ocrx_word' id='word_1_223' title='bbox 697 3171 784 3254; x_wconf 86' lang='grc' dir='ltr'><em>τινὸς</em></span> <span class='ocrx_word' id='word_1_224' title='bbox 821 3162 920 3238; x_wconf 83' lang='grc' dir='ltr'><em>κατὰ</em></span> <span class='ocrx_word' id='word_1_225' title='bbox 958 3168 1214 3260; x_wconf 79' lang='grc' dir='ltr'><em>φιλοσοφίαν,</em></span> <span class='ocrx_word' id='word_1_226' title='bbox 1252 3163 1321 3240; x_wconf 84' lang='grc' dir='ltr'><em>οἷον</em></span> <span class='ocrx_word' id='word_1_227' title='bbox 1356 3169 1406 3242; x_wconf 80' lang='grc' dir='ltr'><em>ὅτι</em></span> 
     </span>
     <span class='ocr_line' id='line_1_29' title="bbox 188 3267 1405 3366; baseline -0.002 -22"><span class='ocrx_word' id='word_1_228' title='bbox 188 3276 244 3344; x_wconf 81' lang='grc' dir='ltr'>οὐκ</span> <span class='ocrx_word' id='word_1_229' title='bbox 276 3272 364 3343; x_wconf 75' lang='grc' dir='ltr'><em>ἔστιν</em></span> <span class='ocrx_word' id='word_1_230' title='bbox 395 3269 583 3364; x_wconf 73' lang='grc' dir='ltr'><em>ἀντιλέγειν,</em></span> <span class='ocrx_word' id='word_1_231' title='bbox 620 3274 778 3366; x_wconf 82' lang='grc' dir='ltr'><em>καθάπερ</em></span> <span class='ocrx_word' id='word_1_232' title='bbox 809 3271 871 3364; x_wconf 73' lang='grc' dir='ltr'>ἔφη</span> <span class='ocrx_word' id='word_1_233' title='bbox 899 3267 1126 3363; x_wconf 69' lang='grc' dir='ltr'><em>Ἀντισθένης,</em></span> <span class='ocrx_word' id='word_1_234' title='bbox 1159 3269 1183 3363; x_wconf 77' lang='grc' dir='ltr'><em>ἢ</em></span> <span class='ocrx_word' id='word_1_235' title='bbox 1209 3269 1261 3343; x_wconf 81' lang='grc' dir='ltr'><em>ὅτι</em></span> <span class='ocrx_word' id='word_1_236' title='bbox 1294 3274 1405 3342; x_wconf 80' lang='grc' dir='ltr'><em>πάνια</em></span> 
     </span>
     <span class='ocr_line' id='line_1_30' title="bbox 186 3371 1404 3468; baseline 0 -22"><span class='ocrx_word' id='word_1_237' title='bbox 186 3383 324 3446; x_wconf 84' lang='grc' dir='ltr'><em>κινεῖται</em></span> <span class='ocrx_word' id='word_1_238' title='bbox 350 3372 429 3446; x_wconf 75' lang='grc' dir='ltr'>καθ’</span> <span class='ocrx_word' id='word_1_239' title='bbox 456 3372 706 3468; x_wconf 69' lang='grc' dir='ltr'><em>Ἧριέιῠειτονῆ</em></span> <span class='ocrx_word' id='word_1_240' title='bbox 731 3375 783 3446; x_wconf 80' lang='grc' dir='ltr'><em>ὅτι</em></span> <span class='ocrx_word' id='word_1_241' title='bbox 804 3375 838 3446; x_wconf 70' lang='lat' dir='ltr'>tv</span> <span class='ocrx_word' id='word_1_242' title='bbox 864 3376 902 3445; x_wconf 86' lang='grc' dir='ltr'>τὸ</span> <span class='ocrx_word' id='word_1_243' title='bbox 928 3371 966 3446; x_wconf 76' lang='lat' dir='ltr'>dv</span> <span class='ocrx_word' id='word_1_244' title='bbox 991 3377 1058 3444; x_wconf 84' lang='grc' dir='ltr'><em>κτλ.</em></span> <span class='ocrx_word' id='word_1_245' title='bbox 1103 3378 1152 3443; x_wconf 84' lang='lat' dir='ltr'>Ex</span> <span class='ocrx_word' id='word_1_246' title='bbox 1179 3379 1294 3445; x_wconf 86' lang='lat' dir='ltr'>codem</span> <span class='ocrx_word' id='word_1_247' title='bbox 1328 3401 1404 3447; x_wconf 86' lang='lat' dir='ltr'>vero</span> 
     </span>
     <span class='ocr_line' id='line_1_31' title="bbox 185 3481 1405 3566; baseline 0.002 -19"><span class='ocrx_word' id='word_1_248' title='bbox 185 3482 258 3548; x_wconf 91' lang='lat' dir='ltr'>loco</span> <span class='ocrx_word' id='word_1_249' title='bbox 286 3481 384 3548; x_wconf 93' lang='lat' dir='ltr'>simul</span> <span class='ocrx_word' id='word_1_250' title='bbox 407 3483 561 3549; x_wconf 91' lang='lat' dir='ltr'>discimus</span> <span class='ocrx_word' id='word_1_251' title='bbox 577 3482 764 3549; x_wconf 88' lang='lat' dir='ltr'>Aristotelis</span> <span class='ocrx_word' id='word_1_252' title='bbox 787 3488 896 3549; x_wconf 86' lang='lat' dir='ltr'>aetate</span> <span class='ocrx_word' id='word_1_253' title='bbox 918 3481 1093 3549; x_wconf 87' lang='lat' dir='ltr'>dialectica</span> <span class='ocrx_word' id='word_1_254' title='bbox 1112 3481 1317 3566; x_wconf 88' lang='lat' dir='ltr'>problemata</span> <span class='ocrx_word' id='word_1_255' title='bbox 1337 3482 1405 3549; x_wconf 86' lang='lat' dir='ltr'>sere</span> 
     </span>
     <span class='ocr_line' id='line_1_32' title="bbox 186 3577 1406 3671; baseline 0.003 -22"><span class='ocrx_word' id='word_1_256' title='bbox 186 3581 301 3664; x_wconf 84' lang='grc' dir='ltr'><em>θέσεις</em></span> <span class='ocrx_word' id='word_1_257' title='bbox 335 3606 407 3651; x_wconf 85' lang='lat' dir='ltr'>ease</span> <span class='ocrx_word' id='word_1_258' title='bbox 440 3586 637 3671; x_wconf 84' lang='lat' dir='ltr'>appellatas:</span> <span class='ocrx_word' id='word_1_259' title='bbox 683 3577 797 3668; x_wconf 83' lang='grc' dir='ltr'><em>σχεδὸν</em></span> <span class='ocrx_word' id='word_1_260' title='bbox 832 3584 870 3652; x_wconf 81' lang='grc' dir='ltr'>δέ</span> <span class='ocrx_word' id='word_1_261' title='bbox 907 3589 960 3650; x_wconf 80' lang='grc' dir='ltr'>νῦν</span> <span class='ocrx_word' id='word_1_262' title='bbox 996 3583 1106 3650; x_wconf 78' lang='grc' dir='ltr'><em>πάντα</em></span> <span class='ocrx_word' id='word_1_263' title='bbox 1141 3577 1183 3650; x_wconf 83' lang='grc' dir='ltr'>τὰ</span> <span class='ocrx_word' id='word_1_264' title='bbox 1220 3578 1406 3653; x_wconf 70' lang='grc' dir='ltr'><em>διαλεκτικὰ</em></span> 
     </span>
     <span class='ocr_line' id='line_1_33' title="bbox 186 3685 1404 3774; baseline 0.002 -22"><span class='ocrx_word' id='word_1_265' title='bbox 186 3685 405 3774; x_wconf 79' lang='grc' dir='ltr'><strong><em>προβλήματα</em></strong></span> <span class='ocrx_word' id='word_1_266' title='bbox 442 3689 557 3770; x_wconf 83' lang='grc' dir='ltr'><em>θέσεις</em></span> <span class='ocrx_word' id='word_1_267' title='bbox 591 3689 773 3756; x_wconf 72' lang='grc' dir='ltr'><em>καλοῦνται.</em></span> <span class='ocrx_word' id='word_1_268' title='bbox 827 3689 936 3772; x_wconf 90' lang='lat' dir='ltr'>Atque</span> <span class='ocrx_word' id='word_1_269' title='bbox 972 3687 1158 3770; x_wconf 87' lang='lat' dir='ltr'>accepimus</span> <span class='ocrx_word' id='word_1_270' title='bbox 1192 3687 1404 3755; x_wconf 91' lang='lat' dir='ltr'>Aristotelem</span> 
     </span>
     <span class='ocr_line' id='line_1_34' title="bbox 187 3788 1405 3876; baseline 0.002 -21"><span class='ocrx_word' id='word_1_271' title='bbox 187 3795 221 3856; x_wconf 88' lang='lat' dir='ltr'>et</span> <span class='ocrx_word' id='word_1_272' title='bbox 243 3788 502 3876; x_wconf 86' lang='lat' dir='ltr'>Theophrastum</span> <span class='ocrx_word' id='word_1_273' title='bbox 524 3796 716 3876; x_wconf 91' lang='lat' dir='ltr'>ceterosque</span> <span class='ocrx_word' id='word_1_274' title='bbox 739 3791 892 3875; x_wconf 88' lang='lat' dir='ltr'>deinceps</span> <span class='ocrx_word' id='word_1_275' title='bbox 915 3790 1152 3873; x_wconf 89' lang='lat' dir='ltr'>Peripateticos</span> <span class='ocrx_word' id='word_1_276' title='bbox 1175 3788 1323 3856; x_wconf 89' lang='lat' dir='ltr'>thesibus</span> <span class='ocrx_word' id='word_1_277' title='bbox 1354 3791 1405 3857; x_wconf 86' lang='lat' dir='ltr'>vel</span> 
     </span>
     <span class='ocr_line' id='line_1_35' title="bbox 186 3892 1403 3979; baseline 0.002 -21"><span class='ocrx_word' id='word_1_278' title='bbox 186 3892 355 3959; x_wconf 91' lang='lat' dir='ltr'>rhetorum</span> <span class='ocrx_word' id='word_1_279' title='bbox 369 3894 403 3960; x_wconf 91' lang='lat' dir='ltr'>in</span> <span class='ocrx_word' id='word_1_280' title='bbox 417 3895 549 3961; x_wconf 89' lang='lat' dir='ltr'>modum</span> <span class='ocrx_word' id='word_1_281' title='bbox 572 3895 754 3961; x_wconf 85' lang='lat' dir='ltr'>tractandis</span> <span class='ocrx_word' id='word_1_282' title='bbox 770 3915 921 3979; x_wconf 86' lang='lat' dir='ltr'>magnam</span> <span class='ocrx_word' id='word_1_283' title='bbox 944 3913 1076 3977; x_wconf 89' lang='lat' dir='ltr'>operam</span> <span class='ocrx_word' id='word_1_284' title='bbox 1100 3895 1281 3976; x_wconf 81' lang='lat' dir='ltr'>navasse.¹)</span> <span class='ocrx_word' id='word_1_285' title='bbox 1318 3895 1403 3973; x_wconf 82' lang='lat' dir='ltr'>Quin</span> 
     </span>
     <span class='ocr_line' id='line_1_36' title="bbox 187 3992 1403 4082; baseline -0.001 -19"><span class='ocrx_word' id='word_1_286' title='bbox 187 3995 288 4063; x_wconf 86' lang='lat' dir='ltr'>etiam</span> <span class='ocrx_word' id='word_1_287' title='bbox 309 3997 504 4064; x_wconf 86' lang='lat' dir='ltr'>Aristoteles</span> <span class='ocrx_word' id='word_1_288' title='bbox 528 4002 561 4063; x_wconf 91' lang='lat' dir='ltr'>et</span> <span class='ocrx_word' id='word_1_289' title='bbox 584 3995 826 4082; x_wconf 88' lang='lat' dir='ltr'>Theophrastus</span> <span class='ocrx_word' id='word_1_290' title='bbox 849 3996 951 4063; x_wconf 88' lang='lat' dir='ltr'>hbros</span> <span class='ocrx_word' id='word_1_291' title='bbox 973 3992 1090 4076; x_wconf 80' lang='grc' dir='ltr'><em>θέσεις</em></span> <span class='ocrx_word' id='word_1_292' title='bbox 1116 3995 1293 4080; x_wconf 88' lang='lat' dir='ltr'>inscriptos</span> <span class='ocrx_word' id='word_1_293' title='bbox 1316 4017 1403 4062; x_wconf 92' lang='lat' dir='ltr'>com-</span> 
     </span>
     <span class='ocr_line' id='line_1_37' title="bbox 186 4097 1439 4186; baseline 0 -20"><span class='ocrx_word' id='word_1_294' title='bbox 186 4104 368 4185; x_wconf 89' lang='lat' dir='ltr'>posuerunt</span> <span class='ocrx_word' id='word_1_295' title='bbox 389 4105 474 4167; x_wconf 90' lang='lat' dir='ltr'>teste</span> <span class='ocrx_word' id='word_1_296' title='bbox 496 4101 626 4167; x_wconf 89' lang='lat' dir='ltr'>Theone</span> <span class='ocrx_word' id='word_1_297' title='bbox 649 4100 682 4165; x_wconf 94' lang='lat' dir='ltr'>II</span> <span class='ocrx_word' id='word_1_298' title='bbox 703 4124 734 4186; x_wconf 89' lang='lat' dir='ltr'>p.</span> <span class='ocrx_word' id='word_1_299' title='bbox 758 4109 798 4169; x_wconf 90' lang='grc'>69</span> <span class='ocrx_word' id='word_1_300' title='bbox 814 4101 870 4186; x_wconf 86' lang='lat' dir='ltr'>Sp.</span> <span class='ocrx_word' id='word_1_301' title='bbox 914 4098 1083 4165; x_wconf 84' lang='lat' dir='ltr'>Eiusmodi</span> <span class='ocrx_word' id='word_1_302' title='bbox 1098 4097 1335 4165; x_wconf 88' lang='lat' dir='ltr'>sententiarum</span> <span class='ocrx_word' id='word_1_303' title='bbox 1359 4101 1402 4166; x_wconf 92' lang='lat' dir='ltr'>ad</span> <span class='ocrx_word' id='word_1_304' title='bbox 1438 4147 1439 4152; x_wconf 18' lang='grc' dir='ltr'><strong>κ</strong></span> 
     </span>
     <span class='ocr_line' id='line_1_38' title="bbox 185 4201 1455 4289; baseline 0 -21"><span class='ocrx_word' id='word_1_305' title='bbox 185 4202 413 4270; x_wconf 90' lang='lat' dir='ltr'>disserendum</span> <span class='ocrx_word' id='word_1_306' title='bbox 446 4203 481 4269; x_wconf 91' lang='lat' dir='ltr'>in</span> <span class='ocrx_word' id='word_1_307' title='bbox 513 4208 688 4287; x_wconf 90' lang='lat' dir='ltr'>utramque</span> <span class='ocrx_word' id='word_1_308' title='bbox 715 4209 844 4289; x_wconf 85' lang='lat' dir='ltr'>partem</span> <span class='ocrx_word' id='word_1_309' title='bbox 877 4201 1119 4288; x_wconf 90' lang='lat' dir='ltr'>propositarum</span> <span class='ocrx_word' id='word_1_310' title='bbox 1151 4201 1403 4268; x_wconf 84' lang='lat' dir='ltr'>exercitationes</span> <span class='ocrx_word' id='word_1_311' title='bbox 1454 4233 1455 4236; x_wconf 38' lang='lat'>¹</span> 
     </span>
     <span class='ocr_line' id='line_1_39' title="bbox 184 4303 1402 4393; baseline 0.001 -22"><span class='ocrx_word' id='word_1_312' title='bbox 184 4305 310 4391; x_wconf 91' lang='lat' dir='ltr'>primus</span> <span class='ocrx_word' id='word_1_313' title='bbox 338 4305 518 4374; x_wconf 85' lang='lat' dir='ltr'>ostendisse</span> <span class='ocrx_word' id='word_1_314' title='bbox 549 4306 693 4372; x_wconf 87' lang='lat' dir='ltr'>traditur</span> <span class='ocrx_word' id='word_1_315' title='bbox 721 4307 917 4389; x_wconf 87' lang='lat' dir='ltr'>Protagoras</span> <span class='ocrx_word' id='word_1_316' title='bbox 952 4303 1113 4388; x_wconf 88' lang='lat' dir='ltr'>sophista:</span> <span class='ocrx_word' id='word_1_317' title='bbox 1148 4303 1402 4393; x_wconf 77' lang='grc' dir='ltr'><em>(Πρωταγόρας)</em></span> 
     </span>
     <span class='ocr_line' id='line_1_40' title="bbox 186 4403 1401 4499; baseline -0.001 -25"><span class='ocrx_word' id='word_1_318' title='bbox 186 4415 317 4496; x_wconf 81' lang='grc' dir='ltr'><em>πρῶτος</em></span> <span class='ocrx_word' id='word_1_319' title='bbox 342 4408 504 4492; x_wconf 83' lang='grc' dir='ltr'><em>κατέδειξε</em></span> <span class='ocrx_word' id='word_1_320' title='bbox 532 4403 592 4490; x_wconf 81' lang='grc' dir='ltr'>τὰς</span> <span class='ocrx_word' id='word_1_321' title='bbox 624 4405 708 4499; x_wconf 75' lang='grc' dir='ltr'><em>πρὸς</em></span> <span class='ocrx_word' id='word_1_322' title='bbox 733 4406 793 4490; x_wconf 81' lang='grc' dir='ltr'>τὰς</span> <span class='ocrx_word' id='word_1_323' title='bbox 826 4405 939 4488; x_wconf 87' lang='grc' dir='ltr'><em>θέσεις</em></span> <span class='ocrx_word' id='word_1_324' title='bbox 965 4405 1197 4497; x_wconf 81' lang='grc' dir='ltr'><em>ἐπιχειρήσεις,</em></span> <span class='ocrx_word' id='word_1_325' title='bbox 1231 4403 1275 4488; x_wconf 78' lang='grc' dir='ltr'>ὥς</span> <span class='ocrx_word' id='word_1_326' title='bbox 1302 4431 1401 4497; x_wconf 84' lang='grc' dir='ltr'><em>φησιν</em></span> 
     </span>
    </p>
   </div>
   <div class='ocr_carea' id='block_1_4' title="bbox 137 4597 1191 4676">
    <p class='ocr_par' dir='ltr' id='par_1_6' title="bbox 137 4597 1191 4676">
     <span class='ocr_line' id='line_1_41' title="bbox 137 4597 1191 4676; baseline -0.008 -17"><span class='ocrx_word' id='word_1_327' title='bbox 137 4605 139 4608; x_wconf 83' lang='grc'><strong>’</strong></span> <span class='ocrx_word' id='word_1_328' title='bbox 254 4599 275 4676; x_wconf 80' lang='lat'>¹)</span> <span class='ocrx_word' id='word_1_329' title='bbox 294 4598 348 4654; x_wconf 87' lang='lat' dir='ltr'>Cic.</span> <span class='ocrx_word' id='word_1_330' title='bbox 367 4615 406 4660; x_wconf 85' lang='lat' dir='ltr'>or.</span> <span class='ocrx_word' id='word_1_331' title='bbox 423 4599 465 4653; x_wconf 82' lang='grc'>46.</span> <span class='ocrx_word' id='word_1_332' title='bbox 486 4601 548 4675; x_wconf 72' lang='lat'>1273</span> <span class='ocrx_word' id='word_1_333' title='bbox 566 4599 644 4655; x_wconf 82' lang='lat' dir='ltr'>Tuae.</span> <span class='ocrx_word' id='word_1_334' title='bbox 664 4599 737 4670; x_wconf 75' lang='lat'><em>1193</em></span> <span class='ocrx_word' id='word_1_335' title='bbox 756 4599 790 4654; x_wconf 86' lang='lat' dir='ltr'>de</span> <span class='ocrx_word' id='word_1_336' title='bbox 807 4597 852 4656; x_wconf 86' lang='lat' dir='ltr'>fin.</span> <span class='ocrx_word' id='word_1_337' title='bbox 871 4597 895 4653; x_wconf 84' lang='lat' dir='ltr'>V</span> <span class='ocrx_word' id='word_1_338' title='bbox 915 4599 960 4670; x_wconf 76' lang='lat'>10;</span> <span class='ocrx_word' id='word_1_339' title='bbox 980 4597 1057 4672; x_wconf 79' lang='lat' dir='ltr'>Diog.</span> <span class='ocrx_word' id='word_1_340' title='bbox 1075 4597 1106 4651; x_wconf 85' lang='lat' dir='ltr'>L.</span> <span class='ocrx_word' id='word_1_341' title='bbox 1126 4597 1148 4652; x_wconf 88' lang='lat' dir='ltr'>V</span> <span class='ocrx_word' id='word_1_342' title='bbox 1166 4599 1191 4652; x_wconf 88' lang='lat'>3.</span> 
     </span>
    </p>
   </div>
   <div class='ocr_carea' id='block_1_5' title="bbox 0 0 1744 5230">
    <p class='ocr_par' dir='ltr' id='par_1_7' title="bbox 0 0 1744 5230">
     <span class='ocr_line' id='line_1_42' title="bbox 0 0 1744 5230; baseline 0 5"><span class='ocrx_word' id='word_1_343' title='bbox 0 0 1744 5230; x_wconf 95' lang='lat' dir='ltr'> </span> 
     </span>
    </p>
   </div>
  </div>
 </body>
</html>
