3514 5244
756 439 798 502 st

160 633 304 716 aliisque
318 635 467 719 praebet:
490 636 667 700 mittendum
683 638 716 698 in
733 638 836 716 ipocs
858 637 916 698 sit.
933 671 977 680 -
992 636 1021 716 3,
1036 637 1056 699 3
1081 632 1115 697 id
1138 631 1224 715 quod
1248 653 1318 697 cum
1334 631 1390 714 gT
1411 687 1414 692 .

161 739 263 806 habet
289 745 424 826 potionis
450 744 543 806 ultius
573 744 697 806 ieiuno
729 745 829 808 iturae
855 739 1103 826 praeferendum
1132 747 1182 806 est
1213 747 1390 804 ceterorum

161 846 316 912 librorum
347 847 597 933 corruptelis⁴⁶t
627 885 669 896 -
697 848 843 932 Π16,2
875 868 957 914 unus
989 849 1017 912 A
1050 845 1218 912 coufirmat
1244 845 1391 910 Pinciani

160 954 421 1020 emendationem
452 958 623 1040 uoluptates
651 957 790 1022 turbidos
817 978 926 1038 mcpno
955 957 1124 1035 luendae,
1157 953 1257 1019 ceteri
1280 970 1390 1017 omnes

100 1103 104 1114 ·
161 1063 343 1126 leucredca
370 1062 423 1128 vel
451 1065 642 1128 locuturos
669 1062 865 1128 habent-
889 1063 941 1147 lv,
968 1065 1018 1146 12,
1043 1064 1063 1128 3
1094 1063 1222 1126 umbro
1245 1062 1274 1125 A
1301 1057 1391 1125 solus

163 1187 205 1232 ex
227 1169 457 1234 vetustioribus
480 1177 556 1234 ante
578 1170 757 1236 subnectens
780 1170 931 1236 servavit.
956 1169 1170 1252 -1111,12
1194 1187 1266 1232 cum
1279 1167 1391 1249 Arg.b

161 1273 303 1357 aliisque
325 1281 412 1340 recte
436 1274 537 1341 tradit
557 1299 665 1342 mccc
687 1299 746 1342 arec
767 1280 833 1361 ipae
855 1279 1002 1357 duuisaet,
1028 1276 1053 1340 P
1077 1275 1156 1340 Pr.b
1179 1296 1225 1340 on
1247 1295 1306 1338 arto
1327 1277 1392 1357 ipae

159 1383 309 1446 damnaei.
349 1381 423 1447 aliis
437 1382 562 1449 locisA
585 1383 718 1468 propius
743 1403 839 1467 qnam
863 1383 962 1450 ceteri
986 1382 1029 1448 ad
1054 1383 1211 1466 genuinas
1235 1379 1391 1446 lectiones

163 1487 322 1554 accedere
346 1488 473 1554 videtur
496 1489 598 1572 (velut
621 1491 649 1554 V
668 1493 699 1575 4,
725 1494 742 1556 7
767 1490 866 1557 babet
888 1495 997 1556 iatum
1019 1491 1247 1554 similitudinem
1270 1507 1327 1573 pro
1352 1507 1390 1552 eo

161 1594 251 1678 quod
280 1601 330 1660 est
356 1598 447 1662 bono
478 1597 731 1681 similitudinem),
765 1599 824 1664 sed
857 1598 934 1681 quia
962 1596 1032 1664 lieri
1060 1605 1176 1682 potest,
1205 1604 1240 1661 ut
1268 1595 1391 1659 librarii

160 1701 301 1766 alicuius
324 1702 455 1785 ingenio
479 1705 593 1769 nuutati
618 1705 696 1788 sint,
725 1704 800 1770 nolo
832 1704 873 1770 iis
897 1704 940 1770 ad
964 1704 1158 1771 senteutiam
1185 1723 1290 1768 meam
1318 1723 1390 1788 pro-

162 1807 304 1873 bandam
328 1809 384 1876 uti.

252 1933 500 2018 Amplonianum
524 1935 622 2019 igitur
645 1956 717 2001 cum
731 1937 903 2002 Fickertus
927 1955 999 2001 cum
1022 1934 1169 2002 codiceb
1190 1936 1388 2002 consentien-
1460 1974 1466 1986 ·

160 2045 227 2104 tem
264 2039 413 2124 vidisset,
450 2043 534 2108 hunc
566 2063 606 2108 ex
639 2045 668 2108 A
705 2041 901 2128 descriptum
934 2063 1007 2109 esse
1041 2043 1192 2128 opinatus
1224 2043 1389 2109 rarissime

161 2149 425 2214 commemoravit
452 2149 496 2234 (p.
521 2151 598 2234 291),
629 2151 705 2234 761),
737 2151 834 2234 1711),
862 2154 958 2234 liba,
985 2154 1098 2230 186a).
1144 2170 1254 2216 verum
1282 2157 1390 2216 tamen

160 2273 235 2318 curn
263 2252 322 2320 hos
350 2275 482 2340 prorsus
510 2275 687 2340 congruere
715 2255 878 2323 affirmare
907 2278 1006 2325 ausus
1034 2277 1097 2322 non
1126 2257 1176 2340 sit,
1208 2278 1248 2323 ex
1276 2256 1390 2323 eodem

162 2379 221 2426 eoo
245 2360 422 2448 archetypo
446 2363 610 2430 derivatos
635 2383 708 2430 esse
732 2384 795 2429 non
819 2365 924 2430 minus
947 2365 1116 2449 probabile
1138 2364 1274 2429 videtur.
1315 2384 1390 2428 nam

161 2465 250 2549 quod
274 2469 302 2532 V
327 2472 355 2554 8,
380 2473 400 2536 8
427 2471 528 2536 verba
555 2470 715 2554 quaedam
744 2472 778 2538 in
801 2472 829 2535 A
858 2480 1020 2558 expuncta
1043 2473 1076 2538 in
1099 2473 1120 2538 b
1144 2471 1390 2558 omittuntur,⁴⁷)
1491 2513 1494 2522 ·

160 2573 197 2638 id
230 2575 329 2640 ctiam
361 2577 388 2643 si
422 2578 588 2662 utriusque
620 2578 771 2646 librarius
801 2578 938 2645 eundenu
966 2579 1177 2664 archetypum
1205 2579 1246 2644 ob
1279 2579 1390 2646 oculos

162 2680 318 2767 habebat,
341 2683 411 2749 fieri
436 2685 549 2770 potuit.
595 2706 695 2770 quare
723 2695 757 2752 ut
785 2687 868 2753 alios
892 2686 1047 2770 plurimos
1069 2685 1170 2753 libros
1194 2706 1215 2750 a
1238 2685 1389 2752 Fickerto

160 2786 327 2856 adhibitos
351 2791 399 2857 ita
423 2791 505 2858 hunc
529 2813 656 2876 quoque
680 2792 785 2859 denuo
810 2792 1058 2860 examinandum
1083 2813 1156 2859 esse
1181 2794 1339 2860 existimo.

253 2915 328 2998 Arg.
343 2916 364 2980 b
380 2919 431 2997 (=
443 2915 499 2998 Sb)
515 2916 642 2984 duabus
657 2917 876 3001 singuralibus
892 2917 1060 3004 scripturis
1075 2939 1147 2983 cum
1161 2919 1190 2982 A
1206 2918 1389 2986 consentire
1449 2951 1460 2980 r
1477 2969 1482 2980 .
1513 2969 1519 2981 .

162 3018 227 3084 iam
243 3018 362 3086 dictum
380 3030 438 3088 est.
466 3044 659 3107 quamquam
675 3031 783 3090 autem
798 3025 896 3090 ctiam
910 3024 990 3090 vitia
1014 3024 1102 3090 baud
1125 3045 1231 3110 pauca
1255 3046 1326 3090 oum
1350 3045 1388 3090 eo

161 3127 344 3192 communia
371 3127 469 3194 babet
506 3131 607 3207 (velut
634 3130 679 3194 IV
704 3134 731 3215 7,
755 3135 775 3195 4
804 3131 838 3196 in
867 3138 1003 3214 utroque
1033 3131 1153 3215 legitur
1183 3135 1390 3198 ridiculoso

163 3255 215 3298 roa
233 3243 284 3314 ‚eat
306 3254 364 3319 pro
387 3238 549 3301 ridiculo
572 3259 622 3302 rea
646 3246 690 3302 ast
713 3245 745 3303 et
768 3238 864 3321 Vll,
889 3241 925 3304 13
950 3241 1143 3303 Potitiatoa
1166 3258 1224 3323 pro
1249 3241 1388 3326 petulcae)

165 3347 197 3406 et
220 3341 329 3426 plures
353 3363 449 3425 quam
474 3342 529 3408 ille
554 3343 711 3430 epistulas
736 3345 886 3426 serravit,
909 3343 1048 3410 rariores
1072 3345 1103 3409 in
1128 3365 1166 3410 eo
1192 3354 1266 3410 sunt
1286 3346 1389 3411 bonae

163 3447 329 3532 lectiones,
359 3449 592 3534 frequentiores
621 3461 802 3536 corruptae.
848 3459 884 3516 ut
908 3471 946 3517 ex
971 3451 1079 3516 multis
1103 3452 1260 3536 exemplis
1284 3473 1390 3537 pauca

162 3555 312 3639 delibem,
345 3557 459 3636 12,6
491 3558 525 3623 in
555 3557 663 3623 uerbis
697 3579 735 3624 ex
768 3558 908 3643 epistula
941 3565 1056 3641 quarta
1088 3559 1173 3622 male
1200 3559 1301 3624 illatis
1331 3579 1389 3644 pro

256 3733 292 3802 ⁶⁶)
311 3735 467 3805 Madvigius
481 3735 519 3800 (11
537 3737 609 3804 465),
628 3735 677 3804 qui
695 3736 794 3791 saltem
811 3739 913 3791 ieiunia
930 3736 1034 3804 requiri
1052 3737 1179 3805 putabat,
1198 3739 1326 3792 ieiunio
1345 3736 1390 3804 (in

163 3829 291 3881 ieiunio
310 3827 382 3880 Pnb
400 3827 437 3880 Sb
455 3826 476 3880 L
495 3826 528 3893 Β)
547 3825 628 3880 scribi
647 3826 735 3880 iussit.
764 3829 794 3880 at
812 3843 867 3880 non
881 3825 981 3880 desunt
995 3825 1127 3894 exempla,
1147 3825 1247 3894 quibus
1261 3843 1390 3881 numerus

163 3915 313 3984 singularis
331 3914 502 3980 defendatur,
520 3915 598 3969 velut
617 3919 674 3970 nat.
695 3918 800 3984 quaest.
825 3915 851 3969 11
871 3915 914 3981 27,
933 3915 963 3969 3:
987 3931 1111 3970 emamus
1130 3919 1257 3970 attonitos
1276 3933 1390 3984 quorum

164 4013 296 4058 mentem
320 4003 376 4072 (ita
394 4005 557 4060 Vincentius
576 4004 786 4070 Bellovacensis,
805 4021 898 4059 omncs
917 4004 976 4059 cdd.
996 4022 1014 4059 a
1032 4005 1064 4059 G.
1084 4004 1116 4058 G.
1136 4004 1252 4058 Mutlero
1271 4004 1300 4057 in
1319 4021 1390 4058 conr·

163 4093 335 4149 mentatione
362 4111 434 4162 quae
460 4098 502 4148 est
526 4097 565 4148 De
589 4095 702 4148 Senecae
723 4103 823 4163 quaeat.
846 4103 903 4149 not.
927 4094 1132 4161 Bonnaenl8ld
1157 4092 1277 4148 adhibiti
1300 4111 1326 4162 p.
1346 4095 1390 4156 27,

164 4183 283 4239 Parisiui
302 4184 372 4240 6628
391 4187 419 4238 et
437 4185 508 4238 8624
527 4201 544 4240 a
561 4201 606 4239 me
624 4183 730 4248 collati)
749 4201 832 4238 conoe
849 4185 895 4238 ille
913 4185 1033 4238 coelestia
1051 4184 1105 4237 loco
1120 4184 1235 4251 pepulit.

235 4271 292 4341 v⁴³)
310 4274 452 4329 Fickertus
475 4277 621 4343 postquam
645 4292 672 4343 p.
695 4273 745 4328 XX
767 4273 851 4328 verba
878 4275 1003 4342 quinquie
1023 4300 1053 4309 -
1074 4274 1291 4340 respondentium
1313 4270 1344 4324 in
1367 4272 1390 4324 A

163 4364 274 4432 punctis
292 4365 391 4418 notata
408 4380 473 4428 csse,
493 4362 523 4416 in
540 4364 559 4417 b
577 4362 679 4416 omissa
696 4361 815 4426 rettulit,
834 4363 950 4431 p.168a
968 4361 1041 4416 idem
1060 4361 1093 4416 de
1112 4359 1201 4415 verbis
1220 4364 1344 4429 quiaquia
1363 4363 1392 4415 et

164 4456 381 4522 respondentium
400 4451 477 4507 dicit.
509 4455 651 4522 practerea
668 4451 804 4506 minorum
825 4451 995 4516 lacunarum,
1015 4467 1086 4518 quae
1104 4450 1215 4504 crebrae
1233 4453 1298 4503 sunt
1314 4449 1343 4502 in
1358 4451 1391 4514 A,

164 4560 249 4598 unam
268 4545 326 4597 olio
344 4559 427 4596 mauu
445 4541 475 4596 in
494 4543 512 4596 b
530 4541 669 4610 expletam
688 4558 744 4596 esse
763 4541 850 4595 tradit
874 4559 900 4610 p.
920 4541 980 4606 296,
1005 4541 1038 4594 de
1057 4539 1160 4594 maiore
1177 4557 1242 4594 vero
1260 4537 1390 4607 quadarn,

164 4649 220 4700 qua
238 4633 302 4687 libri
321 4631 404 4701 primi
422 4630 543 4700 epistula
561 4631 662 4685 ultima
680 4635 709 4685 ot
727 4629 833 4699 primae
856 4629 967 4684 secundi
992 4629 1055 4684 libri
1078 4629 1166 4684 maior
1188 4645 1252 4697 pars
1275 4629 1392 4682 haustae

164 4724 237 4786 sunt,
256 4739 324 4776 nurn
342 4721 371 4774 in
391 4721 408 4774 b
427 4736 537 4788 quoque
556 4723 640 4783 extet,
659 4719 731 4772 nibil
750 4719 843 4773 refert.
