3546 5236
334 615 472 698 transiit,
497 615 663 698 Senecam,
686 614 805 679 Melam
829 616 1012 700 amplexum
1037 635 1111 682 esso
1131 634 1304 700 eorumque
1320 616 1430 682 studia
1443 616 1563 682 fovisse

336 743 399 787 non
422 722 528 788 minus
551 721 769 804 intellegimus
794 743 834 787 es
849 723 1078 789 controversiis
1094 729 1126 788 et
1141 723 1298 789 suasoriis
1312 723 1389 789 filiis
1404 721 1563 788 dedicatis

335 849 432 913 quam
448 849 488 895 ex
502 828 594 893 Lucii
609 827 738 892 dicendi
753 848 873 912 genere
888 837 1024 914 patemo
1039 827 1214 895 admodum
1233 829 1340 895 simili.
1366 850 1438 896 oum
1457 837 1562 895 autem

336 937 418 1002 liber
450 936 505 1001 iile
537 935 635 1021 paulo
668 943 743 1020 post
775 937 879 1020 patris
912 945 1059 1020 mortem,
1092 936 1153 1002 boc
1181 945 1231 1002 est
1260 937 1343 1002 Gaio
1374 938 1564 1024 imperante,

336 1044 477 1128 scriptus
502 1042 552 1126 sit,
580 1042 693 1126 primis
722 1043 843 1126 ingenii
868 1044 1039 1109 Annaeani
1066 1043 1281 1110 monumentis
1305 1043 1565 1110 annumerandus

336 1151 426 1230 est1).
485 1149 618 1233 gravius
659 1168 736 1214 vero
780 1156 830 1216 est
871 1149 957 1232 qnod
1000 1149 1042 1216 de
1083 1149 1227 1216 historiis
1266 1150 1411 1216 Senecae
1453 1151 1565 1235 patris,

336 1277 471 1341 quarum
508 1262 639 1340 praeter
675 1255 774 1321 exilia
811 1255 995 1339 fragmenta
1033 1255 1114 1321 nihil
1151 1263 1293 1323 aetatem
1328 1258 1414 1340 tulit,
1452 1257 1566 1342 paucis

336 1363 445 1430 verbis
481 1361 569 1428 houd
607 1381 714 1447 pauca
757 1363 937 1429 edocemur.
997 1384 1036 1428 se
1077 1363 1214 1448 primum
1255 1364 1385 1447 quidem
1427 1363 1565 1429 nondum

337 1469 460 1537 editum
492 1476 563 1535 erat
594 1466 654 1533 hoc
687 1488 769 1554 opus
802 1489 865 1553 qno
896 1477 1042 1555 tempore
1070 1469 1156 1536 filius
1184 1471 1287 1556 patris
1310 1471 1411 1536 vitam
1444 1472 1567 1536 emitto

337 1580 403 1644 bat.
451 1575 580 1660 quando
608 1596 685 1641 vero
713 1583 770 1641 aut
798 1596 819 1640 a
847 1595 910 1659 quo
938 1577 971 1640 in
999 1577 1102 1642 lucem
1131 1577 1292 1662 prolatum
1316 1577 1358 1643 sit
1386 1585 1475 1644 certo
1498 1578 1567 1661 qni-

338 1685 411 1750 dem
445 1683 510 1748 dici
542 1683 666 1766 nequit,
699 1702 907 1766 quamquam,
941 1683 968 1748 si
1001 1683 1179 1750 conieceris
1212 1683 1349 1750 eundem
1381 1684 1483 1749 filium
1512 1685 1568 1768 qni

303 1781 307 1790 ’
338 1789 520 1858 servandae
539 1789 642 1875 petris
665 1791 840 1854 momoriae
864 1797 929 1855 tam
954 1789 1068 1857 sedulo
1084 1811 1216 1877 operam
1231 1791 1367 1874 dederit,
1389 1811 1453 1857 uon
1468 1791 1567 1856 multo

342 1906 417 1984 post
440 1898 544 1983 patris
567 1903 701 1962 mortem
725 1903 854 1982 etpost
878 1897 1000 1963 editum
1023 1897 1113 1964 illum
1136 1898 1251 1964 librum
1281 1898 1322 1965 de
1350 1899 1420 1965 eius
1443 1899 1512 1965 vita
1534 1899 1570 1964 id

338 2005 504 2090 negotium
545 2004 807 2082 administrasse,
851 2004 883 2069 in
925 2004 1118 2071 temeritatis
1160 2005 1280 2071 crimen
1323 2006 1377 2070 vix
1415 2007 1569 2072 incurres.

338 2122 510 2201 praeterea
529 2132 569 2178 cx
588 2111 701 2197 primis
722 2110 896 2195 fragmenti
912 2112 1034 2177 verbis:
1059 2117 1090 2178 si
1113 2135 1369 2200 quoecumque
1392 2120 1568 2200 composuit

333 2231 432 2309 poter
459 2243 547 2287 meus
576 2230 604 2286 et
632 2223 686 2286 cdi
713 2222 815 2286 oolroit
843 2224 911 2285 iom
940 2224 974 2285 in
1002 2241 1120 2286 rnonus
1149 2223 1266 2306 populi
1294 2225 1471 2287 ornisisscm
1503 2219 1571 2284 alia

338 2325 500 2411 quaedam
525 2325 646 2410 scripte
668 2333 799 2411 praeter
822 2323 976 2392 historias
1000 2346 1020 2390 a
1043 2333 1138 2410 patre
1160 2326 1275 2392 relicta
1298 2335 1331 2391 et
1354 2347 1374 2391 a
1397 2325 1464 2390 filio
1480 2327 1570 2392 edita

339 2454 414 2501 esse
441 2452 505 2498 non
533 2433 603 2498 sine
631 2432 772 2515 quadam
801 2432 912 2517 specie
934 2433 1002 2498 veri
1031 2431 1161 2498 efficere
1188 2433 1267 2497 mihi
1294 2433 1447 2513 videor²).
1494 2435 1571 2517 quin

340 2541 438 2606 etiem
472 2539 582 2604 nescio
615 2560 657 2604 un
685 2539 784 2604 Lucio
814 2547 870 2604 aut
898 2541 940 2604 ab
968 2539 1041 2625 ipso
1068 2547 1163 2626 patre
1191 2549 1248 2606 aut
1271 2561 1292 2604 a
1315 2539 1469 2606 fratribus
1492 2562 1571 2607 cura

340 2667 487 2732 operum,
535 2664 619 2728 quae
661 2645 716 2710 illc
754 2645 850 2711 edere
895 2655 996 2711 morte
1038 2646 1219 2730 prohibitus
1255 2656 1333 2728 erat,
1372 2646 1570 2714 edendorum

340 2753 496 2819 mandata
521 2752 571 2818 sit.

431 2860 550 2926 deinde
573 2866 665 2944 patet
689 2879 728 2924 ex
752 2858 801 2925 his
829 2859 952 2925 verbis:
985 2865 1133 2948 quisquis
1162 2863 1289 2947 lepisset
1317 2866 1387 2928 eius
1414 2864 1572 2928 distortos

340 2972 380 3035 ob
414 2971 510 3035 initio
540 2969 695 3033 bellorum
728 2967 884 3050 civilium,
917 2970 1003 3033 unde
1030 2971 1176 3053 priorum
1209 2973 1330 3034 coritas
1361 2975 1446 3035 retro
1480 2971 1571 3052 obiit,

342 3099 440 3163 usquo
464 3078 507 3140 od
530 3076 643 3140 mortis
667 3097 745 3140 suae
768 3077 864 3156 diem,
889 3093 1021 3156 quorum
1043 3079 1222 3158 temporum
1242 3072 1378 3140 historia
1396 3093 1495 3158 opere
1514 3074 1571 3139 illo

340 3182 451 3266 amplo
485 3181 554 3247 sine
588 3178 686 3245 dubio
718 3187 751 3245 et
785 3180 909 3264 prolixo
942 3187 1076 3244 narrata
1110 3179 1214 3244 fuerit.
1265 3200 1304 3244 ac
1335 3180 1409 3248 finis
1441 3181 1572 3264 quidem

344 3290 454 3375 operis
486 3288 563 3372 quin
591 3287 714 3352 Tiberii
748 3286 850 3351 ultimi
884 3296 915 3351 et
948 3287 1089 3352 sortasse
1122 3286 1184 3351 Gai
1217 3307 1345 3371 quoque
1371 3287 1466 3372 primi
1494 3290 1572 3354 anni

343 3397 462 3462 fuerint
479 3395 534 3460 vix
550 3394 721 3478 quisquam
736 3393 898 3459 dubitabit
914 3394 966 3473 (cf.
981 3416 1012 3478 p.
1031 3397 1117 3478 173),
1132 3393 1173 3458 de
1189 3395 1279 3459 initio
1294 3395 1392 3480 paulo
1408 3393 1573 3460 diffieilior

343 3511 394 3571 est
414 3503 571 3587 quaestio.
605 3522 680 3566 nam
704 3501 765 3567 etsi
789 3501 850 3566 viri
875 3500 993 3566 eruditi
1016 3501 1081 3565 iem
1107 3502 1169 3567 sibi
1193 3501 1399 3586 persuasisse
1422 3501 1573 3567 videntur

344 3613 502 3678 Senecam
526 3611 567 3674 ab
592 3628 630 3674 eo
655 3615 798 3693 tempore
822 3627 885 3692 quo
911 3608 943 3673 C.
959 3608 1061 3673 Iulius
1077 3608 1201 3674 Caesar
1215 3629 1256 3674 ex
1271 3607 1381 3674 Gallia
1394 3609 1428 3673 in
1442 3608 1573 3674 Italiam

343 3718 528 3784 transiisset
555 3735 704 3782 exorsum
734 3733 816 3798 esse,
848 3714 1024 3781 Niebuhrio
1052 3723 1170 3800 temen,
1203 3735 1224 3779 a
1252 3734 1315 3799 quo
1347 3716 1494 3800 profecta
1522 3725 1573 3783 est

343 3827 426 3891 baec
452 3823 569 3908 opinio,
603 3821 646 3888 de
675 3823 707 3885 vi
736 3842 776 3886 ac
804 3828 968 3906 potestate
995 3822 1164 3886 vorborum
1192 3841 1276 3906 quae
1305 3831 1380 3888 sunt
1406 3825 1445 3889 ob
1474 3828 1571 3890 initio

344 3933 496 4000 bellorum
520 3934 667 3996 civilium
690 3928 924 3993 dubitationem
948 3928 1111 4011 quandam
1135 3930 1300 3995 subortam
1325 3949 1398 3995 erse
1412 3929 1572 4014 ipsapro-

344 4039 425 4104 dunt
453 4037 522 4102 eius
550 4036 651 4101 verba
680 4035 761 4102 haec
792 4039 836 4120 (p.
865 4037 955 4116 104):
988 4039 1122 4103 initium
1150 4039 1303 4104 beliorum
1331 4041 1475 4102 civilium
1504 4040 1573 4104 diui

345 4167 525 4174 -.-.—-..--
539 4165 556 4170 .-

437 4253 457 4318 l)
477 4271 502 4306 v.
523 4255 605 4307 Iooos
624 4256 655 4306 de
674 4255 768 4306 ordine
786 4253 918 4304 librorum
937 4251 1059 4314 Senecae,
1079 4251 1282 4306 Berolini1870
1297 4252 1375 4321 pcc.
1409 4255 1530 4306 ceterum
1549 4251 1573 4304 si

344 4344 530 4398 coniecturam
556 4341 585 4395 in
603 4359 632 4396 re
650 4341 757 4396 ineerta
774 4340 953 4410 pronuntiare
972 4340 1046 4404 licet,
1065 4340 1135 4394 liber
1153 4339 1202 4394 ille
1219 4341 1367 4410 praecipue
1384 4341 1420 4395 sd
1437 4357 1571 4396 commen·

345 4433 438 4488 danda
460 4431 547 4501 patris
572 4431 676 4500 scripta
700 4449 717 4484 a
739 4430 804 4495 filio,
829 4429 878 4497 qui
901 4447 934 4483 eo
957 4429 1081 4484 editurus
1100 4433 1169 4495 erat,
1194 4429 1304 4484 videtur
1323 4429 1489 4500 compositus
1507 4447 1571 4484 esse.

346 4522 536 4578 laudationem
555 4521 629 4575 enim
647 4520 790 4574 funebrem
810 4537 871 4574 eam
890 4536 945 4574 non
959 4518 1043 4572 fuisse
1057 4537 1090 4573 ex
1105 4519 1171 4588 ipsis
1185 4519 1282 4588 primis
1296 4519 1385 4573 verbis
1400 4519 1571 4588 perspicitur.

439 4611 459 4678 ¹)
479 4630 542 4666 cum
555 4611 658 4665 Seneca
672 4614 752 4680 pater
767 4609 850 4663 libros
864 4607 1013 4663 rhetoricos
1023 4609 1104 4663 hodie
1113 4609 1274 4678 superstites
1288 4625 1380 4663 senem
1395 4625 1423 4663 se
1436 4609 1572 4678 scripsisse

255 4725 259 4734 ⁴
345 4701 429 4765 dicct,
446 4701 560 4755 fortasse
574 4701 604 4753 hi
619 4717 728 4769 quoqne
743 4703 804 4769 post
819 4702 935 4752 mortem
949 4697 1060 4752 demum
1070 4697 1129 4752 eius
1143 4703 1173 4752 in
1183 4716 1281 4752 monus
1290 4699 1390 4767 popuii
1401 4702 1494 4752 ernissi
1502 4706 1570 4752 scoot.
