<?xml version="1.0" encoding="UTF-8"?>
<!DOCTYPE html PUBLIC "-//W3C//DTD XHTML 1.0 Transitional//EN"
    "http://www.w3.org/TR/xhtml1/DTD/xhtml1-transitional.dtd">
<html xmlns="http://www.w3.org/1999/xhtml" xml:lang="en" lang="en">
 <head>
  <title>
</title>
<meta http-equiv="Content-Type" content="text/html;charset=utf-8" />
  <meta name='ocr-system' content='tesseract 3.04.00' />
  <meta name='ocr-capabilities' content='ocr_page ocr_carea ocr_par ocr_line ocrx_word'/>
</head>
<body>
  <div class='ocr_page' id='page_1' title='image "./destoicorumstud00strigoog_0716.png"; bbox 0 0 3514 5244; ppageno 0'>
   <div class='ocr_carea' id='block_1_1' title="bbox 664 441 874 537">
    <p class='ocr_par' dir='ltr' id='par_1_1' title="bbox 664 441 874 537">
     <span class='ocr_line' id='line_1_1' title="bbox 664 441 874 537; baseline 0.01 -2"><span class='ocrx_word' id='word_1_1' title='bbox 664 441 874 537; x_wconf 59' lang='grc' dir='ltr'><strong>,Δὲ-</strong></span> 
     </span>
    </p>
   </div>
   <div class='ocr_carea' id='block_1_2' title="bbox 150 631 1384 2748">
    <p class='ocr_par' dir='ltr' id='par_1_2' title="bbox 150 631 1384 2748">
     <span class='ocr_line' id='line_1_2' title="bbox 153 631 1382 718; baseline 0.003 -22"><span class='ocrx_word' id='word_1_2' title='bbox 153 651 252 714; x_wconf 81' lang='lat' dir='ltr'><strong>quam</strong></span> <span class='ocrx_word' id='word_1_3' title='bbox 275 633 311 716; x_wconf 86' lang='lat' dir='ltr'><strong>B,</strong></span> <span class='ocrx_word' id='word_1_4' title='bbox 336 631 529 715; x_wconf 87' lang='lat' dir='ltr'><strong>quibusdam</strong></span> <span class='ocrx_word' id='word_1_5' title='bbox 552 639 660 698; x_wconf 89' lang='lat' dir='ltr'><strong>tamen</strong></span> <span class='ocrx_word' id='word_1_6' title='bbox 683 633 764 699; x_wconf 92' lang='lat' dir='ltr'><strong>locis</strong></span> <span class='ocrx_word' id='word_1_7' title='bbox 788 633 947 716; x_wconf 83' lang='lat' dir='ltr'><strong>genuinas</strong></span> <span class='ocrx_word' id='word_1_8' title='bbox 967 633 1145 718; x_wconf 87' lang='lat' dir='ltr'><strong>scripturas</strong></span> <span class='ocrx_word' id='word_1_9' title='bbox 1163 642 1382 700; x_wconf 83' lang='lat' dir='ltr'><strong>servaverunt.</strong></span> 
     </span>
     <span class='ocr_line' id='line_1_3' title="bbox 153 738 1383 824; baseline 0.002 -22"><span class='ocrx_word' id='word_1_10' title='bbox 153 738 244 803; x_wconf 85' lang='lat' dir='ltr'><strong>velut</strong></span> <span class='ocrx_word' id='word_1_11' title='bbox 264 760 296 824; x_wconf 89' lang='lat' dir='ltr'><strong>p.</strong></span> <span class='ocrx_word' id='word_1_12' title='bbox 325 741 399 822; x_wconf 77' lang='lat'>345,</span> <span class='ocrx_word' id='word_1_13' title='bbox 430 742 483 822; x_wconf 86' lang='lat'><strong>13,</strong></span> <span class='ocrx_word' id='word_1_14' title='bbox 507 739 562 805; x_wconf 93' lang='lat' dir='ltr'><strong>ubi</strong></span> <span class='ocrx_word' id='word_1_15' title='bbox 591 738 632 806; x_wconf 90' lang='lat' dir='ltr'><strong>de</strong></span> <span class='ocrx_word' id='word_1_16' title='bbox 660 740 788 824; x_wconf 91' lang='lat' dir='ltr'><strong>Polybii</strong></span> <span class='ocrx_word' id='word_1_17' title='bbox 817 739 916 805; x_wconf 81' lang='lat' dir='ltr'><strong>fratre</strong></span> <span class='ocrx_word' id='word_1_18' title='bbox 945 740 1026 806; x_wconf 89' lang='lat' dir='ltr'><strong>baec</strong></span> <span class='ocrx_word' id='word_1_19' title='bbox 1050 739 1213 805; x_wconf 89' lang='lat' dir='ltr'><strong>dicuntur:</strong></span> <span class='ocrx_word' id='word_1_20' title='bbox 1246 765 1263 808; x_wconf 87' lang='lat' dir='ltr'><strong>c</strong></span> <span class='ocrx_word' id='word_1_21' title='bbox 1297 745 1383 806; x_wconf 87' lang='lat' dir='ltr'><strong>dura</strong></span> 
     </span>
     <span class='ocr_line' id='line_1_4' title="bbox 150 849 1381 934; baseline 0.001 -23"><span class='ocrx_word' id='word_1_22' title='bbox 150 853 223 928; x_wconf 79' lang='lat' dir='ltr'><strong>foto</strong></span> <span class='ocrx_word' id='word_1_23' title='bbox 257 858 284 912; x_wconf 89' lang='lat' dir='ltr'><strong>et</strong></span> <span class='ocrx_word' id='word_1_24' title='bbox 317 850 418 914; x_wconf 79' lang='lat' dir='ltr'><strong>nullia</strong></span> <span class='ocrx_word' id='word_1_25' title='bbox 455 869 556 934; x_wconf 80' lang='lat' dir='ltr'><strong>aequa</strong></span> <span class='ocrx_word' id='word_1_26' title='bbox 596 849 778 914; x_wconf 82' lang='lat' dir='ltr'><strong>virtutibus.</strong></span> <span class='ocrx_word' id='word_1_27' title='bbox 841 859 1013 934; x_wconf 81' lang='lat' dir='ltr'><strong>antequam</strong></span> <span class='ocrx_word' id='word_1_28' title='bbox 1048 849 1234 932; x_wconf 74' lang='lat' dir='ltr'><em>felicitatem</em></span> <span class='ocrx_word' id='word_1_29' title='bbox 1276 871 1381 914; x_wconf 82' lang='lat' dir='ltr'><strong>suurn</strong></span> 
     </span>
     <span class='ocr_line' id='line_1_5' title="bbox 153 953 1382 1040; baseline 0.001 -20"><span class='ocrx_word' id='word_1_30' title='bbox 153 964 283 1020; x_wconf 82' lang='lat' dir='ltr'><strong>nosset</strong></span> <span class='ocrx_word' id='word_1_31' title='bbox 305 956 411 1036; x_wconf 82' lang='lat' dir='ltr'><strong>frater</strong></span> <span class='ocrx_word' id='word_1_32' title='bbox 434 965 520 1036; x_wconf 82' lang='lat' dir='ltr'><strong>tuns,</strong></span> <span class='ocrx_word' id='word_1_33' title='bbox 545 961 707 1040; x_wconf 77' lang='lat' dir='ltr'><strong>eeernptue</strong></span> <span class='ocrx_word' id='word_1_34' title='bbox 730 964 786 1036; x_wconf 83' lang='lat' dir='ltr'><strong>eet,</strong></span> <span class='ocrx_word' id='word_1_35' title='bbox 810 954 971 1019; x_wconf 85' lang='lat' dir='ltr'><strong>TPante</strong></span> <span class='ocrx_word' id='word_1_36' title='bbox 985 953 1179 1019; x_wconf 84' lang='lat' dir='ltr'><strong>vocabulum</strong></span> <span class='ocrx_word' id='word_1_37' title='bbox 1195 957 1382 1038; x_wconf 76' lang='lat' dir='ltr'><strong><em>felicitatem</em></strong></span> 
     </span>
     <span class='ocr_line' id='line_1_6' title="bbox 153 1058 1383 1145; baseline 0.001 -22"><span class='ocrx_word' id='word_1_38' title='bbox 153 1058 343 1126; x_wconf 83' lang='lat' dir='ltr'>adverbium</span> <span class='ocrx_word' id='word_1_39' title='bbox 366 1062 453 1127; x_wconf 82' lang='lat' dir='ltr'><strong>bene</strong></span> <span class='ocrx_word' id='word_1_40' title='bbox 476 1058 605 1126; x_wconf 88' lang='lat' dir='ltr'><strong>babent.</strong></span> <span class='ocrx_word' id='word_1_41' title='bbox 651 1059 738 1143; x_wconf 89' lang='lat' dir='ltr'><strong>quod</strong></span> <span class='ocrx_word' id='word_1_42' title='bbox 760 1059 831 1126; x_wconf 85' lang='lat' dir='ltr'><strong>lieri</strong></span> <span class='ocrx_word' id='word_1_43' title='bbox 857 1081 922 1125; x_wconf 90' lang='lat' dir='ltr'><strong>non</strong></span> <span class='ocrx_word' id='word_1_44' title='bbox 945 1067 1065 1145; x_wconf 85' lang='lat' dir='ltr'><strong>potest,</strong></span> <span class='ocrx_word' id='word_1_45' title='bbox 1095 1060 1172 1144; x_wconf 88' lang='lat' dir='ltr'><strong>quin</strong></span> <span class='ocrx_word' id='word_1_46' title='bbox 1199 1061 1383 1145; x_wconf 73' lang='lat' dir='ltr'><strong>recipiatur,</strong></span> 
     </span>
     <span class='ocr_line' id='line_1_7' title="bbox 153 1166 1382 1251; baseline 0.001 -19"><span class='ocrx_word' id='word_1_47' title='bbox 153 1167 231 1249; x_wconf 90' lang='lat' dir='ltr'><strong>quia</strong></span> <span class='ocrx_word' id='word_1_48' title='bbox 251 1167 385 1250; x_wconf 84' lang='lat' dir='ltr'><strong>Seneca,</strong></span> <span class='ocrx_word' id='word_1_49' title='bbox 410 1187 480 1232; x_wconf 92' lang='lat' dir='ltr'><strong>cum</strong></span> <span class='ocrx_word' id='word_1_50' title='bbox 501 1186 600 1251; x_wconf 88' lang='lat' dir='ltr'><strong>supra</strong></span> <span class='ocrx_word' id='word_1_51' title='bbox 624 1171 665 1248; x_wconf 85' lang='lat' dir='ltr'><strong>(v.</strong></span> <span class='ocrx_word' id='word_1_52' title='bbox 686 1173 720 1246; x_wconf 77' lang='lat'><strong>9&gt;</strong></span> <span class='ocrx_word' id='word_1_53' title='bbox 745 1166 785 1231; x_wconf 91' lang='lat' dir='ltr'><strong>de</strong></span> <span class='ocrx_word' id='word_1_54' title='bbox 808 1169 956 1251; x_wconf 88' lang='lat' dir='ltr'><strong>potentia</strong></span> <span class='ocrx_word' id='word_1_55' title='bbox 979 1167 1089 1233; x_wconf 88' lang='lat' dir='ltr'><strong>fratris</strong></span> <span class='ocrx_word' id='word_1_56' title='bbox 1103 1167 1231 1250; x_wconf 87' lang='lat' dir='ltr'><strong>Polybii</strong></span> <span class='ocrx_word' id='word_1_57' title='bbox 1255 1167 1382 1233; x_wconf 89' lang='lat' dir='ltr'><strong>locutus</strong></span> 
     </span>
     <span class='ocr_line' id='line_1_8' title="bbox 152 1273 1382 1359; baseline 0.002 -23"><span class='ocrx_word' id='word_1_58' title='bbox 152 1280 250 1356; x_wconf 86' lang='lat' dir='ltr'><strong>essct,</strong></span> <span class='ocrx_word' id='word_1_59' title='bbox 274 1273 326 1337; x_wconf 90' lang='lat' dir='ltr'><strong>bic</strong></span> <span class='ocrx_word' id='word_1_60' title='bbox 351 1293 423 1338; x_wconf 80' lang='lat' dir='ltr'><strong>erum</strong></span> <span class='ocrx_word' id='word_1_61' title='bbox 438 1293 478 1338; x_wconf 79' lang='lat' dir='ltr'><strong>ex</strong></span> <span class='ocrx_word' id='word_1_62' title='bbox 493 1273 687 1356; x_wconf 79' lang='lat' dir='ltr'>cognatione</span> <span class='ocrx_word' id='word_1_63' title='bbox 702 1293 762 1339; x_wconf 90' lang='lat' dir='ltr'><strong>sua</strong></span> <span class='ocrx_word' id='word_1_64' title='bbox 776 1274 899 1338; x_wconf 88' lang='lat' dir='ltr'><strong>nullum</strong></span> <span class='ocrx_word' id='word_1_65' title='bbox 915 1273 1052 1340; x_wconf 84' lang='lat' dir='ltr'><strong>fructum</strong></span> <span class='ocrx_word' id='word_1_66' title='bbox 1071 1276 1259 1359; x_wconf 72' lang='lat' dir='ltr'><strong>percepisse</strong></span> <span class='ocrx_word' id='word_1_67' title='bbox 1274 1273 1382 1339; x_wconf 88' lang='lat' dir='ltr'><strong>dicere</strong></span> 
     </span>
     <span class='ocr_line' id='line_1_9' title="bbox 153 1378 1381 1464; baseline 0.002 -20"><span class='ocrx_word' id='word_1_68' title='bbox 153 1380 242 1444; x_wconf 91' lang='lat' dir='ltr'><strong>nullo</strong></span> <span class='ocrx_word' id='word_1_69' title='bbox 266 1378 362 1445; x_wconf 90' lang='lat' dir='ltr'><strong>modo</strong></span> <span class='ocrx_word' id='word_1_70' title='bbox 385 1381 585 1464; x_wconf 75' lang='lat' dir='ltr'><strong>poterat).²⁰)</strong></span> <span class='ocrx_word' id='word_1_71' title='bbox 626 1382 700 1464; x_wconf 88' lang='lat'><strong>346,</strong></span> <span class='ocrx_word' id='word_1_72' title='bbox 727 1383 766 1447; x_wconf 85' lang='grc'><strong>18</strong></span> <span class='ocrx_word' id='word_1_73' title='bbox 791 1401 839 1464; x_wconf 90' lang='lat' dir='ltr'><strong>ea,</strong></span> <span class='ocrx_word' id='word_1_74' title='bbox 864 1383 1003 1464; x_wconf 89' lang='lat' dir='ltr'><strong>quaein</strong></span> <span class='ocrx_word' id='word_1_75' title='bbox 1027 1381 1091 1445; x_wconf 92' lang='lat' dir='ltr'><strong>VP</strong></span> <span class='ocrx_word' id='word_1_76' title='bbox 1106 1389 1218 1447; x_wconf 69' lang='lat' dir='ltr'><strong>exmnt</strong></span> <span class='ocrx_word' id='word_1_77' title='bbox 1241 1385 1291 1446; x_wconf 87' lang='lat' dir='ltr'><strong>ad</strong></span> <span class='ocrx_word' id='word_1_78' title='bbox 1314 1405 1381 1447; x_wconf 84' lang='lat' dir='ltr'><strong>nos</strong></span> 
     </span>
     <span class='ocr_line' id='line_1_10' title="bbox 153 1485 1382 1572; baseline 0.001 -21"><span class='ocrx_word' id='word_1_79' title='bbox 153 1491 289 1570; x_wconf 76' lang='lat' dir='ltr'><strong>reducet,</strong></span> <span class='ocrx_word' id='word_1_80' title='bbox 313 1485 529 1572; x_wconf 85' lang='lat' dir='ltr'><strong>praeferenda</strong></span> <span class='ocrx_word' id='word_1_81' title='bbox 545 1493 619 1552; x_wconf 86' lang='lat' dir='ltr'><strong>sunt</strong></span> <span class='ocrx_word' id='word_1_82' title='bbox 638 1487 708 1553; x_wconf 89' lang='lat' dir='ltr'><strong>sine</strong></span> <span class='ocrx_word' id='word_1_83' title='bbox 723 1486 821 1552; x_wconf 92' lang='lat' dir='ltr'><strong>dubio</strong></span> <span class='ocrx_word' id='word_1_84' title='bbox 837 1495 868 1553; x_wconf 87' lang='lat' dir='ltr'><strong>et</strong></span> <span class='ocrx_word' id='word_1_85' title='bbox 883 1487 933 1571; x_wconf 89' lang='lat' dir='ltr'><strong>iis,</strong></span> <span class='ocrx_word' id='word_1_86' title='bbox 957 1508 1042 1572; x_wconf 87' lang='lat' dir='ltr'><strong>qnae</strong></span> <span class='ocrx_word' id='word_1_87' title='bbox 1056 1488 1089 1552; x_wconf 92' lang='lat' dir='ltr'><strong>in</strong></span> <span class='ocrx_word' id='word_1_88' title='bbox 1112 1488 1216 1553; x_wconf 83' lang='lat' dir='ltr'><strong>BDE</strong></span> <span class='ocrx_word' id='word_1_89' title='bbox 1239 1487 1315 1553; x_wconf 88' lang='lat' dir='ltr'><strong>aliis</strong></span> <span class='ocrx_word' id='word_1_90' title='bbox 1337 1486 1382 1552; x_wconf 90' lang='lat' dir='ltr'><strong>le·</strong></span> 
     </span>
     <span class='ocr_line' id='line_1_11' title="bbox 154 1594 1383 1680; baseline 0 -22"><span class='ocrx_word' id='word_1_91' title='bbox 154 1601 272 1676; x_wconf 85' lang='lat' dir='ltr'><strong>guntur</strong></span> <span class='ocrx_word' id='word_1_92' title='bbox 305 1619 324 1660; x_wconf 87' lang='lat' dir='ltr'><strong>u</strong></span> <span class='ocrx_word' id='word_1_93' title='bbox 357 1597 467 1661; x_wconf 83' lang='lat' dir='ltr'><strong>nobis</strong></span> <span class='ocrx_word' id='word_1_94' title='bbox 499 1597 625 1662; x_wconf 79' lang='lat' dir='ltr'><strong>reducet</strong></span> <span class='ocrx_word' id='word_1_95' title='bbox 654 1602 686 1660; x_wconf 91' lang='lat' dir='ltr'><strong>et</strong></span> <span class='ocrx_word' id='word_1_96' title='bbox 715 1594 869 1678; x_wconf 82' lang='lat' dir='ltr'><strong>vulgatae</strong></span> <span class='ocrx_word' id='word_1_97' title='bbox 898 1594 1078 1680; x_wconf 79' lang='lat' dir='ltr'><strong>scripturae</strong></span> <span class='ocrx_word' id='word_1_98' title='bbox 1106 1597 1215 1662; x_wconf 82' lang='lat' dir='ltr'><strong>uobis</strong></span> <span class='ocrx_word' id='word_1_99' title='bbox 1248 1599 1383 1660; x_wconf 77' lang='lat' dir='ltr'><strong>reducet.</strong></span> 
     </span>
     <span class='ocr_line' id='line_1_12' title="bbox 155 1700 1382 1786; baseline 0.001 -22"><span class='ocrx_word' id='word_1_100' title='bbox 155 1703 230 1784; x_wconf 72' lang='lat'><strong>558,</strong></span> <span class='ocrx_word' id='word_1_101' title='bbox 262 1702 304 1766; x_wconf 78' lang='lat'><strong>23</strong></span> <span class='ocrx_word' id='word_1_102' title='bbox 337 1700 587 1785; x_wconf 85' lang='lat' dir='ltr'><strong>interpolatores</strong></span> <span class='ocrx_word' id='word_1_103' title='bbox 620 1701 770 1766; x_wconf 89' lang='lat' dir='ltr'><strong>librorum</strong></span> <span class='ocrx_word' id='word_1_104' title='bbox 803 1701 912 1766; x_wconf 87' lang='lat' dir='ltr'><strong>BDE</strong></span> <span class='ocrx_word' id='word_1_105' title='bbox 945 1709 1155 1786; x_wconf 85' lang='lat' dir='ltr'><strong>corrupemut</strong></span> <span class='ocrx_word' id='word_1_106' title='bbox 1187 1702 1316 1766; x_wconf 91' lang='lat' dir='ltr'><strong>brevem</strong></span> <span class='ocrx_word' id='word_1_107' title='bbox 1349 1708 1382 1765; x_wconf 84' lang='lat' dir='ltr'><strong>et</strong></span> 
     </span>
     <span class='ocr_line' id='line_1_13' title="bbox 152 1806 1381 1892; baseline 0 -20"><span class='ocrx_word' id='word_1_108' title='bbox 152 1827 325 1872; x_wconf 84' lang='lat' dir='ltr'><strong>nervosam</strong></span> <span class='ocrx_word' id='word_1_109' title='bbox 349 1807 494 1872; x_wconf 85' lang='lat' dir='ltr'><strong>Senecae</strong></span> <span class='ocrx_word' id='word_1_110' title='bbox 518 1807 696 1872; x_wconf 89' lang='lat' dir='ltr'><strong>orationem</strong></span> <span class='ocrx_word' id='word_1_111' title='bbox 719 1807 779 1872; x_wconf 93' lang='lat' dir='ltr'><strong>boc</strong></span> <span class='ocrx_word' id='word_1_112' title='bbox 803 1806 914 1873; x_wconf 91' lang='lat' dir='ltr'><strong>modo:</strong></span> <span class='ocrx_word' id='word_1_113' title='bbox 943 1813 1032 1876; x_wconf 82' lang='lat' dir='ltr'><strong>dedit</strong></span> <span class='ocrx_word' id='word_1_114' title='bbox 1060 1820 1177 1876; x_wconf 83' lang='lat' dir='ltr'><strong>natura</strong></span> <span class='ocrx_word' id='word_1_115' title='bbox 1200 1812 1305 1892; x_wconf 78' lang='lat' dir='ltr'><strong>frat-ri</strong></span> <span class='ocrx_word' id='word_1_116' title='bbox 1328 1813 1381 1873; x_wconf 85' lang='lat' dir='ltr'><strong>tao</strong></span> 
     </span>
     <span class='ocr_line' id='line_1_14' title="bbox 154 1914 1383 2012; baseline -0.001 -34"><span class='ocrx_word' id='word_1_117' title='bbox 154 1920 266 1998; x_wconf 83' lang='lat' dir='ltr'><strong>citum,</strong></span> <span class='ocrx_word' id='word_1_118' title='bbox 290 1919 379 1980; x_wconf 87' lang='lat' dir='ltr'><strong>dedit</strong></span> <span class='ocrx_word' id='word_1_119' title='bbox 403 1926 431 1980; x_wconf 83' lang='lat' dir='ltr'><strong>el</strong></span> <span class='ocrx_word' id='word_1_120' title='bbox 454 1916 528 1980; x_wconf 81' lang='lat' dir='ltr'><strong>tibi:</strong></span> <span class='ocrx_word' id='word_1_121' title='bbox 551 1939 645 2002; x_wconf 72' lang='lat' dir='ltr'><strong>quere</strong></span> <span class='ocrx_word' id='word_1_122' title='bbox 668 1937 726 1982; x_wconf 83' lang='lat' dir='ltr'><strong>eno</strong></span> <span class='ocrx_word' id='word_1_123' title='bbox 751 1921 823 1982; x_wconf 85' lang='lat' dir='ltr'><strong>iare</strong></span> <span class='ocrx_word' id='word_1_124' title='bbox 848 1939 906 1982; x_wconf 81' lang='lat' dir='ltr'><strong>aaa</strong></span> <span class='ocrx_word' id='word_1_125' title='bbox 930 1919 1011 2000; x_wconf 77' lang='lat' dir='ltr'><strong>fnit</strong></span> <span class='ocrx_word' id='word_1_126' title='bbox 1035 1916 1094 1998; x_wconf 79' lang='lat' dir='ltr'><strong>(ita</strong></span> <span class='ocrx_word' id='word_1_127' title='bbox 1117 1915 1185 1998; x_wconf 81' lang='lat' dir='ltr'><strong>DE,</strong></span> <span class='ocrx_word' id='word_1_128' title='bbox 1217 1926 1307 2012; x_wconf 74' lang='lat' dir='ltr'><strong>sont</strong></span> <span class='ocrx_word' id='word_1_129' title='bbox 1330 1914 1383 1996; x_wconf 76' lang='grc' dir='ltr'><strong>Β),</strong></span> 
     </span>
     <span class='ocr_line' id='line_1_15' title="bbox 154 2023 1383 2110; baseline 0 -24"><span class='ocrx_word' id='word_1_130' title='bbox 154 2047 174 2086; x_wconf 86' lang='lat' dir='ltr'><strong>o</strong></span> <span class='ocrx_word' id='word_1_131' title='bbox 199 2045 259 2110; x_wconf 82' lang='lat' dir='ltr'><strong>qao</strong></span> <span class='ocrx_word' id='word_1_132' title='bbox 291 2025 389 2088; x_wconf 84' lang='lat' dir='ltr'><strong>uoluit</strong></span> <span class='ocrx_word' id='word_1_133' title='bbox 419 2025 559 2088; x_wconf 84' lang='lat' dir='ltr'><strong>debitum</strong></span> <span class='ocrx_word' id='word_1_134' title='bbox 587 2045 681 2089; x_wconf 76' lang='lat' dir='ltr'><strong>sennem</strong></span> <span class='ocrx_word' id='word_1_135' title='bbox 710 2029 807 2089; x_wconf 83' lang='lat' dir='ltr'><strong>citius</strong></span> <span class='ocrx_word' id='word_1_136' title='bbox 835 2029 948 2108; x_wconf 71' lang='lat' dir='ltr'><strong>eoepit.</strong></span> <span class='ocrx_word' id='word_1_137' title='bbox 1000 2042 1174 2108; x_wconf 86' lang='lat' dir='ltr'><strong>pronomen</strong></span> <span class='ocrx_word' id='word_1_138' title='bbox 1203 2023 1383 2104; x_wconf 85' lang='lat' dir='ltr'><strong>relativum,</strong></span> 
     </span>
     <span class='ocr_line' id='line_1_16' title="bbox 154 2126 1383 2214; baseline 0.002 -23"><span class='ocrx_word' id='word_1_139' title='bbox 154 2126 241 2210; x_wconf 90' lang='lat' dir='ltr'><strong>quod</strong></span> <span class='ocrx_word' id='word_1_140' title='bbox 264 2148 329 2193; x_wconf 93' lang='lat' dir='ltr'><strong>non</strong></span> <span class='ocrx_word' id='word_1_141' title='bbox 353 2129 457 2195; x_wconf 91' lang='lat' dir='ltr'><strong>solum</strong></span> <span class='ocrx_word' id='word_1_142' title='bbox 482 2149 757 2214; x_wconf 87' lang='lat' dir='ltr'><strong>supervacaneum</strong></span> <span class='ocrx_word' id='word_1_143' title='bbox 781 2137 839 2212; x_wconf 85' lang='lat' dir='ltr'><strong>est,</strong></span> <span class='ocrx_word' id='word_1_144' title='bbox 864 2129 924 2196; x_wconf 92' lang='lat' dir='ltr'><strong>sed</strong></span> <span class='ocrx_word' id='word_1_145' title='bbox 947 2129 1103 2195; x_wconf 86' lang='lat' dir='ltr'><strong>orationis</strong></span> <span class='ocrx_word' id='word_1_146' title='bbox 1134 2130 1383 2195; x_wconf 87' lang='lat' dir='ltr'><strong>concinnitatem</strong></span> 
     </span>
     <span class='ocr_line' id='line_1_17' title="bbox 153 2235 1383 2321; baseline 0.002 -23"><span class='ocrx_word' id='word_1_147' title='bbox 153 2237 330 2318; x_wconf 71' lang='lat' dir='ltr'><strong>perturbat</strong></span> <span class='ocrx_word' id='word_1_148' title='bbox 345 2235 439 2302; x_wconf 87' lang='lat' dir='ltr'><strong>deest</strong></span> <span class='ocrx_word' id='word_1_149' title='bbox 454 2235 487 2300; x_wconf 95' lang='lat' dir='ltr'><strong>in</strong></span> <span class='ocrx_word' id='word_1_150' title='bbox 503 2238 531 2301; x_wconf 88' lang='lat' dir='ltr'>T</span> <span class='ocrx_word' id='word_1_151' title='bbox 546 2237 571 2300; x_wconf 93' lang='lat' dir='ltr'>P</span> <span class='ocrx_word' id='word_1_152' title='bbox 586 2237 625 2302; x_wconf 93' lang='lat' dir='ltr'><strong>U.</strong></span> <span class='ocrx_word' id='word_1_153' title='bbox 648 2236 703 2318; x_wconf 91' lang='lat' dir='ltr'><strong>qui</strong></span> <span class='ocrx_word' id='word_1_154' title='bbox 718 2256 913 2319; x_wconf 89' lang='lat' dir='ltr'><strong>quamquam</strong></span> <span class='ocrx_word' id='word_1_155' title='bbox 928 2243 960 2302; x_wconf 85' lang='lat' dir='ltr'><strong>ct</strong></span> <span class='ocrx_word' id='word_1_156' title='bbox 975 2236 1037 2321; x_wconf 92' lang='lat' dir='ltr'><strong>ipsi</strong></span> <span class='ocrx_word' id='word_1_157' title='bbox 1054 2237 1159 2302; x_wconf 90' lang='lat' dir='ltr'><strong>locum</strong></span> <span class='ocrx_word' id='word_1_158' title='bbox 1173 2242 1383 2321; x_wconf 87' lang='lat' dir='ltr'><strong>corruperunt</strong></span> 
     </span>
     <span class='ocr_line' id='line_1_18' title="bbox 155 2341 1382 2430; baseline 0.002 -25"><span class='ocrx_word' id='word_1_159' title='bbox 155 2341 340 2407; x_wconf 90' lang='lat' dir='ltr'><strong>scribendo:</strong></span> <span class='ocrx_word' id='word_1_160' title='bbox 364 2367 421 2410; x_wconf 81' lang='lat' dir='ltr'><strong>seeo</strong></span> <span class='ocrx_word' id='word_1_161' title='bbox 447 2349 571 2429; x_wconf 77' lang='lat' dir='ltr'><strong>tpttnr</strong></span> <span class='ocrx_word' id='word_1_162' title='bbox 594 2345 695 2430; x_wconf 72' lang='lat' dir='ltr'><strong>(erpo</strong></span> <span class='ocrx_word' id='word_1_163' title='bbox 728 2341 771 2428; x_wconf 88' lang='grc' dir='ltr'><strong>Τ)</strong></span> <span class='ocrx_word' id='word_1_164' title='bbox 797 2349 867 2410; x_wconf 84' lang='lat' dir='ltr'><strong>iare</strong></span> <span class='ocrx_word' id='word_1_165' title='bbox 893 2367 953 2410; x_wconf 81' lang='lat' dir='ltr'><strong>aaa</strong></span> <span class='ocrx_word' id='word_1_166' title='bbox 977 2354 1049 2419; x_wconf 86' lang='lat' dir='ltr'><strong>est,</strong></span> <span class='ocrx_word' id='word_1_167' title='bbox 1078 2351 1186 2409; x_wconf 87' lang='lat' dir='ltr'><strong>tamen</strong></span> <span class='ocrx_word' id='word_1_168' title='bbox 1215 2343 1288 2427; x_wconf 90' lang='lat' dir='ltr'><strong>ipsa</strong></span> <span class='ocrx_word' id='word_1_169' title='bbox 1318 2342 1382 2408; x_wconf 89' lang='lat' dir='ltr'><strong>bac</strong></span> 
     </span>
     <span class='ocr_line' id='line_1_19' title="bbox 156 2448 1384 2538; baseline 0.001 -26"><span class='ocrx_word' id='word_1_170' title='bbox 156 2449 364 2516; x_wconf 86' lang='lat' dir='ltr'><strong>correctionis</strong></span> <span class='ocrx_word' id='word_1_171' title='bbox 388 2449 579 2516; x_wconf 86' lang='lat' dir='ltr'><strong>diversitate</strong></span> <span class='ocrx_word' id='word_1_172' title='bbox 604 2457 738 2538; x_wconf 83' lang='lat' dir='ltr'><strong>atquae</strong></span> <span class='ocrx_word' id='word_1_173' title='bbox 762 2457 794 2516; x_wconf 85' lang='lat' dir='ltr'><strong>ct</strong></span> <span class='ocrx_word' id='word_1_174' title='bbox 819 2455 921 2537; x_wconf 79' lang='lat' dir='ltr'><strong>ipitne</strong></span> <span class='ocrx_word' id='word_1_175' title='bbox 934 2448 1135 2514; x_wconf 91' lang='lat' dir='ltr'><strong>librariorum</strong></span> <span class='ocrx_word' id='word_1_176' title='bbox 1159 2448 1384 2516; x_wconf 80' lang='lat' dir='ltr'><strong>additamenta</strong></span> 
     </span>
     <span class='ocr_line' id='line_1_20' title="bbox 155 2555 1382 2642; baseline 0 -22"><span class='ocrx_word' id='word_1_177' title='bbox 155 2575 228 2621; x_wconf 88' lang='lat' dir='ltr'><strong>esse</strong></span> <span class='ocrx_word' id='word_1_178' title='bbox 256 2555 437 2622; x_wconf 89' lang='lat' dir='ltr'><strong>ostendunt.</strong></span> <span class='ocrx_word' id='word_1_179' title='bbox 493 2557 627 2642; x_wconf 87' lang='lat' dir='ltr'><strong>copulas</strong></span> <span class='ocrx_word' id='word_1_180' title='bbox 654 2577 731 2623; x_wconf 91' lang='lat' dir='ltr'><strong>vero</strong></span> <span class='ocrx_word' id='word_1_181' title='bbox 760 2561 828 2642; x_wconf 77' lang='lat' dir='ltr'><strong>fnit</strong></span> <span class='ocrx_word' id='word_1_182' title='bbox 855 2557 907 2622; x_wconf 88' lang='lat' dir='ltr'><strong>vel</strong></span> <span class='ocrx_word' id='word_1_183' title='bbox 932 2567 977 2624; x_wconf 85' lang='lat' dir='ltr'><strong>est</strong></span> <span class='ocrx_word' id='word_1_184' title='bbox 1009 2576 1048 2621; x_wconf 84' lang='lat' dir='ltr'><strong>ex</strong></span> <span class='ocrx_word' id='word_1_185' title='bbox 1081 2576 1160 2622; x_wconf 86' lang='lat' dir='ltr'><strong>voce</strong></span> <span class='ocrx_word' id='word_1_186' title='bbox 1192 2564 1267 2624; x_wconf 79' lang='lat' dir='ltr'><strong>stent</strong></span> <span class='ocrx_word' id='word_1_187' title='bbox 1298 2556 1382 2621; x_wconf 89' lang='lat' dir='ltr'><strong>inB</strong></span> 
     </span>
     <span class='ocr_line' id='line_1_21' title="bbox 156 2663 920 2748; baseline 0 -20"><span class='ocrx_word' id='word_1_188' title='bbox 156 2669 318 2746; x_wconf 85' lang='lat' dir='ltr'><strong>expuncta</strong></span> <span class='ocrx_word' id='word_1_189' title='bbox 341 2671 431 2730; x_wconf 85' lang='lat' dir='ltr'><strong>ortas</strong></span> <span class='ocrx_word' id='word_1_190' title='bbox 455 2672 487 2730; x_wconf 90' lang='lat' dir='ltr'><strong>et</strong></span> <span class='ocrx_word' id='word_1_191' title='bbox 511 2663 700 2730; x_wconf 81' lang='lat' dir='ltr'><strong>obiciendae</strong></span> <span class='ocrx_word' id='word_1_192' title='bbox 724 2684 797 2730; x_wconf 87' lang='lat' dir='ltr'><strong>esse</strong></span> <span class='ocrx_word' id='word_1_193' title='bbox 819 2671 920 2748; x_wconf 83' lang='lat' dir='ltr'><strong>patet.</strong></span> 
     </span>
    </p>
   </div>
   <div class='ocr_carea' id='block_1_3' title="bbox 662 2862 873 2869">
    <p class='ocr_par' dir='ltr' id='par_1_3' title="bbox 662 2862 873 2869">
     <span class='ocr_line' id='line_1_22' title="bbox 662 2862 873 2869; baseline 0.005 -1"><span class='ocrx_word' id='word_1_194' title='bbox 662 2862 873 2869; x_wconf 83' lang='lat'><strong>——-—</strong></span> 
     </span>
    </p>
   </div>
   <div class='ocr_carea' id='block_1_4' title="bbox 745 3007 823 3082">
    <p class='ocr_par' dir='ltr' id='par_1_4' title="bbox 745 3007 823 3082">
     <span class='ocr_line' id='line_1_23' title="bbox 745 3007 823 3082; baseline 0 -5"><span class='ocrx_word' id='word_1_195' title='bbox 745 3007 790 3082; x_wconf 90' lang='lat' dir='ltr'><strong>ll.</strong></span> <span class='ocrx_word' id='word_1_196' title='bbox 820 3053 823 3060; x_wconf 85' lang='lat'><em>-</em></span> 
     </span>
    </p>
   </div>
   <div class='ocr_carea' id='block_1_5' title="bbox 157 3141 1382 3240">
    <p class='ocr_par' dir='ltr' id='par_1_5' title="bbox 157 3141 1382 3240">
     <span class='ocr_line' id='line_1_24' title="bbox 157 3141 1382 3240; baseline 0.004 -23"><span class='ocrx_word' id='word_1_197' title='bbox 157 3141 202 3219; x_wconf 82' lang='lat' dir='ltr'><strong>Dc</strong></span> <span class='ocrx_word' id='word_1_198' title='bbox 229 3143 327 3221; x_wconf 82' lang='lat' dir='ltr'><strong>libris</strong></span> <span class='ocrx_word' id='word_1_199' title='bbox 353 3144 407 3240; x_wconf 81' lang='lat' dir='ltr'><strong>qui</strong></span> <span class='ocrx_word' id='word_1_200' title='bbox 432 3146 515 3221; x_wconf 84' lang='lat' dir='ltr'><strong>sunl</strong></span> <span class='ocrx_word' id='word_1_201' title='bbox 539 3143 582 3221; x_wconf 88' lang='lat' dir='ltr'><strong>dc</strong></span> <span class='ocrx_word' id='word_1_202' title='bbox 602 3141 784 3222; x_wconf 72' lang='lat' dir='ltr'><strong>beneficiis</strong></span> <span class='ocrx_word' id='word_1_203' title='bbox 809 3145 846 3221; x_wconf 83' lang='lat' dir='ltr'><strong>el</strong></span> <span class='ocrx_word' id='word_1_204' title='bbox 867 3142 909 3220; x_wconf 84' lang='lat' dir='ltr'><strong>de</strong></span> <span class='ocrx_word' id='word_1_205' title='bbox 934 3141 1121 3221; x_wconf 82' lang='lat' dir='ltr'><strong>clementia</strong></span> <span class='ocrx_word' id='word_1_206' title='bbox 1141 3144 1382 3222; x_wconf 86' lang='lat' dir='ltr'><strong>recensendis.</strong></span> 
     </span>
    </p>
   </div>
   <div class='ocr_carea' id='block_1_6' title="bbox 104 3285 1385 4119">
    <p class='ocr_par' dir='ltr' id='par_1_6' title="bbox 104 3285 1385 4119">
     <span class='ocr_line' id='line_1_25' title="bbox 243 3285 1382 3371; baseline 0.002 -20"><span class='ocrx_word' id='word_1_207' title='bbox 243 3287 496 3370; x_wconf 81' lang='lat' dir='ltr'><strong>Antiquissimus</strong></span> <span class='ocrx_word' id='word_1_208' title='bbox 521 3293 554 3352; x_wconf 88' lang='lat' dir='ltr'><strong>et</strong></span> <span class='ocrx_word' id='word_1_209' title='bbox 576 3287 716 3371; x_wconf 86' lang='lat' dir='ltr'><strong>optimus</strong></span> <span class='ocrx_word' id='word_1_210' title='bbox 740 3286 879 3352; x_wconf 90' lang='lat' dir='ltr'><strong>omnium</strong></span> <span class='ocrx_word' id='word_1_211' title='bbox 908 3286 1068 3369; x_wconf 88' lang='lat' dir='ltr'><strong>codicum,</strong></span> <span class='ocrx_word' id='word_1_212' title='bbox 1096 3285 1212 3368; x_wconf 89' lang='lat' dir='ltr'><strong>quibus</strong></span> <span class='ocrx_word' id='word_1_213' title='bbox 1239 3287 1313 3351; x_wconf 93' lang='lat' dir='ltr'><strong>libri</strong></span> <span class='ocrx_word' id='word_1_214' title='bbox 1341 3287 1382 3354; x_wconf 90' lang='lat' dir='ltr'><strong>de</strong></span> 
     </span>
     <span class='ocr_line' id='line_1_26' title="bbox 156 3392 1382 3477; baseline 0.001 -20"><span class='ocrx_word' id='word_1_215' title='bbox 156 3392 320 3460; x_wconf 89' lang='lat' dir='ltr'><strong>beneficiis</strong></span> <span class='ocrx_word' id='word_1_216' title='bbox 349 3403 381 3460; x_wconf 89' lang='lat' dir='ltr'><strong>et</strong></span> <span class='ocrx_word' id='word_1_217' title='bbox 409 3392 451 3460; x_wconf 89' lang='lat' dir='ltr'><strong>de</strong></span> <span class='ocrx_word' id='word_1_218' title='bbox 484 3394 654 3460; x_wconf 88' lang='lat' dir='ltr'><strong>clementia</strong></span> <span class='ocrx_word' id='word_1_219' title='bbox 687 3393 808 3460; x_wconf 87' lang='lat' dir='ltr'><strong>servati</strong></span> <span class='ocrx_word' id='word_1_220' title='bbox 838 3400 920 3477; x_wconf 64' lang='lat' dir='ltr'><strong>sunt</strong></span> <span class='ocrx_word' id='word_1_221' title='bbox 948 3392 1299 3459; x_wconf 89' lang='lat' dir='ltr'><strong>Lauresbamensis</strong></span> <span class='ocrx_word' id='word_1_222' title='bbox 1331 3401 1382 3460; x_wconf 85' lang='lat' dir='ltr'><strong>cst</strong></span> 
     </span>
     <span class='ocr_line' id='line_1_27' title="bbox 104 3498 1382 3584; baseline 0 -18"><span class='ocrx_word' id='word_1_223' title='bbox 104 3546 108 3557; x_wconf 73' lang='grc'><em>.</em></span> <span class='ocrx_word' id='word_1_224' title='bbox 157 3500 376 3584; x_wconf 87' lang='lat' dir='ltr'><strong>S.Nazarii‚</strong></span> <span class='ocrx_word' id='word_1_225' title='bbox 400 3520 498 3566; x_wconf 90' lang='lat' dir='ltr'><strong>nunc</strong></span> <span class='ocrx_word' id='word_1_226' title='bbox 521 3500 623 3566; x_wconf 89' lang='lat' dir='ltr'><strong>inter</strong></span> <span class='ocrx_word' id='word_1_227' title='bbox 646 3500 855 3566; x_wconf 86' lang='lat' dir='ltr'><strong>Palatinos</strong></span> <span class='ocrx_word' id='word_1_228' title='bbox 878 3498 1144 3566; x_wconf 87' lang='lat' dir='ltr'><strong>bibliothecae</strong></span> <span class='ocrx_word' id='word_1_229' title='bbox 1169 3500 1382 3566; x_wconf 88' lang='lat' dir='ltr'><strong>Vaticanae</strong></span> 
     </span>
     <span class='ocr_line' id='line_1_28' title="bbox 155 3606 1381 3691; baseline 0 -17"><span class='ocrx_word' id='word_1_230' title='bbox 155 3628 311 3674; x_wconf 90' lang='lat' dir='ltr'><strong>numero</strong></span> <span class='ocrx_word' id='word_1_231' title='bbox 347 3611 445 3674; x_wconf 72' lang='lat'>1547</span> <span class='ocrx_word' id='word_1_232' title='bbox 476 3607 663 3691; x_wconf 83' lang='lat' dir='ltr'><strong>signatus.</strong></span> <span class='ocrx_word' id='word_1_233' title='bbox 715 3608 806 3672; x_wconf 90' lang='lat' dir='ltr'><strong>cuius</strong></span> <span class='ocrx_word' id='word_1_234' title='bbox 836 3606 1041 3672; x_wconf 86' lang='lat' dir='ltr'><strong>collationem</strong></span> <span class='ocrx_word' id='word_1_235' title='bbox 1070 3625 1155 3672; x_wconf 89' lang='lat' dir='ltr'><strong>anno</strong></span> <span class='ocrx_word' id='word_1_236' title='bbox 1185 3610 1271 3672; x_wconf 82' lang='lat'><strong>1866</strong></span> <span class='ocrx_word' id='word_1_237' title='bbox 1297 3626 1318 3672; x_wconf 87' lang='lat' dir='ltr'><strong>a</strong></span> <span class='ocrx_word' id='word_1_238' title='bbox 1345 3608 1381 3675; x_wconf 87' lang='lat' dir='ltr'><strong>R.</strong></span> 
     </span>
     <span class='ocr_line' id='line_1_29' title="bbox 156 3711 1382 3798; baseline -0.001 -19"><span class='ocrx_word' id='word_1_239' title='bbox 156 3715 283 3780; x_wconf 79' lang='lat' dir='ltr'><strong>Keknle</strong></span> <span class='ocrx_word' id='word_1_240' title='bbox 322 3715 567 3782; x_wconf 87' lang='lat' dir='ltr'><strong>accuratissime</strong></span> <span class='ocrx_word' id='word_1_241' title='bbox 605 3714 783 3780; x_wconf 84' lang='lat' dir='ltr'><strong>confectam</strong></span> <span class='ocrx_word' id='word_1_242' title='bbox 820 3713 862 3778; x_wconf 90' lang='lat' dir='ltr'><strong>M.</strong></span> <span class='ocrx_word' id='word_1_243' title='bbox 894 3713 1057 3798; x_wconf 86' lang='lat' dir='ltr'><strong>Hauptius</strong></span> <span class='ocrx_word' id='word_1_244' title='bbox 1089 3711 1254 3796; x_wconf 85' lang='lat' dir='ltr'><strong>Madvigio</strong></span> <span class='ocrx_word' id='word_1_245' title='bbox 1287 3713 1382 3780; x_wconf 85' lang='lat' dir='ltr'><strong>inter-</strong></span> 
     </span>
     <span class='ocr_line' id='line_1_30' title="bbox 156 3821 1384 3906; baseline -0.002 -18"><span class='ocrx_word' id='word_1_246' title='bbox 156 3821 291 3888; x_wconf 85' lang='lat' dir='ltr'><strong>cedente</strong></span> <span class='ocrx_word' id='word_1_247' title='bbox 313 3822 355 3888; x_wconf 90' lang='lat' dir='ltr'><strong>M.</strong></span> <span class='ocrx_word' id='word_1_248' title='bbox 380 3822 414 3888; x_wconf 82' lang='lat'><strong>0.</strong></span> <span class='ocrx_word' id='word_1_249' title='bbox 436 3823 565 3888; x_wconf 82' lang='lat' dir='ltr'><strong>Gertzio</strong></span> <span class='ocrx_word' id='word_1_250' title='bbox 589 3823 622 3888; x_wconf 92' lang='lat' dir='ltr'><strong>in</strong></span> <span class='ocrx_word' id='word_1_251' title='bbox 646 3842 738 3888; x_wconf 90' lang='lat' dir='ltr'><strong>usum</strong></span> <span class='ocrx_word' id='word_1_252' title='bbox 757 3821 913 3906; x_wconf 89' lang='lat' dir='ltr'><strong>permisit.</strong></span> <span class='ocrx_word' id='word_1_253' title='bbox 950 3841 1022 3886; x_wconf 90' lang='lat' dir='ltr'><strong>oum</strong></span> <span class='ocrx_word' id='word_1_254' title='bbox 1036 3827 1144 3886; x_wconf 89' lang='lat' dir='ltr'><strong>autem</strong></span> <span class='ocrx_word' id='word_1_255' title='bbox 1159 3829 1234 3905; x_wconf 87' lang='lat' dir='ltr'><strong>post</strong></span> <span class='ocrx_word' id='word_1_256' title='bbox 1249 3821 1384 3906; x_wconf 86' lang='lat' dir='ltr'><strong>Hauptii</strong></span> 
     </span>
     <span class='ocr_line' id='line_1_31' title="bbox 157 3927 1384 4013; baseline -0.001 -19"><span class='ocrx_word' id='word_1_257' title='bbox 157 3937 289 3996; x_wconf 88' lang='lat' dir='ltr'><strong>mortem</strong></span> <span class='ocrx_word' id='word_1_258' title='bbox 313 3928 488 3995; x_wconf 89' lang='lat' dir='ltr'><strong>heredibus</strong></span> <span class='ocrx_word' id='word_1_259' title='bbox 512 3930 581 3996; x_wconf 89' lang='lat' dir='ltr'><strong>eius</strong></span> <span class='ocrx_word' id='word_1_260' title='bbox 606 3929 744 3996; x_wconf 86' lang='lat' dir='ltr'><strong>remissa</strong></span> <span class='ocrx_word' id='word_1_261' title='bbox 767 3936 863 4012; x_wconf 79' lang='lat' dir='ltr'><strong>esset,</strong></span> <span class='ocrx_word' id='word_1_262' title='bbox 892 3927 1042 3994; x_wconf 86' lang='lat' dir='ltr'><strong>Gertzius</strong></span> <span class='ocrx_word' id='word_1_263' title='bbox 1065 3927 1265 4013; x_wconf 86' lang='lat' dir='ltr'><strong>apographo,</strong></span> <span class='ocrx_word' id='word_1_264' title='bbox 1297 3928 1384 4011; x_wconf 89' lang='lat' dir='ltr'><strong>qnod</strong></span> 
     </span>
     <span class='ocr_line' id='line_1_32' title="bbox 157 4034 1385 4119; baseline 0.002 -19"><span class='ocrx_word' id='word_1_265' title='bbox 157 4037 188 4102; x_wconf 92' lang='lat' dir='ltr'><strong>iu</strong></span> <span class='ocrx_word' id='word_1_266' title='bbox 211 4057 303 4104; x_wconf 90' lang='lat' dir='ltr'><strong>usum</strong></span> <span class='ocrx_word' id='word_1_267' title='bbox 328 4057 419 4104; x_wconf 91' lang='lat' dir='ltr'><strong>suum</strong></span> <span class='ocrx_word' id='word_1_268' title='bbox 442 4045 518 4103; x_wconf 86' lang='lat' dir='ltr'><strong>ante</strong></span> <span class='ocrx_word' id='word_1_269' title='bbox 533 4037 725 4119; x_wconf 79' lang='lat' dir='ltr'><strong>confecerat,</strong></span> <span class='ocrx_word' id='word_1_270' title='bbox 749 4036 782 4101; x_wconf 93' lang='lat' dir='ltr'><strong>in</strong></span> <span class='ocrx_word' id='word_1_271' title='bbox 797 4034 923 4102; x_wconf 89' lang='lat' dir='ltr'><strong>edendo</strong></span> <span class='ocrx_word' id='word_1_272' title='bbox 947 4036 993 4100; x_wconf 84' lang='lat' dir='ltr'><strong>uti</strong></span> <span class='ocrx_word' id='word_1_273' title='bbox 1017 4041 1150 4101; x_wconf 89' lang='lat' dir='ltr'><strong>coactus</strong></span> <span class='ocrx_word' id='word_1_274' title='bbox 1169 4043 1227 4101; x_wconf 87' lang='lat' dir='ltr'><strong>cst.</strong></span> <span class='ocrx_word' id='word_1_275' title='bbox 1235 4036 1258 4116; x_wconf 87' lang='lat'><strong>¹)</strong></span> <span class='ocrx_word' id='word_1_276' title='bbox 1273 4035 1385 4118; x_wconf 84' lang='lat' dir='ltr'><strong>itaquo</strong></span> 
     </span>
    </p>
   </div>
   <div class='ocr_carea' id='block_1_7' title="bbox 157 4230 1384 4570">
    <p class='ocr_par' dir='ltr' id='par_1_7' title="bbox 157 4230 1384 4570">
     <span class='ocr_line' id='line_1_33' title="bbox 247 4230 1383 4301; baseline -0.001 -15"><span class='ocrx_word' id='word_1_277' title='bbox 247 4233 284 4297; x_wconf 75' lang='lat'><strong>¹⁰)</strong></span> <span class='ocrx_word' id='word_1_278' title='bbox 303 4233 430 4287; x_wconf 84' lang='lat' dir='ltr'><strong>voculam</strong></span> <span class='ocrx_word' id='word_1_279' title='bbox 439 4235 508 4296; x_wconf 83' lang='lat' dir='ltr'><strong>bene,</strong></span> <span class='ocrx_word' id='word_1_280' title='bbox 522 4251 603 4301; x_wconf 84' lang='lat' dir='ltr'><strong>quae,</strong></span> <span class='ocrx_word' id='word_1_281' title='bbox 613 4251 675 4288; x_wconf 89' lang='lat' dir='ltr'><strong>cum</strong></span> <span class='ocrx_word' id='word_1_282' title='bbox 690 4233 826 4287; x_wconf 86' lang='lat' dir='ltr'><strong>haeceine</strong></span> <span class='ocrx_word' id='word_1_283' title='bbox 840 4234 908 4286; x_wconf 82' lang='lat' dir='ltr'><strong>nota</strong></span> <span class='ocrx_word' id='word_1_284' title='bbox 920 4233 953 4285; x_wconf 80' lang='lat' dir='ltr'><strong>bin</strong></span> <span class='ocrx_word' id='word_1_285' title='bbox 969 4231 998 4284; x_wconf 92' lang='lat' dir='ltr'><strong>in</strong></span> <span class='ocrx_word' id='word_1_286' title='bbox 1018 4231 1040 4285; x_wconf 89' lang='lat' dir='ltr'>T</span> <span class='ocrx_word' id='word_1_287' title='bbox 1054 4230 1099 4294; x_wconf 85' lang='lat' dir='ltr'><strong>sit,</strong></span> <span class='ocrx_word' id='word_1_288' title='bbox 1119 4230 1251 4286; x_wconf 82' lang='lat' dir='ltr'><strong>facillime</strong></span> <span class='ocrx_word' id='word_1_289' title='bbox 1274 4230 1383 4286; x_wconf 84' lang='lat' dir='ltr'><strong>exidcre</strong></span> 
     </span>
     <span class='ocr_line' id='line_1_34' title="bbox 157 4319 1384 4392; baseline -0.002 -16"><span class='ocrx_word' id='word_1_290' title='bbox 157 4325 277 4391; x_wconf 84' lang='lat' dir='ltr'><strong>poterat,</strong></span> <span class='ocrx_word' id='word_1_291' title='bbox 304 4322 334 4376; x_wconf 90' lang='lat' dir='ltr'><strong>in</strong></span> <span class='ocrx_word' id='word_1_292' title='bbox 362 4323 500 4392; x_wconf 90' lang='lat' dir='ltr'><strong>superiore</strong></span> <span class='ocrx_word' id='word_1_293' title='bbox 527 4322 674 4377; x_wconf 82' lang='lat' dir='ltr'><strong>enuntiato</strong></span> <span class='ocrx_word' id='word_1_294' title='bbox 702 4325 764 4391; x_wconf 82' lang='lat' dir='ltr'><strong>post.</strong></span> <span class='ocrx_word' id='word_1_295' title='bbox 791 4337 885 4376; x_wconf 83' lang='lat' dir='ltr'><strong>vocem</strong></span> <span class='ocrx_word' id='word_1_296' title='bbox 913 4323 996 4375; x_wconf 80' lang='lat' dir='ltr'><strong>nullia</strong></span> <span class='ocrx_word' id='word_1_297' title='bbox 1023 4323 1174 4390; x_wconf 84' lang='lat' dir='ltr'><strong>posuerunt</strong></span> <span class='ocrx_word' id='word_1_298' title='bbox 1201 4321 1262 4374; x_wconf 91' lang='lat' dir='ltr'><strong>DE.</strong></span> <span class='ocrx_word' id='word_1_299' title='bbox 1307 4319 1384 4374; x_wconf 82' lang='lat' dir='ltr'><strong>vides</strong></span> 
     </span>
     <span class='ocr_line' id='line_1_35' title="bbox 157 4408 1382 4482; baseline -0.002 -18"><span class='ocrx_word' id='word_1_300' title='bbox 157 4412 243 4482; x_wconf 80' lang='lat' dir='ltr'><strong>igitur</strong></span> <span class='ocrx_word' id='word_1_301' title='bbox 265 4429 327 4466; x_wconf 84' lang='lat' dir='ltr'><strong>eam</strong></span> <span class='ocrx_word' id='word_1_302' title='bbox 350 4411 380 4464; x_wconf 88' lang='lat' dir='ltr'><strong>in</strong></span> <span class='ocrx_word' id='word_1_303' title='bbox 398 4411 496 4466; x_wconf 89' lang='lat' dir='ltr'><strong>horum</strong></span> <span class='ocrx_word' id='word_1_304' title='bbox 515 4411 647 4466; x_wconf 89' lang='lat' dir='ltr'><strong>librorum</strong></span> <span class='ocrx_word' id='word_1_305' title='bbox 670 4412 820 4480; x_wconf 80' lang='lat' dir='ltr'><strong>archetypo</strong></span> <span class='ocrx_word' id='word_1_306' title='bbox 843 4427 877 4464; x_wconf 88' lang='lat' dir='ltr'><strong>ex</strong></span> <span class='ocrx_word' id='word_1_307' title='bbox 900 4410 991 4464; x_wconf 88' lang='lat' dir='ltr'><strong>codice</strong></span> <span class='ocrx_word' id='word_1_308' title='bbox 1015 4408 1083 4464; x_wconf 86' lang='lat' dir='ltr'><strong>meis</strong></span> <span class='ocrx_word' id='word_1_309' title='bbox 1105 4409 1191 4464; x_wconf 86' lang='lat' dir='ltr'><strong>simili</strong></span> <span class='ocrx_word' id='word_1_310' title='bbox 1213 4426 1297 4478; x_wconf 80' lang='lat' dir='ltr'><strong>supra</strong></span> <span class='ocrx_word' id='word_1_311' title='bbox 1323 4425 1382 4464; x_wconf 83' lang='lat' dir='ltr'><strong>ver·</strong></span> 
     </span>
     <span class='ocr_line' id='line_1_36' title="bbox 157 4499 991 4570; baseline 0.002 -18"><span class='ocrx_word' id='word_1_312' title='bbox 157 4519 215 4554; x_wconf 83' lang='lat' dir='ltr'><strong>sum</strong></span> <span class='ocrx_word' id='word_1_313' title='bbox 235 4500 371 4555; x_wconf 83' lang='lat' dir='ltr'><strong>adiectum</strong></span> <span class='ocrx_word' id='word_1_314' title='bbox 390 4500 473 4555; x_wconf 76' lang='lat' dir='ltr'><strong>finisse</strong></span> <span class='ocrx_word' id='word_1_315' title='bbox 492 4503 521 4555; x_wconf 82' lang='lat' dir='ltr'><strong>et</strong></span> <span class='ocrx_word' id='word_1_316' title='bbox 539 4503 635 4570; x_wconf 85' lang='lat' dir='ltr'><strong>postea</strong></span> <span class='ocrx_word' id='word_1_317' title='bbox 653 4501 722 4555; x_wconf 72' lang='lat' dir='ltr'><strong>falso</strong></span> <span class='ocrx_word' id='word_1_318' title='bbox 740 4500 799 4554; x_wconf 87' lang='lat' dir='ltr'><strong>loco</strong></span> <span class='ocrx_word' id='word_1_319' title='bbox 818 4499 991 4554; x_wconf 83' lang='lat' dir='ltr'><strong>collocatum.</strong></span> 
     </span>
    </p>
   </div>
   <div class='ocr_carea' id='block_1_8' title="bbox 158 4605 1383 4762">
    <p class='ocr_par' dir='ltr' id='par_1_8' title="bbox 158 4605 1383 4762">
     <span class='ocr_line' id='line_1_37' title="bbox 247 4605 1383 4675; baseline -0.001 -15"><span class='ocrx_word' id='word_1_320' title='bbox 247 4605 270 4674; x_wconf 83' lang='lat'><strong>¹)</strong></span> <span class='ocrx_word' id='word_1_321' title='bbox 290 4609 402 4662; x_wconf 81' lang='lat' dir='ltr'><strong>Senecae</strong></span> <span class='ocrx_word' id='word_1_322' title='bbox 420 4608 485 4662; x_wconf 81' lang='lat' dir='ltr'><strong>libri</strong></span> <span class='ocrx_word' id='word_1_323' title='bbox 507 4611 539 4662; x_wconf 76' lang='lat' dir='ltr'><strong>dc</strong></span> <span class='ocrx_word' id='word_1_324' title='bbox 561 4609 694 4675; x_wconf 62' lang='lat' dir='ltr'><strong>metietis</strong></span> <span class='ocrx_word' id='word_1_325' title='bbox 721 4615 747 4661; x_wconf 83' lang='lat' dir='ltr'><strong>et</strong></span> <span class='ocrx_word' id='word_1_326' title='bbox 772 4609 805 4662; x_wconf 85' lang='lat' dir='ltr'><strong>dc</strong></span> <span class='ocrx_word' id='word_1_327' title='bbox 831 4609 971 4662; x_wconf 79' lang='lat' dir='ltr'><strong>clementie</strong></span> <span class='ocrx_word' id='word_1_328' title='bbox 994 4609 1031 4662; x_wconf 82' lang='lat' dir='ltr'><strong>ad</strong></span> <span class='ocrx_word' id='word_1_329' title='bbox 1052 4609 1167 4662; x_wconf 74' lang='lat' dir='ltr'><strong>cottam</strong></span> <span class='ocrx_word' id='word_1_330' title='bbox 1192 4607 1383 4662; x_wconf 75' lang='lat' dir='ltr'><strong>Nmrianem</strong></span> 
     </span>
     <span class='ocr_line' id='line_1_38' title="bbox 158 4696 665 4762; baseline 0 -12"><span class='ocrx_word' id='word_1_331' title='bbox 158 4715 205 4752; x_wconf 81' lang='lat' dir='ltr'><strong>rec.</strong></span> <span class='ocrx_word' id='word_1_332' title='bbox 226 4699 263 4751; x_wconf 85' lang='grc' dir='ltr'><strong>Μ.</strong></span> <span class='ocrx_word' id='word_1_333' title='bbox 286 4697 314 4750; x_wconf 84' lang='lat' dir='ltr'><strong>G.</strong></span> <span class='ocrx_word' id='word_1_334' title='bbox 336 4696 567 4762; x_wconf 68' lang='lat' dir='ltr'><strong>conabamini</strong></span> <span class='ocrx_word' id='word_1_335' title='bbox 587 4697 665 4750; x_wconf 86' lang='grc'><strong>1876.</strong></span> 
     </span>
    </p>
   </div>
   <div class='ocr_carea' id='block_1_9' title="bbox 0 0 1768 5244">
    <p class='ocr_par' dir='ltr' id='par_1_9' title="bbox 0 0 1768 5244">
     <span class='ocr_line' id='line_1_39' title="bbox 0 0 1768 5244; baseline 0 0"><span class='ocrx_word' id='word_1_336' title='bbox 0 0 1768 5244; x_wconf 95' lang='lat' dir='ltr'><strong> </strong></span> 
     </span>
    </p>
   </div>
  </div>
 </body>
</html>
