3546 5236
849 367 1058 464 *Wh-

337 577 401 624 non
425 566 545 626 temero
567 580 626 644 pro
644 563 794 626 Thracica
817 561 972 645 scriptum
995 579 1079 642 esse,
1103 557 1162 625 sed
1179 561 1341 625 Threiciae
1355 559 1389 624 in
1404 579 1443 624 eo
1458 559 1572 642 latere,

339 661 371 730 in
400 685 462 748 quo
492 665 651 731 Graecum
679 690 688 730 ι
716 666 945 752 subscriptum,
972 665 1059 750 quod
1086 665 1212 750 dicitur,
1241 665 1441 752 adscriptum
1470 665 1570 742 sit⁴⁸).

338 790 412 838 nam
440 772 501 838 hac
528 793 656 857 quoque
685 773 718 836 in
740 792 776 838 re
804 772 1074 841 considerandum
1107 781 1158 839 est
1191 772 1336 838 Senecae
1369 774 1569 858 temporibus

339 875 509 944 Claudium
538 879 765 964 imperatorem
793 899 833 946 ex
863 879 976 963 lingua
1003 880 1131 946 Graeca
1160 899 1231 944 cnm
1259 881 1327 946 alia
1355 881 1387 944 in
1416 880 1569 946 Latinam

340 983 518 1068 induxisse,
541 993 607 1052 tum
631 984 866 1071 diphthongum
889 989 921 1050 ci
943 1006 1001 1071 pro
1024 1009 1062 1052 ce
1085 987 1182 1052 scribi
1205 987 1398 1064 iussisse‘li.

427 1215 493 1280 iam
515 1217 638 1282 liberae
661 1217 707 1282 rei
731 1216 882 1302 publicae
905 1217 1103 1302 temporibus
1119 1217 1138 1301 i,
1162 1237 1246 1300 quae
1269 1218 1368 1300 longa
1391 1216 1570 1300 dicitnrlll,

338 1341 430 1388 nsum
453 1324 632 1390 obtinuisse
655 1324 739 1389 inter
761 1343 872 1390 omncs
896 1333 1034 1390 constat.
1082 1343 1166 1406 quae
1195 1343 1266 1389 curn
1293 1324 1374 1388 nihil
1403 1323 1493 1388 alind
1522 1324 1568 1390 sit

337 1430 400 1496 nisi
423 1431 438 1493 Ι
461 1431 607 1513 vulgaris
636 1431 768 1514 formae,
797 1451 868 1496 oum
897 1451 962 1514 qna
990 1451 1074 1517 apex
1105 1430 1148 1495 ad
1174 1431 1299 1496 vocalis
1322 1430 1567 1516 productionem

338 1535 585 1619 significandum
600 1535 817 1623 impositus⁶¹i
833 1537 999 1621 coaluerit,
1023 1543 1275 1603 consentaneum
1298 1545 1349 1604 est
1371 1537 1442 1604 eius
1460 1537 1567 1602 locum

336 1662 400 1708 non
425 1663 507 1729 esse,
530 1644 594 1710 nisi
615 1645 671 1710 ubi
695 1645 706 1708 i
731 1644 800 1710 sive
823 1651 940 1710 natura
965 1645 1034 1710 sive
1057 1643 1219 1730 positione
1241 1644 1342 1727 longa
1365 1643 1417 1728 sit,
1440 1652 1505 1728 aut,
1529 1643 1566 1709 id

336 1751 423 1833 qnod
455 1751 560 1818 similo
584 1758 642 1834 est,
673 1751 883 1818 consonantis
912 1751 983 1816 vice
1010 1751 1172 1834 fungatur.
1218 1750 1295 1816 talis
1319 1751 1389 1816 eius
1413 1770 1490 1816 nsus
1514 1757 1569 1817 est

337 1877 409 1922 enm
435 1859 469 1925 in
496 1859 572 1924 aliis
595 1858 705 1923 multis
729 1857 841 1942 titulis,
869 1865 935 1924 tnm
963 1877 1040 1924 vero
1063 1859 1097 1923 in
1120 1859 1267 1924 oratione
1291 1857 1417 1924 funebri
1444 1858 1566 1923 'Furiae

337 1971 370 2029 et
392 1965 424 2030 in
443 1965 540 2031 rebus
560 1967 662 2048 gestis
681 1965 749 2029 divi
763 1964 911 2048 Augusti,
935 1965 967 2029 in
991 1965 1107 2048 quibus
1131 1965 1243 2050 apices
1266 1983 1394 2048 qnoque
1417 1964 1567 2047 frequen-

335 2078 384 2138 ter
408 2080 584 2138 occurrunt.
630 2081 666 2137 at
691 2091 797 2155 neque
821 2072 854 2136 in
877 2071 928 2139 his
950 2091 1055 2155 neque
1078 2071 1112 2137 in
1133 2071 1398 2156 inscriptionibus
1421 2073 1569 2137 Senecae

335 2185 445 2244 aetate
471 2179 584 2246 incisis
612 2177 813 2262 quadratarii
842 2199 976 2263 prorsus
1004 2178 1066 2244 sibi
1094 2179 1315 2261 constiterunt,
1343 2197 1452 2244 vorum
1475 2177 1567 2242 hand

338 2305 411 2351 raro
435 2286 602 2370 vulgarem
626 2285 767 2351 litteram
789 2305 848 2370 pro
872 2285 971 2368 longa
994 2285 1240 2371 exsculpserunt
1266 2294 1324 2351 aut
1350 2285 1481 2368 longam
1507 2285 1566 2350 nbi

335 2412 400 2458 non
432 2392 655 2476 requirebatur
690 2399 876 2478 posuerunt.
930 2401 1047 2477 postea
1078 2411 1154 2457 vero
1192 2391 1244 2458 hic
1279 2412 1359 2458 usus
1394 2401 1566 2476 tantopere

336 2499 549 2582 degeneravit
576 2507 612 2563 nt
639 2507 672 2564 et
699 2499 777 2564 alibi
802 2506 834 2564 et
862 2499 895 2564 in
922 2499 1016 2565 titnlo
1038 2498 1237 2565 Malaoitano
1265 2499 1434 2565 notissimo
1458 2489 1469 2562 Ι
1493 2505 1525 2564 et
1549 2500 1568 2563 Ι

334 2607 516 2692 promiscue
538 2613 734 2691 ponerentur
760 2625 924 2692 saepeque
947 2596 960 2670 Ι
983 2625 1046 2672 non
1071 2605 1156 2672 alias
1180 2606 1220 2672 ob
1236 2625 1354 2672 causas
1367 2607 1476 2691 posita
1489 2626 1567 2672 esse

333 2713 483 2778 videatur
505 2733 602 2796 quam
625 2714 754 2779 litterae
779 2713 815 2798 H,
832 2713 869 2798 T,
883 2713 920 2797 lt,
934 2713 970 2799 F,
985 2713 1014 2778 Y
1036 2713 1233 2796 reliquarum
1247 2712 1426 2778 litterarum
1440 2713 1565 2797 magni-

333 2820 476 2887 tudinem
497 2819 747 2906 superantes⁵²l.
780 2821 844 2885 ianr
868 2821 1017 2904 quamvis
1041 2821 1074 2886 in
1092 2820 1356 2906 inscriptionibus
1373 2819 1566 2886 Claudianis

423 3033 459 3100 ⁶⁸)
486 3035 590 3090 similes
613 3035 718 3088 formae
747 3034 780 3088 do
803 3035 891 3090 benef.
911 3035 935 3088 V
955 3035 981 3098 6,
1001 3035 1016 3088 1
1040 3034 1069 3088 in
1091 3033 1258 3103 quibusdum
1281 3033 1403 3090 Iiclrsrti
1425 3034 1565 3090 codicibus

332 3123 529 3180 recentioribus
547 3124 583 3190 (V
602 3125 625 3178 G
645 3123 678 3189 Τ)
698 3126 852 3178 occurrunt.

422 3212 456 3282 ⁴⁹)
475 3215 625 3270 Buecheler
643 3217 684 3268 De
706 3216 824 3270 Claudio
841 3218 1021 3283 prammctico
1039 3231 1066 3284 p.
1086 3215 1128 3268 22.
1166 3213 1198 3268 cf.
1218 3213 1294 3268 Suet.
1313 3213 1409 3268 Claud
1429 3213 1471 3266 42.

422 3301 459 3371 ⁸⁰)
478 3304 512 3359 de
535 3305 588 3358 bac
610 3305 707 3360 littera
729 3303 953 3373 disputaverunt:
981 3303 1053 3357 Frid.
1078 3301 1246 3356 Ilitschelius
1268 3301 1298 3356 in
1318 3304 1412 3358 Museo
1431 3304 1565 3356 Rhenum

333 3393 400 3448 VIII
417 3411 444 3463 p.
462 3395 525 3458 498,
548 3393 614 3447 XIII
633 3411 658 3463 p.
679 3393 739 3455 298,
768 3394 829 3457 378,
857 3393 911 3447 488
938 3396 966 3448 et
993 3393 1107 3446 Priscae
1128 3393 1291 3446 Latinitatis
1314 3399 1483 3446 monumenta
1505 3394 1565 3460 spi·

332 3479 467 3553 'prapbica
486 3501 512 3552 p.
529 3483 588 3540 124.
609 3482 743 3537 Aemilius
762 3483 891 3536 Huebner
910 3484 1015 3548 Qttaeet
1031 3483 1182 3545 onmnutol„
1200 3481 1278 3536 Bonn
1295 3480 1371 3546 1854,
1389 3497 1415 3550 p.
1427 3481 1462 3534 25
1474 3483 1504 3535 eb
1518 3481 1564 3546 16,

332 3571 538 3628 (1118111111
552 3574 693 3640 Bcitraepe
707 3589 760 3626 aar
771 3573 949 3626 latoius’sclrcu
963 3571 1085 3639 Spraclt·
1093 3573 1150 3624 und
1162 3571 1395 3626 Literatttrkcads
1407 3569 1479 3638 Llps.
1493 3571 1561 3624 1877

329 3681 356 3731 p.
375 3662 409 3716 82
419 3679 469 3730 sq„
497 3660 571 3716 Guil.
596 3659 710 3714 (lorssen
738 3661 818 3715 Ueber
840 3657 1033 3729 Ausspracltc¹
1057 3659 1142 3714 stol
1166 3675 1192 3728 p.
1216 3660 1255 3723 lo,
1284 3659 1366 3727 Hugo
1388 3658 1564 3714 Schuchardt

330 3755 387 3806 Der
405 3751 573 3806 Vocalt'emus
591 3753 636 3804 aa
656 3749 871 3818 Vulpaerlateius
890 3749 963 3818 Lips.
985 3748 1125 3803 1866-68
1143 3748 1184 3802 ΠΙ
1202 3765 1228 3817 p.
1248 3749 1297 3802 189
1307 3765 1356 3816 sq..
1376 3748 1450 3804 onii.
1465 3748 1561 3802 Brenn·

328 3840 400 3896 bach
430 3841 482 3892 Dr'c
509 3839 721 3906 Neupsataltunp
749 3842 798 3892 der
823 3840 998 3892 lateinisches
1027 3839 1230 3907 Ortboprcplu's
1256 3837 1329 3908 Lips.
1354 3838 1423 3892 1886
1446 3837 1508 3906 p.2
1531 3841 1564 3893 et

331 3930 382 3984 184
391 3946 440 3997 sq,
469 3927 497 3982 O.
522 3926 596 3982 Guil.
624 3927 739 3982 Mueller
770 3929 920 3982 Titulcrum
943 3928 1141 3993 Africanorum
1169 3928 1289 3996 mucor.
1312 3926 1467 3996 Gryphisw.
1493 3928 1561 3982 1875

328 4037 354 4088 p.
374 4019 409 4073 38
419 4035 467 4086 sq,
487 4017 524 4072 M.
543 4015 692 4072 Hoffmann
710 4019 799 4072 Index
816 4019 1012 4085 proamitae
1032 4019 1069 4072 ad
1088 4017 1204 4083 Africae
1221 4018 1314 4074 titulos
1333 4018 1395 4072 nae.
1414 4017 1561 4086 Argentor.

328 4125 355 4177 p.
379 4107 410 4160 16
426 4123 466 4174 sq.
503 4106 535 4161 G.
551 4105 722 4161 Weissbrodt
740 4106 770 4160 in
788 4105 931 4174 Plts'lclopo
952 4105 1021 4160 1884
1038 4123 1065 4174 p.
1084 4105 1137 4158 444
1147 4123 1187 4173 sq.

421 4193 458 4262 ⁶¹)
476 4197 542 4250 sunt
560 4193 753 4264 inscriptiones
770 4195 800 4248 in
819 4194 920 4263 quibus
937 4211 1009 4264 apex
1026 4212 1089 4250 cunr
1108 4194 1206 4250 littera
1222 4194 1232 4248 i
1251 4211 1306 4249 non
1324 4193 1470 4249 coaluerit:
1493 4193 1560 4249 (1.1.

327 4284 415 4340 c.1v
437 4283 505 4338 roos
528 4273 678 4350 sacrun,
701 4284 728 4338 v
752 4285 803 4338 aar
832 4269 907 4349 out,
936 4269 1160 4350 1111111111,
1189 4283 1215 4337 x
1241 4283 1309 4338 rosr
1335 4271 1467 4348 lucrat,
1496 4283 1558 4338 aaa.

328 4373 455 4442 exempla
481 4391 499 4428 a
525 4374 691 4429 Buecheloro
724 4376 763 4428 Do
792 4375 910 4429 Claudio
940 4377 1120 4442 arammaticc
1143 4390 1170 4442 p.
1198 4373 1246 4427 45:
1278 4361 1440 4438 MAIDIVS,
1468 4389 1494 4442 p.
1523 4372 1560 4428 50

328 4449 543 4520 AGRIPPINAI
562 4466 591 4518 et
609 4463 645 4518 ab
663 4462 782 4518 Aemillo
800 4461 946 4518 Huebnero
966 4464 1072 4528 Quacst.
1093 4469 1210 4518 mmet.
1227 4479 1254 4531 p.
1274 4463 1308 4516 26
1327 4461 1450 4518 collecta

418 4549 455 4621 ⁶¹)
477 4551 570 4608 simile
592 4557 635 4608 est
658 4551 732 4621 quod
753 4552 784 4606 in
806 4552 899 4607 titulis
923 4551 1061 4607 Abicanis
1083 4550 1175 4621 prims
1197 4551 1272 4606 vocis
1294 4551 1559 4620 imporatorum

327 4645 439 4711 propter
465 4642 650 4696 reverentiam
676 4640 796 4696 nominis
824 4657 931 4711 semper
954 4641 1039 4711 longa
1062 4643 1200 4696 exaratur.
1237 4657 1262 4695 v.
1287 4638 1468 4696 Hoffmannns
1495 4639 1556 4696 ic.
