3568 5238
947 439 988 500 26

858 521 1068 530 ——————

361 659 399 723 de
427 660 486 724 hac
513 679 546 724 re
569 660 645 724 facit
667 661 762 725 rerba
785 662 879 743 atque
902 679 974 725 eum
1006 662 1037 725 in
1072 663 1128 726 1411
1155 680 1188 726 44
1215 679 1361 744 peccasse
1384 662 1508 726 omnino
1531 663 1585 726 414

360 762 507 826 credibile
531 766 589 827 est.
1216 771 1218 775 “

445 882 511 946 Ν44
534 883 725 948 dissimiliter
751 884 904 948 Asconius
928 885 972 967 (p.
997 885 1052 957 68,
1085 884 1204 963 6-11)
1237 884 1434 948 librariorum
1464 884 1583 948 menda

359 983 479 1048 1441444
503 1003 571 1050 4444
595 989 730 1064 4444411,
754 991 789 1051 41
811 987 917 1052 Cicero
939 990 1010 1070 post
1024 985 1098 1051 XVI
1119 1005 1227 1064 annos,
1251 1005 1346 1068 quam
1368 1006 1457 1068 reges
1480 989 1582 1051 exacti

358 1091 472 1165 essent,
495 1090 620 1172 plebem
642 1092 728 1173 leges
752 1092 889 1155 sacratas
914 1090 972 1154 sibi
988 1090 1182 1154 ‘restituisse'
1199 1090 1301 1154 dicere
1316 1089 1482 1166 rideretur,
1505 1108 1580 1153 cum

356 1193 423 1273 ipse
437 1194 656 1257 ‘const'toisse'
670 1194 860 1278 scripsisset3
884 1194 938 1256 sed
951 1211 1069 1257 errasse
1083 1193 1295 1269 scholiastam,
1315 1193 1438 1256 Livium
1451 1193 1580 1268 seilicet,

356 1279 564 1372 Tuditanum,
597 1298 738 1360 Atticum
773 1315 849 1378 quos
878 1296 965 1360 intra
988 1296 1130 1360 nominat
1160 1298 1302 1360 coctores
1325 1298 1478 1370 secutum,
1509 1315 1580 1378 per-

357 1399 458 1479 spexit
481 1397 656 1482 Madvigius
669 1401 702 1480 ¹).
762 1399 845 1462 Nam
868 1398 995 1475 Cicero,
1020 1399 1074 1480 qui
1096 1399 1128 1461 in
1151 1399 1210 1462 1444
1232 1401 1299 1462 1414
1321 1399 1458 1462 44411444
1481 1419 1579 1482 popu-

357 1500 431 1564 laris
455 1520 523 1566 esse
551 1503 689 1578 volebat,
724 1503 802 1566 nihil
835 1502 918 1566 aliud
948 1520 1044 1583 quam
1071 1501 1217 1584 ambiguo
1248 1501 1341 1566 verbo
1370 1503 1401 1565 et
1429 1502 1510 1583 quod
1543 1503 1576 1564 in

356 1603 458 1668 maius
481 1605 579 1688 accipi
601 1605 704 1683 vellet,
729 1604 885 1688 siguificat
906 1605 1006 1687 plebis
1032 1604 1102 1667 iura
1133 1605 1239 1685 aliqua
1264 1604 1327 1667 iam
1356 1606 1449 1667 antea
1470 1603 1577 1680 141444,

356 1723 454 1786 ecque
477 1709 546 1769 tum
568 1708 715 1771 rest'tuta
742 1711 774 1772 41
801 1707 1575 1793 444141441144444444441144441144441444446).

440 1826 524 1890 Alibi
558 1829 786 1891 commentator
814 1827 997 1892 Ciceronem
1032 1827 1078 1890 ita
1111 1825 1263 1902 defendit,
1297 1828 1334 1890 ut
1367 1842 1440 1888 eum
1474 1826 1575 1906 magis

357 1929 513 1992 oratorem
536 1947 632 2011 quam
661 1930 845 1994 historicum
875 1947 968 2012 agere
997 1929 1140 2007 adnotet,
1175 1930 1262 1992 velut
1284 1949 1313 2012 p.
1343 1929 1397 2004 11,
1432 1929 1473 1989 24
1495 1947 1575 2009 sqq,

356 2048 416 2110 quc
440 2029 506 2094 loco
523 2031 682 2096 Ciceronis
705 2033 896 2096 sententiam
920 2031 1041 2114 copiose
1063 2033 1109 2096 114
1129 2033 1361 2114 interpretatur,
1384 2032 1422 2093 ut
1442 2030 1533 2093 illum
1556 2048 1576 2092 4

354 2133 484 2197 veritate
499 2153 562 2198 non
577 2135 743 2199 recessisse
767 2134 1001 2200 concedendum
1025 2133 1075 2210 411,
1099 2137 1130 2197 41
1151 2153 1181 2216 p.
1205 2135 1257 2209 61,
1281 2134 1418 2211 26-62,
1446 2135 1498 2210 24,
1521 2134 1574 2197 ubi

355 2239 473 2316 quanta
508 2237 678 2302 calliditate
712 2238 819 2303 Cicero
854 2237 930 2301 41144
964 2239 1032 2319 (pro
1064 2235 1155 2301 Corn.
1187 2237 1203 2299 1
1237 2236 1320 2320 apud
1352 2239 1424 2300 Aac.
1457 2255 1487 2318 p.
1521 2236 1574 2310 61,

356 2339 492 2419 14-19)
523 2345 661 2422 ‘passum
685 2341 761 2404 esse*
785 2339 820 2402 P.
844 2337 1020 2422 Scipionem
1043 2339 1226 2403 Africanum
1249 2339 1369 2404 secerni
1392 2357 1410 2402 a
1431 2339 1574 2421 populari

354 2461 503 2507 consessu
527 2443 677 2507 subsellia
698 2445 897 2516 senatorum,
931 2443 1009 2506 alias
1033 2441 1085 2526 (de
1108 2442 1174 2505 har.
1196 2459 1277 2524 resp.
1302 2441 1352 2518 12,
1381 2441 1436 2526 24)
1459 2442 1574 2524 ‘ipsum

353 2548 514 2609 auctorem
550 2545 646 2609 fuisse
685 2544 779 2608 dandi
822 2563 893 2608 eum
931 2545 1034 2609 locum
1073 2544 1276 2608 senatoribus
1316 2544 1418 2621 dicat,
1456 2544 1573 2628 optime

353 2647 489 2710 ostendit
498 2650 531 2729 ³).

438 2766 600 2831 Postremo
623 2769 660 2830 ut
682 2769 823 2851 exempla
846 2787 971 2851 ponam,
996 2767 1108 2849 quibus
1131 2768 1225 2830 tacite
1249 2765 1441 2832 aCiceronis
1464 2787 1574 2832 narra-

352 2869 435 2933 tione
456 2869 608 2933 decedere
630 2871 802 2935 Asccnium
825 2872 1038 2953 intellegatur,
1069 2869 1120 2932 hic
1143 2871 1185 2952 (p.
1210 2870 1259 2941 27,
1284 2869 1336 2950 17)
1359 2873 1476 2950 44444)
1500 2870 1571 2935 Clo·

353 2972 439 3034 diurn
461 2974 493 3036 et
515 2972 666 3036 Milonem
689 2973 748 3036 sibi
770 2975 941 3038 occurrisse
971 2975 1046 3037 hora
1068 2973 1207 3055 exponit,
1241 2975 1350 3036 eontra
1372 2973 1478 3038 Cicero
1502 2977 1572 3056 (pro

351 3075 418 3138 Mil.
437 3075 484 3151 10,
501 3075 555 3156 29)
577 3075 665 3138 ‘hora
687 3075 750 3139 1444
773 3077 939 3140 4441441444
961 3080 1016 3140 aut
1037 3093 1100 3138 non
1123 3073 1224 3137 444114
1247 3076 1348 3138 secus'
1373 3076 1404 3139 id
1421 3077 1571 3144 accidisse

351 3177 522 3241 contendit.
578 3177 697 3241 Verum
720 3180 921 3244 scholiastom
948 3198 1011 3243 non
1034 3177 1125 3242 modo
1148 3177 1186 3240 de
1209 3177 1269 3240 hac
1295 3197 1338 3255 re,
1366 3179 1422 3243 4441
1445 3181 1572 3246 omnino

351 3280 388 3344 de
404 3282 471 3344 1414
486 3279 585 3376 Clodii
601 3280 704 3344 caedis
727 3283 855 3361 ratione,
879 3284 916 3348 de
933 3285 1083 3348 comitatu
1100 3279 1198 3354 Clodii
1213 3279 1412 3363 Milonisque,
1436 3283 1571 3368 denique

420 3535 439 3602 ¹)
459 3532 502 3588 De
521 3535 555 3602 Q.
574 3535 688 3590 Asconii
706 3535 841 3594 Pediani.
861 3579 868 3592 .
887 3579 892 3592 .
912 3539 942 3594 in
960 3540 1098 3598 Ciceronis
1117 3545 1253 3600 crationes
1271 3543 1476 3600 44444444144114
1494 3543 1567 3615 disp.

349 3615 408 3670 crit.
428 3618 666 3684 (Hauniae1828)
685 3639 711 3692 p.
729 3623 763 3676 66
781 3639 820 3694 sq.

419 3707 440 3772 ⁹)
459 3705 581 3778 Madvig.
609 3707 627 3761 1.
655 3725 693 3774 4.;
721 3707 754 3762 cf.
773 3708 901 3765 Niebuhr
928 3712 961 3767 R.
989 3714 1022 3770 G.
1051 3716 1065 3769 I
1092 3734 1119 3787 p.
1140 3719 1203 3784 5033
1231 3717 1313 3785 lhne,
1331 3717 1414 3773 ueber
1435 3718 1480 3773 die
1499 3717 1569 3771 Ent-

348 3789 469 3930 ffirng
496 3811 522 3847 u.
547 3797 592 3852 die
614 3796 736 3851 41144144
754 3795 918 3868 Besugnisse
941 3800 989 3855 des
1012 3818 1088 3857 44444.
1114 3803 1356 3873 Volkstribunate,
1385 3805 1458 3859 Mus.
1477 3803 1567 3864 Rhcn.

395 3877 405 3892 '
442 3895 469 3949 p.
488 3883 547 3937 174.

418 3985 615 4050 111114414144411
641 3991 778 4044 sententia
804 3991 899 4061 (praef.
918 3992 953 4046 ad
972 3991 1016 4048 IV
1040 4001 1120 4049 44411.
1144 4002 1208 4066 pest
1239 3996 1295 4051 red.
1323 3995 1388 4051 hab.
1415 3995 1456 4051 ed.
1484 3996 1567 4051 Wolfl

348 4086 374 4138 p.
393 4068 504 4139 LXX),
535 4075 582 4144 qui
599 4076 776 4132 scholiastam
799 4077 892 4148 ipsum
915 4077 967 4134 hoo
989 4078 1050 4133 1444
1072 4081 1221 4136 1444144444
1244 4082 1274 4137 in
1297 4099 1416 4138 errorem
1438 4081 1569 4138 incidisse

348 4159 473 4224 putabat,
490 4161 564 4229 quod
583 4178 639 4216 non
656 4163 724 4218 44114
742 4179 844 4234 magna
860 4163 1200 4236 diligentiainecribendo
1218 4185 1286 4224 usus
1304 4175 1384 4235 44441,
1402 4169 1510 4238 egregie
1526 4185 1567 4222 re

347 4240 438 4296 141414
455 4251 497 4300 est
514 4263 531 4300 a
548 4247 666 4303 Nicolao
683 4249 798 4320 Madvig
815 4251 844 4316 (1.
862 4269 885 4306 e.
904 4269 930 4322 p.
949 4254 983 4306 72
1000 4256 1062 4322 444).

415 4350 439 4413 ⁴)
457 4347 582 4404 Eandem
601 4367 684 4421 quum
702 4354 838 4409 Asconius
864 4355 962 4411 horam
990 4363 1187 4412 commemorat
1210 4358 1401 4426 Quintilianus
1419 4363 1568 4434 V13,49,

347 4449 412 4487 eum
430 4433 561 4490 obiecisse
577 4437 676 4492 Miloni
694 4447 881 4495 accusatorem
899 4442 1010 4510 scribat,
1027 4443 1110 4513 ‘quod
1129 4443 1249 4499 Bovillas
1267 4451 1332 4501 4414
1349 4447 1444 4502 boram
1461 4465 1567 4506 nonam

346 4519 522 4576 devertisset.
557 4523 690 4579 Milonem
708 4532 737 4581 et
748 4526 879 4582 Clodium
901 4528 988 4584 forte
1008 4530 1060 4584 sibi
1078 4529 1226 4585 occurrisse
1244 4533 1318 4602 (Aac.
1336 4551 1362 4604 p.
1380 4535 1423 4602 17,
1441 4537 1475 4591 16
1491 4553 1567 4608 sqq.;

346 4622 372 4674 p.
384 4607 427 4673 36,
446 4609 558 4678 16-19)
577 4626 672 4665 omnes
691 4613 836 4684 scriptores
854 4615 1005 4670 consentire
1022 4616 1161 4671 videntur:
1174 4617 1294 4674 4117411.
1308 4619 1339 4674 11
1357 4623 1399 4689 17,
1416 4623 1448 4688 4;
1467 4621 1566 4690 Quint.

347 4691 390 4746 VI
409 4693 433 4759 5,
452 4695 497 4760 10;
515 4695 636 4751 Dionem
653 4697 708 4752 XL
726 4701 773 4766 483
793 4701 912 4773 Appian.
932 4700 958 4756 b.
977 4717 999 4756 4.
1018 4703 1049 4756 11
1068 4703 1109 4757 21.
