3560 5242
962 435 1002 502 32

368 657 610 747 Empedocles
641 711 679 725 ..
705 711 711 725 .
740 662 931 746 Peregrinus
962 711 968 724 .
994 711 1001 724 .
1026 711 1032 724 .
1061 659 1158 730 Dido
1188 711 1225 724 ..
1251 711 1256 724 .
1286 659 1493 726 Hasdrubalis
1515 679 1592 725 uxor

370 812 377 827 .
401 813 408 826 .
433 812 440 826 .
463 764 637 846 Regulus
661 765 722 830 dux
745 765 975 840 Romanorum,
997 767 1109 848 captus
1132 783 1150 828 a
1173 764 1496 848 Carthaginiensibus,
1519 781 1592 828 cum

370 883 403 930 sc
426 885 525 931 unum
547 887 604 950 pro
620 869 730 933 multis
746 869 876 952 captivis
892 868 1204 950 Carthaginiensibus
1220 868 1415 952 compensari
1430 867 1591 944 noluisset,

370 968 483 1033 meluit
510 969 654 1036 hostibus
683 971 770 1036 reddi
798 973 831 1036 et
858 973 890 1035 iu
918 991 1008 1037 arcae
1032 989 1132 1054 genus
1155 971 1290 1055 stipatus
1315 971 1454 1053 undique
1477 971 1594 1034 extrin-

371 1089 463 1136 secus
491 1073 589 1135 clooir
620 1076 797 1156 transfioeur
820 1077 866 1139 tot
889 1093 997 1139 cruces
1020 1075 1121 1139 sensit
1144 1124 1150 1137 .
1175 1123 1181 1137 .
1207 1073 1433 1157 Cleopatra.
1457 1122 1464 1136 .
1489 1121 1495 1136 .
1520 1091 1593 1141 me·

371 1173 497 1244 retrix
527 1174 862 1248 Atheniensis...
890 1177 973 1242 Nem
1003 1177 1085 1260 quod
1113 1177 1204 1242 hodie
1234 1176 1315 1260 apud
1343 1177 1594 1238 Lacedaemonos

372 1278 567 1343 sollemnitas
589 1281 727 1344 maxima
749 1283 798 1345 est
820 1274 1090 1365 διαμαστίγωσις,
1113 1280 1143 1345 id
1160 1281 1209 1345 est
1221 1279 1402 1362 flagellatio,
1426 1297 1487 1343 non
1505 1279 1593 1342 latet.

371 1381 408 1444 ln
438 1399 499 1463 quo
528 1399 616 1446 sacro
639 1386 712 1447 ante
735 1401 822 1448 mam
846 1382 965 1446 nobiles
989 1384 1104 1465 quique
1128 1383 1346 1448 adulescentes
1368 1380 1502 1464 flagellis
1526 1380 1595 1445 affi-

373 1487 500 1566 guntur,
529 1485 707 1549 astantibus
730 1485 913 1571 perentibus
936 1489 968 1549 et
989 1485 1172 1569 propinquis
1198 1489 1238 1564 et,
1261 1485 1307 1550 nti
1328 1491 1595 1566 perseverent,

373 1587 632 1650 adhortantibus.
677 1587 781 1652 Etiam
797 1590 856 1653 hoc
872 1590 938 1652 loco
955 1589 1127 1652 Annecona
1144 1590 1365 1670 agnoscuntur,
1388 1587 1451 1650 illio
1467 1587 1597 1660 scilicet,

375 1691 428 1754 ubi
451 1690 664 1754 Tertullianus
687 1691 830 1774 Reguli1)
855 1695 886 1756 ct
900 1710 1064 1775 puerorem
1081 1690 1310 1774 Spartiatarum
1321 1691 1347 1772 ²)
1370 1689 1512 1773 exempla
1528 1707 1598 1772 per·

374 1795 555 1875 sequitur.³)
580 1831 617 1838 —
642 1793 759 1859 Contra
781 1795 859 1859 haee
881 1793 1067 1858 Tertulliani
1091 1793 1186 1858 verba
1208 1796 1240 1858 ct
1262 1793 1300 1857 ad
1325 1791 1478 1876 Senecam
1501 1791 1596 1856 etad

374 1895 550 1960 Minucium
573 1915 668 1980 prope
691 1897 860 1961 accedunt:

771 2007 774 2039 l

412 2051 496 2114 Tert.
520 2051 559 2114 cd
581 2023 674 2114 Mart.
700 2054 718 2114 3
882 2051 958 2114 Min.
983 2051 1035 2126 36,
1058 2053 1087 2114 8.
1241 2051 1312 2116 Son.
1336 2050 1374 2114 dc
1396 2070 1480 2134 pror.
1498 2051 1527 2126 2,
1544 2051 1573 2112 2.

375 2174 403 2237 P·
427 2156 456 2231 4,
480 2154 507 2216 6.
532 2153 752 2236 quodcumque
819 2205 825 2217 .
952 2205 958 2217 ,
1295 2206 1301 2219 Ι

374 2257 434 2320 hoc
446 2256 561 2322 durum
572 2259 630 2334 esp
643 2255 754 2320 adep.
798 2205 1023 2285 vrresdcnrque
1037 2206 1174 2272 etmcn-
1220 2223 1324 2270 omnre
1348 2205 1480 2268 adversa
1502 2219 1598 2266 exer-

717 2359 723 2371 .
775 2309 850 2379 ‚tls
866 2305 1092 2393 etcorporis
1108 2307 1174 2371 sine
1196 2337 1199 2479 1
1221 2307 1430 2372 citationes
1438 2306 1599 2386 palarmo.

376 2362 667 2531 ἰζῑᾞὲᾘίηὲι
678 2377 756 2529 ⁰2¹ss-
775 2430 779 2555 p
799 2409 914 2474 laboris
953 2410 1176 2474 exercitati·
1220 2411 1267 2476 uir
1289 2410 1402 2494 fortis).

376 2565 481 2652 poris
504 2565 660 2646 deputate.
776 2620 779 2673 p

462 2717 536 2795 His,
560 2735 638 2800 quos
661 2717 891 2801 exscripsimus,
920 2717 996 2783 locis
1022 2718 1168 2782 omnibus
1196 2719 1278 2783 inter
1305 2737 1337 2783 se
1367 2717 1489 2782 collatis
1523 2717 1599 2800 quid

378 2822 543 2904 mquimre
588 2819 804 2886 Schwenlrium
835 2821 962 2903 quidem
992 2821 1018 2884 si
1041 2821 1143 2898 audis,
1176 2827 1208 2887 et
1229 2823 1402 2888 Minucium
1426 2823 1458 2885 ct
1478 2819 1601 2884 Tertul-

379 2927 501 2990 lianum
525 2923 663 2990 Senecae
692 2923 729 2988 dc
758 2924 951 3007 providentia
974 2925 1079 2991 libello
1102 2943 1176 2989 usos
1199 2945 1283 3003 esse,
1310 2923 1503 2990 Tertulliano
1526 2942 1600 2987 vero

379 3029 505 3112 practer
531 3027 622 3091 illurn
650 3027 689 3091 ed
712 3045 844 3092 menum
867 3027 963 3093 fuisse
987 3028 1164 3095 Octavium.
1208 3031 1251 3093 At
1269 3027 1482 3112 Empedoclis,
1505 3025 1602 3090 Dido-

379 3133 438 3208 nis,
459 3130 632 3195 meretricis
647 3129 770 3194 Atticae
793 3131 953 3213 exemplis,
974 3151 1057 3214 quae
1080 3134 1113 3196 et
1134 3132 1167 3194 in
1182 3131 1384 3216 apologetico
1398 3132 1431 3194 et
1445 3129 1478 3192 in
1492 3128 1601 3194 libello

381 3231 421 3300 ad
442 3234 600 3317 Martyres
629 3232 791 3315 leguntur,
819 3236 927 3297 carent
954 3237 987 3298 et
1007 3234 1166 3299 Minucius
1194 3237 1226 3300 et
1249 3233 1378 3299 Seneca.
1422 3231 1466 3296 Iis
1493 3231 1601 3314 igitur,

382 3339 435 3421 qui
458 3335 665 3402 aSchuenkii
687 3337 829 3418 partibus
852 3339 946 3415 stent,
969 3336 1182 3402 Tertullianus
1204 3336 1390 3402 iudicandus
1413 3337 1462 3400 est
1477 3337 1603 3418 practer

382 3443 520 3506 Senecae
553 3439 591 3504 dc
624 3439 818 3522 providentia
852 3440 968 3506 librrrm
999 3444 1032 3505 ct
1058 3441 1189 3506 Mnucii
1217 3440 1384 3506 Octavium
1416 3457 1473 3503 suc
1499 3438 1599 3521 ipsius

384 3544 498 3627 scripto
524 3543 587 3608 sive
611 3541 810 3624 apologetico
834 3543 897 3607 sive
925 3544 1004 3609 libro
1027 3545 1066 3608 ad
1089 3545 1246 3627 Martyres
1270 3561 1347 3608 usus
1370 3559 1453 3619 csse,
1484 3542 1551 3618 hoc,
1574 3543 1601 3605 si

381 3646 619 3731 apologeticum
652 3643 738 3727 prius
768 3647 975 3730 compositum
999 3651 1062 3726 est,
1091 3648 1159 3726 illo,
1189 3647 1215 3712 si
1237 3647 1317 3710 liber
1339 3645 1379 3709 ad
1401 3643 1598 3727 Martyres.⁶)

383 3750 446 3815 Sed
468 3751 594 3814 tanturn
609 3765 719 3831 operae
735 3747 767 3810 in
784 3750 907 3833 scriptia
922 3751 988 3816 suis
1003 3751 1225 3835 componendis
1241 3769 1313 3814 eurn
1329 3747 1603 3832 consumpsisse,⁶)

800 2531 871 2576 onc
890 2515 1112 2595 torpescunt.⁴)

458 4007 478 4074 ¹)
499 4005 529 4060 V.
548 4005 635 4060 locum
653 4021 680 4074 p.
698 4006 734 4058 30
752 4005 919 4074 exscriptum
938 4007 1010 4076 (San.
1029 4007 1063 4062 dc
1081 4022 1154 4076 paror.
1171 4009 1196 4074 3,
1214 4007 1250 4074 9).

452 4093 476 4159 ²)
493 4089 527 4144 V.
545 4091 633 4145 locum
652 4109 679 4160 p.
699 4093 732 4143 31
752 4092 916 4160 exscriptum
935 4091 1009 4160 (Sen.
1028 4091 1061 4148 de
1079 4109 1151 4162 prov.
1170 4094 1196 4160 4,
1215 4092 1267 4160 11).

455 4178 476 4244 ⁸)
495 4177 526 4230 ln
545 4174 629 4231 Mucii
647 4177 769 4246 exemplo
788 4177 975 4245 persequendo
993 4179 1114 4234 Senecae
1131 4177 1220 4233 verbis
1239 4193 1304 4234 usos
1321 4181 1364 4232 cat
1381 4173 1469 4230 nullis.

452 4264 474 4330 ⁴)
496 4261 558 4317 Seu.
577 4261 613 4317 dc
629 4277 702 4331 prov.
721 4265 747 4330 4,
764 4265 795 4320 6:
814 4263 884 4318 ‘illos
901 4265 1000 4320 merito
1018 4265 1077 4333 qrria
1094 4263 1194 4318 dixerit
1211 4263 1333 4335 miseros,
1352 4261 1398 4330 qui
1415 4260 1500 4316 nimia
1516 4259 1603 4314 felici·

384 4355 444 4408 tate
463 4349 687 4418 torpescunt’.

454 4435 477 4506 ⁸)
501 4433 598 4490 Utrum
617 4434 797 4490 enimlibrum
810 4435 884 4506 prius
893 4435 1038 4506 perfecerit
1050 4435 1242 4503 Tertullianus,
1260 4436 1392 4494 incertum
1403 4438 1454 4490 cst.
1481 4433 1514 4488 ci.
1535 4433 1604 4488 Bon·

385 4523 494 4580 natael.
507 4522 525 4576 l.
539 4537 562 4576 e.
574 4535 601 4590 p.
614 4521 647 4598 ,¹⁷
657 4537 697 4591 sq.
710 4551 743 4561 -
757 4522 799 4576 Ad
818 4527 874 4576 nat.
889 4523 947 4577 118
965 4522 1071 4578 videtur
1088 4521 1157 4577 libro
1175 4522 1210 4577 ed
1223 4521 1363 4592 Martyres
1380 4533 1445 4575 usus
1456 4533 1524 4574 esse.

454 4611 476 4679 ⁸)
495 4607 536 4662 De
555 4605 732 4676 Apologetico
744 4622 806 4662 vere
824 4608 944 4664 Ebertrrs
961 4607 991 4678 (l.
1002 4625 1024 4664 e.
1043 4625 1069 4677 p.
1084 4608 1147 4676 351)
1166 4603 1214 4662 ‘Es
1231 4607 1285 4674 ist’,
1302 4607 1397 4675 inquit,
1415 4607 1486 4660 ‘eine
1503 4603 1605 4658 Srhriit

385 4713 437 4754 ron
457 4699 507 4750 der
525 4695 591 4760 Art,
615 4695 714 4748 welche
738 4693 783 4748 die
802 4695 955 4749 Fraozosen
976 4695 1121 4749 actualitds
1139 4709 1254 4760 nennen,
1272 4693 1332 4750 eine
1352 4689 1529 4760 Flugsclarlit,
1555 4706 1605 4744 aras
