3634 5240
875 427 1083 522 Δ..-

369 645 518 712 inserrire
550 648 626 713 satis
658 651 782 713 constat
812 668 848 712 ox
880 648 997 713 scholio
1029 649 1132 713 vetere
1165 647 1203 712 ad
1231 647 1377 730 Aeschyl.
1401 647 1487 730 Sept.
1512 646 1590 709 103:

368 744 386 812 δ
413 747 522 830 μέντοι
549 741 732 837 ὀκτάσημος
758 747 885 834 ῥυθμὸς
912 736 1002 830 οὗτος
1029 747 1131 829 πολύς
1159 746 1248 814 ἐστιν
1271 746 1305 814 ἐν
1334 744 1503 836 θρηνῳδία
1536 745 1591 812 καὶ

369 847 557 938 ἐπιτήδειος
579 847 662 940 πρὸς
684 852 823 940 θρήνους
844 853 898 918 καὶ
923 851 1125 939 στεναγμούς.
1151 847 1220 917 ἔστι
1244 849 1281 916 δὲ
1304 848 1473 935 δοχμιακά.

454 956 607 1023 Brevibus
630 958 758 1040 syllabis
780 959 812 1022 in
835 959 989 1023 enuntiati
1010 957 1072 1024 fine
1101 957 1208 1040 positis
1230 956 1336 1020 minus
1359 956 1469 1020 decore
1491 954 1590 1038 perio

368 1057 444 1122 dum
467 1060 577 1124 cadere
601 1059 722 1125 Gellius
745 1063 784 1124 N.
807 1064 844 1126 A.
866 1061 882 1124 Ι
907 1063 935 1136 7,
959 1062 999 1124 20
1022 1060 1164 1142 exemplo
1191 1060 1330 1124 illustrat
1352 1059 1412 1124 looi
1434 1057 1592 1124 Ciceroni·

368 1162 419 1225 ani
448 1163 499 1240 (de
527 1164 604 1247 imp.
632 1163 687 1228 Gn.
715 1165 824 1247 Pomp.
848 1165 916 1242 30);
950 1165 1028 1230 haec
1050 1163 1134 1249 enim
1157 1163 1196 1226 de
1219 1162 1362 1226 clausula
1394 1167 1421 1223 ‘.
1449 1209 1456 1222 .
1485 1209 1492 1223 .
1519 1178 1592 1224 con-

368 1265 429 1328 silii
461 1267 620 1331 celeritate
654 1267 828 1351 explicavit*
863 1267 985 1332 scribit:
1011 1290 1029 1326 κ
1059 1268 1113 1342 „at
1135 1266 1162 1330 si
1194 1265 1359 1348 ‘explicuit'
1384 1263 1516 1340 diceret,
1544 1265 1591 1326 in-

366 1368 504 1451 perfecto
527 1372 560 1434 et
583 1370 676 1434 dahili
699 1389 830 1435 numero
851 1371 1017 1434 verborum
1040 1388 1136 1433 sonus
1159 1368 1347 1433 clauderet.“

456 1472 597 1538 Similem
608 1473 646 1538 ds
659 1473 824 1555 longarum
840 1476 872 1536 et
886 1473 1028 1536 brevium
1044 1473 1076 1535 in
1092 1471 1242 1536 clausulis
1259 1471 1287 1535 ri
1304 1471 1479 1536 doctrinam
1495 1466 1591 1531 tradit

366 1575 581 1657 Hermogenes
604 1595 676 1640 cum
701 1576 774 1640 alibi
797 1577 866 1639 turn
890 1599 908 1633 ε
932 1595 961 1658 p.
985 1577 1056 1651 231,
1078 1575 1169 1638 10111
1191 1601 1233 1628 =
1257 1574 1327 1649 29,6
1352 1572 1452 1655 lSp.:
1474 1569 1588 1635 δεῖ...

366 1675 529 1744 ἵστασθαι
558 1670 614 1742 τὸν
640 1676 734 1762 λόγον
760 1673 821 1742 ἐπί
847 1700 932 1755 τινος
958 1681 1022 1741 τῶν
1048 1672 1173 1742 οἰκείων
1201 1675 1314 1740 ποδῶν
1338 1677 1377 1763 τῆ
1406 1668 1587 1759 σεμνότητι,

366 1776 463 1866 χωρίς
488 1777 597 1862 μέντοι
625 1777 839 1866 καταλήξεως,
874 1779 929 1844 ἳνα
954 1777 1000 1865 μή
1027 1775 1074 1858 είς
1100 1783 1252 1867 τροχαῖον
1282 1776 1411 1866 ἐμπέσῃ
1439 1771 1459 1862 ἡ
1489 1771 1589 1860 βάσις

365 1873 442 1968 μηδ’
469 1877 632 1970 ἁρπασθῇ
655 1879 672 1949 δ
694 1880 831 1970 ῥυθμός,
855 1877 937 1948 ἀλλὰ
958 1874 1106 1970 βεβηκώς
1126 1869 1160 1970 ᾖ.
1183 1880 1327 1965 μάλιστα
1350 1874 1378 1946 δ’
1395 1873 1434 1945 ἂν
1448 1875 1589 1965 βεβήκοι,

358 2007 375 2048 ’.
394 2035 428 2048 ..
454 1980 483 2049 εί
505 1981 638 2064 πλείους
659 1979 721 2052 είεν
742 1979 825 2051 κατὰ
847 1983 904 2073 τήν
926 1977 1108 2051 ἀνάπαυσιν
1130 1980 1165 2050 αἱ
1185 1983 1308 2069 μακραί
1330 1987 1395 2050 τῶν
1416 1982 1590 2066 συλλαβῶν,

366 2085 419 2151 ἵνα
442 2085 649 2168 δισπόνδειος
671 2080 691 2176 ῆ
712 2114 763 2168 τις
781 2092 847 2154 τῶν
869 2083 1046 2174 ἐπιτρίτων
1068 2081 1153 2174 πλὴν
1167 2092 1225 2154 τοῦ
1245 2084 1400 2174 τετάρτου
1421 2084 1479 2173 τῆν
1494 2080 1590 2170 βάσιν

367 2196 448 2280 ποιῇ
470 2242 478 2257 .
505 2241 513 2257 .
540 2240 549 2258 .
572 2194 664 2275 (quac
693 2194 890 2276 transcripsit
917 2193 1027 2258 Castor
1050 2193 1188 2258 Rhodius
1212 2193 1265 2275 qui
1293 2194 1423 2257 vocatur
1443 2189 1493 2254 ΙΠ
1517 2190 1588 2266 715,

366 2295 406 2357 26
420 2314 486 2378 sqq.
499 2295 564 2375 W);
589 2322 607 2358 u
623 2317 651 2380 p.
664 2298 734 2373 292,
747 2297 766 2359 5
780 2297 818 2360 W
830 2324 871 2353 =
884 2298 956 2373 341,
972 2296 1009 2358 16
1023 2296 1091 2379 Sp:
1115 2285 1260 2380 βεβηκὼς
1272 2343 1279 2360 .
1292 2343 1300 2358 .
1314 2343 1322 2358 .
1334 2290 1451 2371 τελέως
1466 2287 1589 2378 γίνεται

367 2393 509 2482 ῥυθμός,
532 2393 561 2462 εἰ
589 2447 596 2460 .
621 2447 628 2461 .
651 2447 658 2462 .
682 2447 689 2461 .
713 2392 760 2478 εἰς
780 2391 908 2484 μακρὰν
929 2395 987 2484 τὴν
1008 2393 1195 2463 τελευταίαν
1217 2392 1392 2482 καταλήγει
1419 2391 1587 2480 συλλαβήν.

367 2549 373 2562 .
398 2549 429 2563 ..
453 2493 488 2564 οὐ
510 2491 653 2588 βεβηκὼς
675 2498 711 2564 δέ
728 2497 863 2587 ῥυθμός,
887 2493 955 2566 ἀλλ’
980 2489 1047 2565 οἷον
1068 2496 1265 2587 κρεμάμενος
1287 2498 1341 2564 καί
1363 2491 1587 2586 ἀνηρτημένος,

365 2599 402 2682 ἐξ
423 2598 570 2680 ἐναντίας
594 2605 660 2667 τῶν
685 2601 939 2691 προειρημένων,
972 2599 1056 2669 ὅτε.
1081 2653 1088 2668 .
1112 2653 1120 2669 .
1147 2599 1167 2688 ῆ
1194 2600 1366 2689 κατάληξις
1400 2652 1407 2666 .
1441 2653 1448 2666 .
1481 2650 1488 2665 .
1517 2591 1587 2686 ήτοι

364 2707 517 2787 βραχεῖαν
539 2700 604 2787 ἔχει
619 2699 677 2792 τὴν
699 2697 919 2793 τελευταίανῆ
934 2703 1066 2784 πάντως
1085 2701 1220 2794 βραχείᾳ
1243 2701 1510 2794 παραληγομένην
1522 2755 1529 2768 .
1542 2754 1549 2768 .
1564 2727 1587 2778 .;

366 2831 384 2866 r
407 2829 436 2892 p.
449 2811 519 2886 303,
535 2810 574 2874 10
587 2811 626 2874 W
637 2838 680 2864 =
692 2811 764 2886 349,
787 2811 827 2873 26
852 2811 910 2894 Sp:
934 2801 1124 2887 ἀνάπαυσις
1140 2857 1147 2872 .
1165 2859 1172 2872 .
1190 2859 1196 2872 .
1212 2801 1308 2895 γοργή
1332 2802 1350 2894 ἡ
1373 2803 1419 2886 είς
1439 2812 1589 2895 τροχαῖον

364 2906 460 2995 φύσει
489 2909 712 2998 καταλήγουσα
738 2910 793 2976 καί
819 2904 865 2997 μή
891 2915 1060 2999 βεβηκυῖα·
1098 2907 1134 2976 οὐ
1161 2904 1222 2998 γὰρ
1252 2909 1386 2977 δίναται
1415 2906 1432 2977 ὁ
1460 2902 1589 2998 ῥυθμὸς

362 3004 474 3100 γοργὸς
497 3006 659 3079 εἶναικαὶ
681 3009 834 3102 βεβηκώς.

449 3120 551 3200 Atque
576 3119 701 3183 omnino
725 3118 884 3183 clausulas
900 3119 1135 3184 enuntiatorum
1158 3119 1335 3185 desiderare
1359 3137 1463 3183 acrem
1478 3135 1587 3182 curam

364 3219 637 3304 dihgentiamquc,
672 3241 746 3286 cum
783 3221 976 3304 reliquarum
1009 3223 1127 3305 periodi
1155 3223 1294 3307 partium
1330 3221 1472 3304 rhythmi
1508 3219 1588 3283 nihil

364 3322 403 3386 ad
426 3341 492 3386 rem
515 3323 645 3401 faciant,
679 3324 739 3389 nisi
761 3325 831 3388 finis
855 3324 893 3388 ad
917 3327 1022 3390 cetera
1048 3325 1191 3406 quadret,
1226 3326 1335 3390 edocet
1356 3325 1440 3389 idem
1462 3344 1491 3406 p.
1515 3324 1587 3399 232,

364 3426 383 3487 3
403 3445 471 3508 sqq.
496 3427 679 3504 W=296,
698 3429 736 3490 18
758 3447 826 3510 sqq.
849 3428 913 3511 Sp,
936 3427 1026 3492 cuius
1052 3429 1148 3494 verba
1173 3428 1287 3510 repetit
1311 3427 1421 3494 Castor
1440 3425 1490 3490 III
1516 3425 1587 3502 716,

364 3529 462 3610 2sqq.
473 3529 523 3594 W.
566 3530 680 3596 Confer
703 3531 741 3594 de
765 3531 907 3596 clausula
930 3531 1025 3595 etiam
1049 3554 1067 3588 s
1090 3530 1260 3613 Iosephum
1283 3527 1587 3613 RhacendytumIII

365 3631 436 3707 545,
455 3633 493 3695 10
506 3633 560 3697 W:
584 3627 613 3696 εἰ
635 3630 695 3715 μέν
717 3627 764 3710 είς
779 3629 971 3720 βραχίτερον
985 3628 1157 3718 καταλήγει
1173 3636 1299 3720 φωνῆεν
1313 3630 1368 3696 καί
1384 3628 1586 3717 λεπτάτερον,

363 3726 601 3822 εὐκινητότερον
630 3728 687 3802 τὸν
718 3733 810 3822 λόγον
836 3738 928 3801 ποιεῖ
956 3728 1028 3802 σἰπὸ
1058 3732 1162 3800 κοίλου
1193 3729 1240 3814 εἰς
1270 3735 1385 3802 κῶλον·
1420 3729 1449 3800 εἰ
1480 3726 1509 3799 δ’
1542 3727 1589 3811 είς

361 3834 558 3924 μακρότερον
587 3837 643 3903 καί
674 3835 872 3922 πλατάιερον
899 3842 1026 3924 φωνῆεν
1056 3837 1202 3918 ἵσταται,
1234 3830 1254 3923 i}
1280 3836 1335 3902 καί
1364 3833 1587 3924 παραλήγεται

362 3937 510 4026 τοιοίτηι,
525 3938 685 4029 βεβηκότα
706 3937 763 4006 τὸν
784 3939 878 4026 λόγον
900 3945 993 4006 ποιεῖ
1005 3939 1060 4006 καί
1082 3937 1141 4006 τὸν
1161 3937 1303 4028 ῥυθμόν·
1327 3931 1367 4006 σὺ
1388 3943 1463 4026 γοῦν
1484 3937 1514 4006 εὶ
1527 3939 1588 4024 μέν

363 4039 445 4128 ῥέειν
476 4063 535 4108 σου
563 4036 618 4108 τὸν
640 4040 733 4130 λόγον
755 4044 866 4122 esrem
888 4043 943 4109 καί
971 4037 1126 4132 είίδρομον
1157 4035 1238 4110 εἶναι
1268 4043 1324 4109 καὶ
1349 4041 1505 4131 ,χορευτῆν
1531 4044 1587 4111 καί

362 4137 531 4232 είκίνητον,
556 4141 658 4237 ἐκείνη
680 4150 745 4234 χρῶ
766 4149 807 4234 τῆ
828 4138 1022 4226 ἀναπαύσει,
1052 4141 1082 4212 εἰ
1104 4146 1141 4212 δέ
1163 4144 1326 4234 βεβηκάια
1348 4146 1403 4213 καί
1427 4141 1588 4234 πάγιονῆ

362 4245 511 4334 βραδέως
531 4247 757 4335 πορευόμενον,
779 4244 823 4328 δίς
841 4274 916 4315 τινα
936 4241 1052 4333 σεμνὸν
1073 4247 1128 4314 καί
1150 4249 1393 4338 μεγαλοπρεπῆ,
1416 4253 1457 4338 τῇ
1478 4255 1589 4340 μακρᾷ

361 4356 427 4438 χρῶ
449 4349 629 4438 καταλήξει,
647 4357 679 4419 et
694 4377 712 4411 s
736 4359 836 4418 Anon.
852 4354 884 4417 in
899 4353 1048 4436 hermog.
1071 4353 1133 4416 Vll
1157 4355 1227 4431 982,
1243 4355 1262 4416 2
1276 4355 1328 4418 W:
1352 4345 1411 4432 τὰς
1433 4349 1588 4438 ἰαμβικάς

363 4453 400 4520 δέ
414 4454 535 4536 μᾶλλον
550 4459 612 4520 τῶν
626 4458 800 4544 τροχαϊκῶν
815 4452 848 4520 ἐν
862 4459 970 4542 σεμνῷ
984 4451 1067 4542 λόγῳ
1083 4447 1280 4538 ἀποδέχεται
1302 4459 1356 4540 (sc.
1371 4456 1587 4541 Hermogenes

362 4579 392 4642 p.
416 4561 487 4637 229,
512 4560 551 4624 13
574 4559 615 4624 W
636 4587 679 4616 ==
702 4562 774 4637 294,
798 4561 838 4623 30
862 4559 928 4643 Sp.)
962 4551 1005 4638 ὥς
1029 4554 1225 4645 σεμνοτέραν
1248 4553 1383 4641 ἐχούσας
1403 4549 1462 4645 τήν
1489 4557 1586 4644 βάσιν

363 4656 504 4726 ἐκείνων·
528 4654 547 4746 ῆ
563 4659 624 4749 γάρ
640 4685 689 4727 τοι
704 4657 750 4740 εἰς
763 4656 891 4750 μακρὰν
905 4658 1081 4748 κατάληξις
1097 4661 1272 4748 σεμνοτέρα
1287 4667 1345 4748 τῆς
1362 4657 1408 4741 είς
1421 4665 1585 4750 βραχεῖαν.
