3560 5238
639 1207 889 1314 Anhang
918 1208 936 1292 l

725 1357 758 1392 zu
778 1338 804 1393 S.
827 1340 848 1393 l.

259 1479 322 1545 Die
345 1479 561 1565 Entdeckung
588 1480 646 1548 der
668 1481 940 1548 Famesiuiseheu
963 1479 1175 1547 Handschrift
1199 1481 1324 1548 schaint
1345 1501 1403 1547 vor

172 1586 232 1652 das
255 1587 335 1653 Jahr
361 1591 444 1654 1477
470 1609 510 1652 zu
533 1588 641 1654 fallen.
687 1589 756 1655 Der
779 1595 864 1656 erste
883 1589 1029 1654 Hinweis
1053 1589 1113 1653 auf
1132 1587 1278 1655 dieselbe
1300 1587 1401 1654 findat

171 1693 239 1760 sich
268 1695 301 1760 in
330 1695 419 1760 einer
447 1695 480 1759 iu
509 1695 633 1776 diesem
660 1694 741 1760 Jahr
769 1717 808 1761 zu
835 1697 916 1761 Rom
942 1694 1221 1761 verbffeutlichten
1248 1695 1403 1779 Ausgabc

172 1800 229 1867 des
253 1800 417 1888 Paulus,¹)
442 1801 541 1868 deren
563 1802 708 1869 Vorrede
731 1801 1033 1887 folgendermassen
1056 1802 1172 1868 lautet:

263 1909 433 1975 »Manilius
464 1910 628 1976 Romanus
660 1910 837 1996 Pomponio
874 1911 940 1976 leto
974 1909 1120 1976 salutern
1180 1910 1290 1996 Nuper
1327 1931 1399 1976 cum

170 2015 323 2100 legissem
356 2017 512 2102 Pompei
544 2017 652 2083 Festi
688 2016 889 2084 mutilatus
926 2018 1048 2083 libros
1086 2017 1148 2101 qui
1185 2017 1402 2103 priscorum

170 2125 370 2190 uerborum
402 2123 668 2190 inscribuntur
700 2125 778 2208 (vgl.
811 2125 899 2190 Fest.
932 2147 963 2210 p.
998 2127 1071 2209 218,
1106 2122 1161 2208 10)
1195 2125 1402 2192 uehementer

171 2230 260 2296 dolui
292 2230 379 2314 quod
407 2237 531 2296 tantum
564 2251 645 2317 opus
673 2232 834 2315 integrum
866 2252 931 2297 non
962 2232 1129 2298 remansit.
1175 2231 1314 2317 Scripsit
1345 2231 1402 2299 ille

170 2337 300 2421 quidem
315 2337 358 2403 ad
374 2338 473 2404 totius
490 2338 693 2422 antiquitatis
710 2339 891 2424 utilitatem,
908 2338 966 2404 sed
982 2346 1060 2424 puto
1076 2339 1208 2406 inscitia
1225 2339 1401 2424 superioris

171 2446 267 2512 etatis
296 2451 364 2510 tam
386 2447 567 2532 preclarum
591 2468 705 2514 munus
729 2447 824 2513 uobis
848 2447 973 2533 eripuit.
1019 2447 1103 2512 Nam
1127 2446 1259 2531 quidam
1282 2446 1402 2513 nullius

169 2554 321 2620 momenti
352 2554 421 2619 sine
449 2555 577 2620 nomine
606 2555 676 2622 sinc
705 2555 823 2621 litteris
851 2554 895 2619 ad
923 2555 1074 2620 Carolum
1101 2555 1224 2638 Regem
1252 2555 1402 2620 uolumen

170 2659 322 2726 diffusum
346 2667 378 2726 et
402 2661 568 2746 copiosum
595 2662 628 2726 iu
653 2661 763 2728 sterile
788 2661 1011 2747 compendium
1036 2661 1163 2746 redegit
1191 2669 1223 2727 et
1247 2660 1401 2729 credibile

170 2775 220 2835 est
252 2768 423 2852 reliquisse
456 2789 517 2852 que
549 2770 655 2854 magis
688 2770 875 2836 necessarie
909 2777 1016 2853 erant,
1055 2775 1090 2835 ut
1123 2789 1333 2854 sepenumero
1366 2777 1401 2836 tu

169 2895 293 2941 mecum
318 2883 451 2960 questus
476 2899 520 2944 cs.
549 2875 643 2953 uuor
668 2884 817 2962 superest
840 2875 1086 2963 imprimeudum
1109 2878 1229 2961 curaui,
1253 2897 1294 2943 ne
1316 2876 1401 2944 alius

170 2983 253 3049 sorte
280 2983 390 3048 audax
419 2993 451 3051 et
478 2985 668 3050 temerarius
695 2984 729 3048 iu
758 2985 851 3070 peius
879 2982 1005 3069 reddat,
1041 2991 1073 3049 et
1105 3004 1164 3069 pro
1194 2983 1280 3049 uirili
1307 2992 1401 3070 parte

170 3089 340 3157 emendaui
364 3091 584 3176 castigarique
608 3090 777 3176 euigilaui,
805 3098 841 3157 ut
865 3091 979 3158 saltem
1005 3091 1033 3156 si
1056 3112 1120 3156 non
1143 3091 1270 3175 integer
1291 3090 1399 3157 fidelis

169 3205 278 3264 tamen
302 3198 437 3282 legatur.
483 3199 573 3264 Vale.
619 3199 670 3265 De
693 3198 887 3265 Romaulis.‹

258 3307 325 3372 Der
350 3307 472 3373 seltene
495 3307 599 3373 Name
622 3307 784 3390 Manilius,
809 3305 862 3373 die
886 3305 1114 3390 Beziehungen
1139 3326 1177 3371 zu
1201 3306 1399 3393 Pomponius

169 3414 299 3498 Laetus,
332 3415 432 3480 sowie
466 3413 593 3480 eudlich
626 3413 679 3479 die
711 3412 970 3498 Besohtftiguug
1006 3413 1063 3478 mit
1096 3412 1169 3479 dem
1201 3413 1302 3479 Werk
1340 3413 1399 3479 des

169 3522 286 3588 Festus
318 3521 496 3606 bewcisen,
531 3520 608 3586 dass
642 3521 795 3586 Manilius
823 3519 958 3587 Rhallus
992 3520 1094 3587 selbst
1126 3520 1217 3586 diese
1245 3521 1400 3604 Ausgabe

169 3630 320 3712 besorgte
344 3627 409 3694 und
434 3627 503 3694 sich
527 3628 559 3692 in
583 3628 633 3692 ihr
655 3649 718 3693 uon
743 3628 864 3693 seiuem
882 3627 1287 3714 langjithrigenWohuort,
1310 3627 1400 3693 Rom‘

169 3735 232 3802 deu
255 3737 432 3803 Beinameu
455 3739 615 3800 Romanus
643 3735 747 3822 gab.²)
802 3735 906 3802 Weuu
930 3734 1031 3802 daher
1060 3735 1117 3801 der
1135 3731 1319 3801 lintdeclrer
1342 3735 1401 3802 der

260 3913 283 3982 ¹)
306 3914 359 3969 Eia
383 3914 532 3984 Exemplar
558 3914 679 3969 befindct
702 3914 759 3968 sich
786 3914 817 3968 in
844 3913 892 3968 der
915 3913 1089 3969 Bibliotheca
1111 3914 1246 3983 Angelius
1272 3932 1305 3968 uu
1329 3915 1399 3968 Rom

168 4007 249 4059 unter
267 4004 315 4058 der
332 4003 466 4074 Signatur
485 4003 526 4058 CC
545 4003 588 4068 22,
611 4003 649 4057 18.

241 4093 262 4160 ²)
286 4095 345 4148 Den
368 4093 500 4148 Manilius
524 4093 641 4147 Rhallus
667 4093 844 4148 verwechselt
867 4093 982 4148 Ursinus
1005 4093 1034 4147 in
1058 4093 1106 4147 der
1129 4092 1249 4147 Vorrede
1273 4093 1321 4147 der
1343 4095 1397 4146 An·

168 4185 339 4254 merlrungeu
362 4185 399 4250 (S.
418 4183 445 4248 4)
474 4182 528 4236 mit
550 4183 697 4248 Marullus,
727 4183 844 4237 welcher
870 4201 923 4237 von
943 4182 1080 4251 Gyruldus
1108 4181 1154 4246 (de
1177 4185 1266 4251 poetis
1288 4201 1398 4237 suorum

167 4284 314 4343 temporum
337 4275 402 4327 dial.
433 4275 460 4338 l)
484 4272 525 4327 als
549 4271 618 4326 Zeit-
643 4272 699 4326 und
723 4271 970 4326 Studien-Genosse
993 4271 1039 4325 des
1062 4271 1194 4325 Manilius
1217 4271 1334 4325 Rhsllus
1358 4289 1396 4325 er·

168 4363 262 4419 wbhnt
281 4363 358 4427 wint,
377 4361 434 4431 vgl.
455 4363 524 4415 Lilis'
544 4365 623 4430 Grep.
645 4363 761 4430 Gyraldr'
779 4379 841 4431 opp.
863 4361 945 4415 Basil.
968 4361 1035 4416 1580
1055 4360 1131 4414 Tom.
1151 4360 1177 4413 Π
1200 4377 1227 4428 p.
1248 4361 1313 4414 384:
1340 4361 1397 4414 ‘Ex

168 4452 263 4507 eudem
287 4453 405 4507 Pontani
430 4451 579 4506 Academia
605 4451 706 4504 fluxere
729 4451 765 4505 M.
791 4451 923 4504 Marullus
951 4453 979 4504 et
1001 4448 1133 4504 Manilius
1157 4449 1287 4510 Rhallus.
1316 4451 1397 4504 ambo

167 4543 326 4613 parentibus
341 4542 451 4596 Graecis
470 4541 538 4605 nuti,
558 4540 587 4593 in
602 4540 686 4593 Italia
704 4539 828 4604 enutriti,
849 4539 956 4593 Latinis
974 4542 1070 4593 tamen
1088 4537 1177 4592 literis
1191 4539 1281 4608 magis
1295 4539 1396 4593 imbuti

168 4637 251 4701 atque
278 4632 398 4686 inuicem
427 4630 521 4694 amici,
551 4634 666 4697 uterque
689 4629 923 4697 epigrammatum
946 4632 1041 4697 poeta,
1069 4627 1116 4681 sed
1139 4626 1240 4680 Rhallo
1263 4628 1397 4682 Marullus

168 4723 267 4777 cultior
285 4721 476 4790 augustiorque,
501 4719 619 4773 Marullo
638 4718 754 4772 Rhullus
773 4717 952 4782 fortunatior,
976 4717 1079 4786 quippe
1098 4716 1146 4784 qui
1165 4733 1182 4769 a
1201 4716 1290 4770 Leone
1309 4717 1333 4770 X
1354 4717 1396 4771 his

157 4811 306 4866 mensibus
326 4809 497 4864 Cretensium
516 4809 553 4862 sit
571 4808 734 4879 pontificatu
752 4809 940 4862 honestatus«

1183 4896 1197 4948 7
