3514 5244
276 1539 311 1603 L.
340 1538 466 1604 Annaei
491 1537 649 1623 Senecae,
682 1559 775 1621 quem
807 1537 1035 1624 philosophum
1068 1539 1280 1625 appellamus,
1313 1537 1416 1606 libros

190 1645 297 1711 solnta
321 1645 466 1710 oratione
482 1645 691 1730 conscriptos,
715 1666 787 1710 cum
810 1666 932 1711 summo
953 1645 1138 1729 aequalium
1156 1646 1268 1711 favore
1287 1646 1415 1731 excepti
1475 1643 1478 1651 ’

189 1759 299 1818 essent
335 1759 434 1836 atque
463 1772 622 1834 generosa
648 1752 854 1819 Neronianae
882 1753 1047 1837 tyrannidi
1079 1753 1285 1820 adversantis
1313 1761 1415 1818 morte

189 1859 351 1925 nobilitati
380 1866 412 1924 et
444 1858 585 1942 quodam
617 1859 712 1924 modo
746 1859 939 1946 confirmati,
971 1861 1031 1926 sub
1062 1859 1247 1926 Flauiorum
1279 1859 1415 1944 imperio

189 1966 314 2031 acriore
338 1967 436 2030 etiam
460 1964 567 2032 studio
590 1966 754 2040 lectitatos
778 1987 882 2050 neque
906 1965 1097 2044 Quintiliani
1121 1965 1335 2053 superciliosa
1358 1965 1414 2032 im·

189 2073 381 2158 probatione
410 2080 467 2138 aut
492 2073 782 2138 Frontonianorum
808 2073 939 2140 rusticis
973 2073 1129 2140 conviciis
1160 2075 1207 2139 ita
1240 2093 1417 2159 oppressos

189 2200 276 2264 esse,
300 2188 335 2245 ut
358 2181 463 2246 radus
486 2179 682 2265 legerentur,
710 2179 784 2265 ipsa
812 2180 988 2247 ostendunt
1010 2182 1124 2266 verba,
1152 2181 1268 2264 quibus
1292 2180 1415 2266 scripta

190 2288 259 2352 eius
292 2313 329 2352 eu·
362 2289 611 2355 odrrlesceetium
643 2290 790 2354 monibus
823 2295 1009 2377 extorquere
1041 2285 1280 2374 conabantur.¹)
1340 2307 1415 2352 uam

189 2394 276 2480 apud
289 2394 518 2478 grammaticos
528 2401 714 2480 pertenuem
725 2393 870 2461 Senecae
880 2395 1032 2461 librorum
1041 2397 1228 2462 memoriam
1244 2413 1417 2480 superesse

191 2521 254 2566 non
280 2501 398 2567 obiciet
417 2503 455 2586 is,
478 2502 532 2584 qui
551 2501 813 2586 consideraverit,
838 2522 935 2584 quam
954 2521 1048 2568 rarae
1065 2501 1152 2586 apud
1170 2501 1255 2568 huno
1270 2521 1368 2568 voces
1383 2507 1416 2566 ct

191 2608 350 2675 dictiones
373 2609 549 2675 inusitatae
572 2609 649 2693 sint,
678 2629 759 2691 quas
784 2608 831 2673 illi
855 2609 923 2676 lere
947 2609 1036 2675 solas
1059 2609 1269 2673 venabantur.
1305 2609 1416 2690 itaque

189 2723 300 2801 patres
325 2716 484 2782 ecclesiae
511 2736 576 2780 non
600 2737 618 2782 c
646 2717 788 2782 tenebris
817 2717 929 2782 cosin
956 2717 1061 2782 lucem
1088 2723 1327 2801 protraxerunt,
1356 2714 1417 2781 sed

190 2822 356 2907 scriptoris
394 2842 433 2887 cx
474 2821 637 2888 rhetorum
673 2822 863 2908 disciplina,
904 2843 969 2905 qua
1010 2822 1073 2908 ipsi
1115 2821 1343 2888 adulescentes
1383 2822 1417 2886 in

190 2929 310 2995 sobolis
334 2929 446 2994 imbuti
470 2929 605 3014 lucrant,
628 2929 789 2996 notissimi
813 2930 991 2995 sententias
1014 2928 1154 2995 morales
1178 2937 1274 2994 acute
1297 2936 1330 2994 et
1353 2928 1416 2995 ele·

190 3042 305 3118 gauter
329 3056 504 3120 expressas
526 3035 560 3100 in
583 3055 677 3101 usum
699 3056 792 3101 suum
820 3043 1053 3102 converterunt
1103 3035 1138 3100 id
1166 3035 1252 3120 quod
1279 3036 1418 3120 probant

191 3141 293 3208 exiles
323 3150 354 3207 et
382 3143 526 3208 insulsae
560 3143 720 3226 epistulae
753 3143 897 3208 Senecae
931 3151 964 3207 et
993 3142 1089 3209 Pauli
1121 3151 1197 3208 ante
1229 3142 1417 3226 Hieronymi

191 3255 333 3314 aetatem
356 3250 397 3314 ab
426 3248 553 3314 homine
581 3249 723 3332 quodam
752 3248 936 3315 Christiano
964 3248 1040 3316 ideo
1067 3249 1177 3332 fictae,
1209 3257 1245 3314 ut
1276 3249 1418 3334 apostoli

188 3357 310 3420 nomini
337 3356 504 3440 religionis
534 3362 659 3422 tantum
693 3376 772 3422 suae
801 3356 1016 3423 sectatoribus
1048 3364 1124 3422 noto
1156 3355 1286 3422 laudem
1319 3355 1417 3422 etiam

190 3460 277 3548 apud
320 3482 469 3547 paganos
520 3470 671 3549 pararct3
726 3464 843 3549 probat
892 3463 998 3548 ipsum
1047 3469 1175 3548 patrum
1216 3461 1417 3546 quorundam

190 3567 320 3635 dicendi
344 3590 460 3654 genus,
484 3570 570 3654 quod
593 3569 681 3635 haud
703 3590 776 3636 raro
802 3570 899 3636 etiam
923 3570 964 3636 iis
992 3569 1086 3655 loeis,
1114 3569 1231 3653 quibus
1259 3569 1417 3636 Senecam

192 3696 256 3742 non
279 3677 473 3760 exscribunt,
497 3697 598 3762 prope
622 3681 663 3742 ab
678 3676 855 3742 Annaeauo
879 3677 982 3743 abest
1027 3677 1200 3744 utebantur
1213 3675 1312 3759 igitur
1326 3675 1417 3743 libris

193 3783 326 3849 murelle
349 3782 585 3870 philosophiae,
610 3783 900 3868 exhortationibus,
923 3783 1014 3850 libris
1037 3783 1079 3849 dc
1103 3783 1346 3868 superstitione,
1376 3781 1417 3848 de

221 3929 252 3935 -—
277 3929 400 3936 -—----

282 3996 303 4064 ¹)
323 3999 359 4052 Ee
373 3997 562 4064 Quintilianus
581 3997 656 4062 (inst.
676 3999 744 4052 orat.
763 3999 788 4051 X
806 3999 828 4062 I,
849 3997 910 4064 126)
929 4000 957 4052 eb
976 3997 1082 4052 Gellius
1104 3996 1167 4064 (XII
1186 3997 1210 4062 2,
1235 3997 1262 4062 2)
1286 3996 1417 4051 Senem

189 4087 251 4140 ideo
265 4105 283 4140 a
309 4105 337 4141 se
366 4087 528 4156 vituperari,
556 4087 629 4155 quod
657 4087 787 4150 Ennium,
825 4086 989 4149 Ciceronem,
1022 4085 1179 4155 Vergilium
1212 4084 1417 4154 improbaverit,

192 4176 277 4230 libere
295 4175 466 4245 profitentur.
496 4176 643 4230 accedebat
671 4175 744 4243 quod
766 4175 816 4230 ille
838 4175 1050 4244 grammaticos,
1079 4174 1246 4244 philologos,
1275 4173 1419 4228 historicos

191 4282 334 4334 nunquam
348 4283 403 4319 non
417 4265 589 4334 contemptui
603 4264 710 4320 habuit.
739 4263 776 4332 (v.
790 4264 870 4334 epist
884 4282 951 4320 mor.
967 4264 1014 4330 vl,
1031 4265 1055 4328 6,
1071 4267 1099 4330 5;
1114 4263 1180 4318 XIII
1196 4263 1221 4328 2,
1238 4264 1270 4317 ll
1278 4285 1285 4327 ;
1300 4263 1324 4327 3,
1340 4264 1357 4316 3
1371 4280 1418 4333 sq;

190 4355 282 4409 XVIII
303 4357 327 4420 5,
346 4355 389 4420 23,
409 4372 453 4423 sq;
473 4354 608 4423 apoccloo.
629 4357 653 4418 5,
672 4354 703 4418 4;
722 4357 779 4409 nat.
799 4357 906 4422 quaest
925 4353 1064 4423 IHpraef.
1080 4354 1098 4408 5
1116 4370 1160 4421 sq;
1184 4352 1237 4407 VII
1258 4352 1297 4417 16,
1321 4353 1332 4406 l
1357 4355 1417 4421 sq.),

190 4443 366 4513 philosophos
397 4461 452 4498 non
484 4443 572 4498 solum
595 4443 753 4513 saepissime
772 4442 877 4508 laudat,
905 4443 1110 4498 verumetiam
1137 4445 1234 4498 eontra
1265 4440 1419 4496 calumnias

190 4533 325 4601 quasdam
344 4532 475 4588 defendit.
513 4549 599 4601 qnare
618 4533 704 4588 etiam
722 4535 780 4587 nat.
800 4536 906 4600 quaest.
927 4532 965 4586 v]
985 4532 1028 4596 26,
1051 4532 1069 4585 3
1087 4549 1151 4586 eum
1175 4530 1313 4600 scripsisse
1336 4533 1417 4601 puto:

190 4624 262 4676 bone
288 4622 396 4690 (Delon)
419 4624 592 4692 phllolopa’
619 4619 830 4691 (pblloeopba'
857 4621 945 4689 odd),
969 4623 1079 4676 medula
1101 4623 1185 4689 mlo,
1207 4622 1338 4676 ditmnt
1364 4638 1418 4676 nen

190 4714 292 4769 nroeeri
309 4703 418 4767 cuam
436 4713 567 4767 Prodere.
605 4710 672 4780 quid
690 4711 765 4766 anim
784 4727 847 4766 oum
866 4709 985 4766 Pindaro
1004 4713 1046 4765 est
1064 4709 1253 4780 philosophis?

1244 4800 1256 4853 l
