<?xml version="1.0" encoding="UTF-8"?>
<!DOCTYPE html PUBLIC "-//W3C//DTD XHTML 1.0 Transitional//EN"
    "http://www.w3.org/TR/xhtml1/DTD/xhtml1-transitional.dtd">
<html xmlns="http://www.w3.org/1999/xhtml" xml:lang="en" lang="en">
 <head>
  <title>
</title>
<meta http-equiv="Content-Type" content="text/html;charset=utf-8" />
  <meta name='ocr-system' content='tesseract 3.04.00' />
  <meta name='ocr-capabilities' content='ocr_page ocr_carea ocr_par ocr_line ocrx_word'/>
</head>
<body>
  <div class='ocr_page' id='page_1' title='image "./destoicorumstud00strigoog_0289.png"; bbox 0 0 3598 5226; ppageno 0'>
   <div class='ocr_carea' id='block_1_1' title="bbox 849 407 1059 503">
    <p class='ocr_par' dir='ltr' id='par_1_1' title="bbox 849 407 1059 503">
     <span class='ocr_line' id='line_1_1' title="bbox 849 407 1059 503; baseline 0 -32"><span class='ocrx_word' id='word_1_1' title='bbox 849 407 1059 503; x_wconf 40' lang='lat' dir='ltr'>goo—</span> 
     </span>
    </p>
   </div>
   <div class='ocr_carea' id='block_1_2' title="bbox 347 629 1568 1023">
    <p class='ocr_par' dir='ltr' id='par_1_2' title="bbox 347 629 1568 1023">
     <span class='ocr_line' id='line_1_2' title="bbox 347 629 1566 716; baseline -0.002 -19"><span class='ocrx_word' id='word_1_2' title='bbox 347 633 462 698; x_wconf 89' lang='lat' dir='ltr'>Theod.</span> <span class='ocrx_word' id='word_1_3' title='bbox 492 652 521 716; x_wconf 89' lang='lat' dir='ltr'>p.</span> <span class='ocrx_word' id='word_1_4' title='bbox 549 632 664 708; x_wconf 68' lang='lat' dir='ltr'>taluc</span> <span class='ocrx_word' id='word_1_5' title='bbox 686 632 731 696; x_wconf 88' lang='lat' dir='ltr'>K:</span> <span class='ocrx_word' id='word_1_6' title='bbox 765 631 878 708; x_wconf 86' lang='lat' dir='ltr'>„iambi</span> <span class='ocrx_word' id='word_1_7' title='bbox 903 679 910 693; x_wconf 93' lang='lat'>.</span> <span class='ocrx_word' id='word_1_8' title='bbox 934 679 941 694; x_wconf 94' lang='lat'>.</span> <span class='ocrx_word' id='word_1_9' title='bbox 966 679 972 694; x_wconf 94' lang='lat'>.</span> <span class='ocrx_word' id='word_1_10' title='bbox 995 649 1072 696; x_wconf 91' lang='lat' dir='ltr'>usus</span> <span class='ocrx_word' id='word_1_11' title='bbox 1100 629 1131 694; x_wconf 93' lang='lat' dir='ltr'>in</span> <span class='ocrx_word' id='word_1_12' title='bbox 1159 629 1298 694; x_wconf 91' lang='lat' dir='ltr'>carmine</span> <span class='ocrx_word' id='word_1_13' title='bbox 1326 629 1370 693; x_wconf 91' lang='lat' dir='ltr'>ita</span> <span class='ocrx_word' id='word_1_14' title='bbox 1392 632 1441 695; x_wconf 89' lang='lat' dir='ltr'>est</span> <span class='ocrx_word' id='word_1_15' title='bbox 1462 630 1566 695; x_wconf 77' lang='lat' dir='ltr'>vanus</span> 
     </span>
     <span class='ocr_line' id='line_1_3' title="bbox 349 732 1566 818; baseline -0.002 -18"><span class='ocrx_word' id='word_1_16' title='bbox 349 754 385 800; x_wconf 91' lang='lat' dir='ltr'>ac</span> <span class='ocrx_word' id='word_1_17' title='bbox 407 735 581 818; x_wconf 84' lang='lat' dir='ltr'>multiplex,</span> <span class='ocrx_word' id='word_1_18' title='bbox 604 735 641 798; x_wconf 89' lang='lat' dir='ltr'>nt</span> <span class='ocrx_word' id='word_1_19' title='bbox 663 752 697 798; x_wconf 89' lang='lat' dir='ltr'>se</span> <span class='ocrx_word' id='word_1_20' title='bbox 713 737 745 798; x_wconf 89' lang='lat' dir='ltr'>et</span> <span class='ocrx_word' id='word_1_21' title='bbox 761 735 824 798; x_wconf 90' lang='lat' dir='ltr'>alte</span> <span class='ocrx_word' id='word_1_22' title='bbox 841 734 966 798; x_wconf 89' lang='lat' dir='ltr'>attollat</span> <span class='ocrx_word' id='word_1_23' title='bbox 981 735 1014 798; x_wconf 91' lang='lat' dir='ltr'>et</span> <span class='ocrx_word' id='word_1_24' title='bbox 1029 751 1125 816; x_wconf 90' lang='lat' dir='ltr'>quam</span> <span class='ocrx_word' id='word_1_25' title='bbox 1140 733 1301 816; x_wconf 77' lang='lat' dir='ltr'><strong>aptissime</strong></span> <span class='ocrx_word' id='word_1_26' title='bbox 1317 732 1357 796; x_wconf 93' lang='lat' dir='ltr'>ad</span> <span class='ocrx_word' id='word_1_27' title='bbox 1373 733 1566 798; x_wconf 83' lang='lat' dir='ltr'>cotidianum</span> 
     </span>
     <span class='ocr_line' id='line_1_4' title="bbox 347 835 1568 919; baseline 0.002 -19"><span class='ocrx_word' id='word_1_28' title='bbox 347 836 495 919; x_wconf 92' lang='lat' dir='ltr'>loquendi</span> <span class='ocrx_word' id='word_1_29' title='bbox 517 855 637 902; x_wconf 92' lang='lat' dir='ltr'>morem</span> <span class='ocrx_word' id='word_1_30' title='bbox 661 836 799 914; x_wconf 89' lang='lat' dir='ltr'>accedat,</span> <span class='ocrx_word' id='word_1_31' title='bbox 822 840 854 902; x_wconf 93' lang='lat' dir='ltr'>et</span> <span class='ocrx_word' id='word_1_32' title='bbox 875 837 921 902; x_wconf 92' lang='lat' dir='ltr'>ita</span> <span class='ocrx_word' id='word_1_33' title='bbox 942 837 975 901; x_wconf 95' lang='lat' dir='ltr'>in</span> <span class='ocrx_word' id='word_1_34' title='bbox 998 837 1114 901; x_wconf 83' lang='lat' dir='ltr'>severis</span> <span class='ocrx_word' id='word_1_35' title='bbox 1136 835 1343 918; x_wconf 86' lang='lat' dir='ltr'>tristibusque</span> <span class='ocrx_word' id='word_1_36' title='bbox 1358 839 1510 914; x_wconf 77' lang='lat' dir='ltr'><strong>versetur,</strong></span> <span class='ocrx_word' id='word_1_37' title='bbox 1531 839 1568 902; x_wconf 94' lang='lat' dir='ltr'>ut</span> 
     </span>
     <span class='ocr_line' id='line_1_5' title="bbox 349 938 1312 1023; baseline -0.002 -19"><span class='ocrx_word' id='word_1_38' title='bbox 349 941 445 1004; x_wconf 87' lang='lat' dir='ltr'>etiam</span> <span class='ocrx_word' id='word_1_39' title='bbox 468 940 502 1003; x_wconf 94' lang='lat' dir='ltr'>in</span> <span class='ocrx_word' id='word_1_40' title='bbox 524 940 672 1004; x_wconf 90' lang='lat' dir='ltr'>molhhus</span> <span class='ocrx_word' id='word_1_41' title='bbox 696 958 733 1005; x_wconf 91' lang='lat' dir='ltr'>ao</span> <span class='ocrx_word' id='word_1_42' title='bbox 754 939 892 1006; x_wconf 82' lang='lat' dir='ltr'>remissis</span> <span class='ocrx_word' id='word_1_43' title='bbox 915 941 944 1004; x_wconf 91' lang='lat' dir='ltr'>ci</span> <span class='ocrx_word' id='word_1_44' title='bbox 966 938 1008 1004; x_wconf 89' lang='lat' dir='ltr'>sit</span> <span class='ocrx_word' id='word_1_45' title='bbox 1030 939 1089 1004; x_wconf 93' lang='lat' dir='ltr'>loci</span> <span class='ocrx_word' id='word_1_46' title='bbox 1110 938 1312 1023; x_wconf 88' lang='lat' dir='ltr'>plurimum.“</span> 
     </span>
    </p>
   </div>
   <div class='ocr_carea' id='block_1_3' title="bbox 348 1057 1569 1965">
    <p class='ocr_par' dir='ltr' id='par_1_3' title="bbox 348 1057 1569 1965">
     <span class='ocr_line' id='line_1_6' title="bbox 446 1057 1568 1142; baseline -0.002 -16"><span class='ocrx_word' id='word_1_47' title='bbox 446 1059 701 1126; x_wconf 73' lang='lat' dir='ltr'>Consentaneum</span> <span class='ocrx_word' id='word_1_48' title='bbox 736 1059 862 1141; x_wconf 90' lang='lat' dir='ltr'>quidem</span> <span class='ocrx_word' id='word_1_49' title='bbox 896 1060 945 1125; x_wconf 88' lang='lat' dir='ltr'>est</span> <span class='ocrx_word' id='word_1_50' title='bbox 976 1057 1139 1124; x_wconf 90' lang='lat' dir='ltr'>schemata</span> <span class='ocrx_word' id='word_1_51' title='bbox 1167 1058 1301 1123; x_wconf 78' lang='lat' dir='ltr'>trimetri</span> <span class='ocrx_word' id='word_1_52' title='bbox 1329 1059 1362 1123; x_wconf 93' lang='lat' dir='ltr'>in</span> <span class='ocrx_word' id='word_1_53' title='bbox 1385 1060 1446 1125; x_wconf 91' lang='lat' dir='ltr'>alio</span> <span class='ocrx_word' id='word_1_54' title='bbox 1477 1078 1568 1142; x_wconf 82' lang='lat' dir='ltr'>argu·</span> 
     </span>
     <span class='ocr_line' id='line_1_7' title="bbox 350 1153 1568 1245; baseline -0.002 -17"><span class='ocrx_word' id='word_1_55' title='bbox 350 1165 457 1228; x_wconf 89' lang='lat' dir='ltr'>mento</span> <span class='ocrx_word' id='word_1_56' title='bbox 492 1153 665 1228; x_wconf 87' lang='lat' dir='ltr'>enarrando</span> <span class='ocrx_word' id='word_1_57' title='bbox 697 1163 758 1226; x_wconf 89' lang='lat' dir='ltr'>alia</span> <span class='ocrx_word' id='word_1_58' title='bbox 780 1163 843 1228; x_wconf 91' lang='lat' dir='ltr'>sint</span> <span class='ocrx_word' id='word_1_59' title='bbox 864 1164 1017 1245; x_wconf 88' lang='lat' dir='ltr'>oportere,</span> <span class='ocrx_word' id='word_1_60' title='bbox 1050 1161 1145 1244; x_wconf 90' lang='lat' dir='ltr'>idque</span> <span class='ocrx_word' id='word_1_61' title='bbox 1175 1180 1248 1226; x_wconf 88' lang='lat' dir='ltr'>cum</span> <span class='ocrx_word' id='word_1_62' title='bbox 1271 1181 1308 1227; x_wconf 84' lang='lat' dir='ltr'>er</span> <span class='ocrx_word' id='word_1_63' title='bbox 1330 1162 1403 1240; x_wconf 92' lang='lat' dir='ltr'>illis,</span> <span class='ocrx_word' id='word_1_64' title='bbox 1426 1182 1507 1245; x_wconf 91' lang='lat' dir='ltr'>quae</span> <span class='ocrx_word' id='word_1_65' title='bbox 1530 1162 1568 1226; x_wconf 93' lang='lat' dir='ltr'>de</span> 
     </span>
     <span class='ocr_line' id='line_1_8' title="bbox 348 1263 1568 1350; baseline -0.002 -18"><span class='ocrx_word' id='word_1_66' title='bbox 348 1267 492 1332; x_wconf 86' lang='lat' dir='ltr'>brevium</span> <span class='ocrx_word' id='word_1_67' title='bbox 515 1268 548 1331; x_wconf 85' lang='lat' dir='ltr'>et</span> <span class='ocrx_word' id='word_1_68' title='bbox 568 1266 735 1348; x_wconf 81' lang='lat' dir='ltr'>longarum</span> <span class='ocrx_word' id='word_1_69' title='bbox 750 1264 945 1348; x_wconf 81' lang='lat' dir='ltr'>syllabarum</span> <span class='ocrx_word' id='word_1_70' title='bbox 959 1263 1062 1330; x_wconf 91' lang='lat' dir='ltr'>indole</span> <span class='ocrx_word' id='word_1_71' title='bbox 1078 1263 1313 1349; x_wconf 86' lang='lat' dir='ltr'>disputavimus,</span> <span class='ocrx_word' id='word_1_72' title='bbox 1337 1267 1476 1350; x_wconf 77' lang='lat' dir='ltr'>apparet,</span> <span class='ocrx_word' id='word_1_73' title='bbox 1498 1267 1568 1330; x_wconf 85' lang='lat' dir='ltr'>tum</span> 
     </span>
     <span class='ocr_line' id='line_1_9' title="bbox 349 1366 1569 1452; baseline -0.002 -18"><span class='ocrx_word' id='word_1_74' title='bbox 349 1389 385 1434; x_wconf 85' lang='lat' dir='ltr'>en</span> <span class='ocrx_word' id='word_1_75' title='bbox 407 1370 455 1434; x_wconf 93' lang='lat' dir='ltr'>his</span> <span class='ocrx_word' id='word_1_76' title='bbox 478 1367 662 1448; x_wconf 81' lang='lat' dir='ltr'>Quintiliani</span> <span class='ocrx_word' id='word_1_77' title='bbox 690 1367 792 1433; x_wconf 88' lang='lat' dir='ltr'>verbis</span> <span class='ocrx_word' id='word_1_78' title='bbox 815 1367 875 1448; x_wconf 89' lang='lat' dir='ltr'>(IX</span> <span class='ocrx_word' id='word_1_79' title='bbox 895 1369 925 1446; x_wconf 80' lang='lat'>4,</span> <span class='ocrx_word' id='word_1_80' title='bbox 945 1368 1020 1449; x_wconf 87' lang='grc'>140)</span> <span class='ocrx_word' id='word_1_81' title='bbox 1047 1368 1260 1452; x_wconf 83' lang='lat' dir='ltr'>cognoscitur:</span> <span class='ocrx_word' id='word_1_82' title='bbox 1286 1368 1492 1452; x_wconf 70' lang='lat' dir='ltr'>„tragoediae</span> <span class='ocrx_word' id='word_1_83' title='bbox 1514 1366 1569 1432; x_wconf 94' lang='lat' dir='ltr'>ubi</span> 
     </span>
     <span class='ocr_line' id='line_1_10' title="bbox 351 1471 1568 1556; baseline -0.002 -20"><span class='ocrx_word' id='word_1_84' title='bbox 351 1491 480 1538; x_wconf 89' lang='lat' dir='ltr'>necesse</span> <span class='ocrx_word' id='word_1_85' title='bbox 509 1474 567 1548; x_wconf 88' lang='lat' dir='ltr'>est,</span> <span class='ocrx_word' id='word_1_86' title='bbox 598 1471 781 1536; x_wconf 84' lang='lat' dir='ltr'>affectamus</span> <span class='ocrx_word' id='word_1_87' title='bbox 811 1471 906 1536; x_wconf 91' lang='lat' dir='ltr'>etiam</span> <span class='ocrx_word' id='word_1_88' title='bbox 930 1473 1087 1536; x_wconf 90' lang='lat' dir='ltr'>tumorem</span> <span class='ocrx_word' id='word_1_89' title='bbox 1111 1489 1148 1536; x_wconf 84' lang='lat' dir='ltr'>er</span> <span class='ocrx_word' id='word_1_90' title='bbox 1171 1471 1314 1554; x_wconf 82' lang='lat' dir='ltr'>spondeis</span> <span class='ocrx_word' id='word_1_91' title='bbox 1338 1474 1433 1556; x_wconf 85' lang='lat' dir='ltr'>atque</span> <span class='ocrx_word' id='word_1_92' title='bbox 1456 1471 1568 1534; x_wconf 89' lang='lat' dir='ltr'>iambis</span> 
     </span>
     <span class='ocr_line' id='line_1_11' title="bbox 353 1573 1567 1658; baseline -0.002 -19"><span class='ocrx_word' id='word_1_93' title='bbox 353 1575 467 1658; x_wconf 89' lang='lat' dir='ltr'>quihus</span> <span class='ocrx_word' id='word_1_94' title='bbox 496 1574 632 1640; x_wconf 83' lang='lat' dir='ltr'>maxime</span> <span class='ocrx_word' id='word_1_95' title='bbox 666 1575 873 1640; x_wconf 88' lang='lat' dir='ltr'>continetur.</span> <span class='ocrx_word' id='word_1_96' title='bbox 897 1622 904 1638; x_wconf 93' lang='lat'>.</span> <span class='ocrx_word' id='word_1_97' title='bbox 928 1621 935 1638; x_wconf 92' lang='lat'>.</span> <span class='ocrx_word' id='word_1_98' title='bbox 959 1576 992 1639; x_wconf 87' lang='lat' dir='ltr'>at</span> <span class='ocrx_word' id='word_1_99' title='bbox 1023 1573 1077 1639; x_wconf 92' lang='lat' dir='ltr'>ille</span> <span class='ocrx_word' id='word_1_100' title='bbox 1110 1574 1249 1638; x_wconf 91' lang='lat' dir='ltr'>comicus</span> <span class='ocrx_word' id='word_1_101' title='bbox 1283 1593 1381 1658; x_wconf 90' lang='lat' dir='ltr'>aeque</span> <span class='ocrx_word' id='word_1_102' title='bbox 1416 1573 1567 1649; x_wconf 86' lang='lat' dir='ltr'>senarius,</span> 
     </span>
     <span class='ocr_line' id='line_1_12' title="bbox 351 1676 1569 1761; baseline -0.002 -18"><span class='ocrx_word' id='word_1_103' title='bbox 351 1697 446 1761; x_wconf 91' lang='lat' dir='ltr'>quem</span> <span class='ocrx_word' id='word_1_104' title='bbox 478 1677 672 1743; x_wconf 91' lang='lat' dir='ltr'>trochaicum</span> <span class='ocrx_word' id='word_1_105' title='bbox 705 1677 828 1755; x_wconf 79' lang='lat' dir='ltr'>vocant,</span> <span class='ocrx_word' id='word_1_106' title='bbox 863 1677 1004 1761; x_wconf 90' lang='lat' dir='ltr'>pluribus</span> <span class='ocrx_word' id='word_1_107' title='bbox 1034 1677 1165 1754; x_wconf 87' lang='lat' dir='ltr'>choreis,</span> <span class='ocrx_word' id='word_1_108' title='bbox 1199 1678 1254 1760; x_wconf 91' lang='lat' dir='ltr'>qui</span> <span class='ocrx_word' id='word_1_109' title='bbox 1276 1677 1415 1743; x_wconf 87' lang='lat' dir='ltr'>trochaei</span> <span class='ocrx_word' id='word_1_110' title='bbox 1438 1677 1477 1741; x_wconf 92' lang='lat' dir='ltr'>ah</span> <span class='ocrx_word' id='word_1_111' title='bbox 1501 1676 1569 1740; x_wconf 93' lang='lat' dir='ltr'>aliis</span> 
     </span>
     <span class='ocr_line' id='line_1_13' title="bbox 353 1779 1568 1864; baseline -0.002 -19"><span class='ocrx_word' id='word_1_112' title='bbox 353 1781 541 1864; x_wconf 86' lang='lat' dir='ltr'>dicuntur¹),</span> <span class='ocrx_word' id='word_1_113' title='bbox 563 1779 811 1863; x_wconf 77' lang='lat' dir='ltr'>pyrrhichiisque</span> <span class='ocrx_word' id='word_1_114' title='bbox 826 1780 977 1856; x_wconf 89' lang='lat' dir='ltr'>decurrit;</span> <span class='ocrx_word' id='word_1_115' title='bbox 1002 1779 1058 1846; x_wconf 91' lang='lat' dir='ltr'>sed</span> <span class='ocrx_word' id='word_1_116' title='bbox 1080 1781 1234 1862; x_wconf 90' lang='lat' dir='ltr'>quantum</span> <span class='ocrx_word' id='word_1_117' title='bbox 1258 1781 1371 1864; x_wconf 89' lang='lat' dir='ltr'>accipit</span> <span class='ocrx_word' id='word_1_118' title='bbox 1392 1780 1568 1856; x_wconf 83' lang='lat' dir='ltr'>celeritatis,</span> 
     </span>
     <span class='ocr_line' id='line_1_14' title="bbox 351 1882 1568 1965; baseline -0.003 -17"><span class='ocrx_word' id='word_1_119' title='bbox 351 1886 478 1948; x_wconf 92' lang='lat' dir='ltr'>tantum</span> <span class='ocrx_word' id='word_1_120' title='bbox 505 1883 668 1965; x_wconf 82' lang='lat' dir='ltr'>gravitatis</span> <span class='ocrx_word' id='word_1_121' title='bbox 695 1883 812 1948; x_wconf 91' lang='lat' dir='ltr'>amittit</span> <span class='ocrx_word' id='word_1_122' title='bbox 845 1931 852 1948; x_wconf 91' lang='lat'>.</span> <span class='ocrx_word' id='word_1_123' title='bbox 887 1931 894 1946; x_wconf 95' lang='lat'>.</span> <span class='ocrx_word' id='word_1_124' title='bbox 929 1932 936 1947; x_wconf 93' lang='lat'>.</span> <span class='ocrx_word' id='word_1_125' title='bbox 966 1900 1077 1965; x_wconf 86' lang='lat' dir='ltr'>aspera</span> <span class='ocrx_word' id='word_1_126' title='bbox 1103 1901 1176 1947; x_wconf 86' lang='lat' dir='ltr'>vero</span> <span class='ocrx_word' id='word_1_127' title='bbox 1202 1885 1235 1947; x_wconf 91' lang='lat' dir='ltr'>et</span> <span class='ocrx_word' id='word_1_128' title='bbox 1256 1883 1420 1962; x_wconf 87' lang='lat' dir='ltr'>maledica,</span> <span class='ocrx_word' id='word_1_129' title='bbox 1449 1884 1486 1947; x_wconf 85' lang='lat' dir='ltr'>ut</span> <span class='ocrx_word' id='word_1_130' title='bbox 1508 1882 1568 1946; x_wconf 85' lang='lat' dir='ltr'>diri</span> 
     </span>
    </p>
   </div>
   <div class='ocr_carea' id='block_1_4' title="bbox 234 1985 1197 2070">
    <p class='ocr_par' dir='ltr' id='par_1_4' title="bbox 234 1985 1197 2070">
     <span class='ocr_line' id='line_1_15' title="bbox 234 1985 1197 2070; baseline -0.006 -16"><span class='ocrx_word' id='word_1_131' title='bbox 234 2039 236 2042; x_wconf 86' lang='grc'>-</span> <span class='ocrx_word' id='word_1_132' title='bbox 351 1988 385 2070; x_wconf 64' lang='grc' dir='ltr'>(ξ</span> <span class='ocrx_word' id='word_1_133' title='bbox 409 1987 493 2070; x_wconf 88' lang='grc'>136),</span> <span class='ocrx_word' id='word_1_134' title='bbox 516 1986 611 2051; x_wconf 87' lang='lat' dir='ltr'>etiam</span> <span class='ocrx_word' id='word_1_135' title='bbox 633 1985 666 2050; x_wconf 93' lang='lat' dir='ltr'>in</span> <span class='ocrx_word' id='word_1_136' title='bbox 688 1987 827 2052; x_wconf 92' lang='lat' dir='ltr'>carmine</span> <span class='ocrx_word' id='word_1_137' title='bbox 850 1985 963 2052; x_wconf 90' lang='lat' dir='ltr'>iambis</span> <span class='ocrx_word' id='word_1_138' title='bbox 986 1987 1197 2069; x_wconf 83' lang='lat' dir='ltr'>grassantur.“</span> 
     </span>
    </p>
   </div>
   <div class='ocr_carea' id='block_1_5' title="bbox 352 2191 1573 3832">
    <p class='ocr_par' dir='ltr' id='par_1_5' title="bbox 352 2191 1573 3832">
     <span class='ocr_line' id='line_1_16' title="bbox 448 2191 1567 2277; baseline 0 -19"><span class='ocrx_word' id='word_1_139' title='bbox 448 2193 538 2273; x_wconf 93' lang='lat' dir='ltr'>Quod</span> <span class='ocrx_word' id='word_1_140' title='bbox 572 2211 668 2276; x_wconf 89' lang='lat' dir='ltr'>snpra</span> <span class='ocrx_word' id='word_1_141' title='bbox 694 2192 738 2276; x_wconf 91' lang='lat' dir='ltr'>(p.</span> <span class='ocrx_word' id='word_1_142' title='bbox 774 2193 811 2256; x_wconf 79' lang='lat' dir='ltr'>‘ll</span> <span class='ocrx_word' id='word_1_143' title='bbox 847 2195 906 2274; x_wconf 82' lang='lat' dir='ltr'>sq.)</span> <span class='ocrx_word' id='word_1_144' title='bbox 934 2191 1053 2274; x_wconf 85' lang='lat' dir='ltr'>aliquot</span> <span class='ocrx_word' id='word_1_145' title='bbox 1078 2192 1266 2257; x_wconf 88' lang='lat' dir='ltr'>testimoniis</span> <span class='ocrx_word' id='word_1_146' title='bbox 1298 2191 1567 2277; x_wconf 85' lang='lat' dir='ltr'>comprobavimus</span> 
     </span>
     <span class='ocr_line' id='line_1_17' title="bbox 353 2295 1569 2380; baseline -0.002 -18"><span class='ocrx_word' id='word_1_147' title='bbox 353 2297 492 2380; x_wconf 85' lang='lat' dir='ltr'>spondeo</span> <span class='ocrx_word' id='word_1_148' title='bbox 526 2297 560 2360; x_wconf 93' lang='lat' dir='ltr'>in</span> <span class='ocrx_word' id='word_1_149' title='bbox 586 2315 677 2380; x_wconf 88' lang='lat' dir='ltr'>pares</span> <span class='ocrx_word' id='word_1_150' title='bbox 705 2296 839 2362; x_wconf 87' lang='lat' dir='ltr'>trimetri</span> <span class='ocrx_word' id='word_1_151' title='bbox 866 2295 957 2360; x_wconf 89' lang='lat' dir='ltr'>sedes</span> <span class='ocrx_word' id='word_1_152' title='bbox 984 2297 1109 2380; x_wconf 90' lang='lat' dir='ltr'>recepto</span> <span class='ocrx_word' id='word_1_153' title='bbox 1138 2297 1275 2361; x_wconf 88' lang='lat' dir='ltr'>senarios</span> <span class='ocrx_word' id='word_1_154' title='bbox 1307 2295 1387 2361; x_wconf 87' lang='lat' dir='ltr'>effici</span> <span class='ocrx_word' id='word_1_155' title='bbox 1418 2297 1569 2362; x_wconf 91' lang='lat' dir='ltr'>sermonis</span> 
     </span>
     <span class='ocr_line' id='line_1_18' title="bbox 352 2398 1570 2484; baseline -0.002 -19"><span class='ocrx_word' id='word_1_156' title='bbox 352 2400 499 2465; x_wconf 86' lang='lat' dir='ltr'>cotidiani</span> <span class='ocrx_word' id='word_1_157' title='bbox 521 2400 658 2484; x_wconf 92' lang='lat' dir='ltr'>speeiem</span> <span class='ocrx_word' id='word_1_158' title='bbox 680 2399 865 2477; x_wconf 85' lang='lat' dir='ltr'>relerentes,</span> <span class='ocrx_word' id='word_1_159' title='bbox 899 2398 930 2462; x_wconf 94' lang='lat' dir='ltr'>id</span> <span class='ocrx_word' id='word_1_160' title='bbox 956 2399 1093 2464; x_wconf 85' lang='lat' dir='ltr'>maxime</span> <span class='ocrx_word' id='word_1_161' title='bbox 1121 2399 1205 2464; x_wconf 88' lang='lat' dir='ltr'>eadit</span> <span class='ocrx_word' id='word_1_162' title='bbox 1230 2400 1263 2462; x_wconf 94' lang='lat' dir='ltr'>in</span> <span class='ocrx_word' id='word_1_163' title='bbox 1290 2417 1359 2478; x_wconf 88' lang='lat' dir='ltr'>eos,</span> <span class='ocrx_word' id='word_1_164' title='bbox 1394 2400 1447 2482; x_wconf 91' lang='lat' dir='ltr'>qui</span> <span class='ocrx_word' id='word_1_165' title='bbox 1469 2418 1509 2464; x_wconf 93' lang='lat' dir='ltr'>ne</span> <span class='ocrx_word' id='word_1_166' title='bbox 1536 2399 1570 2463; x_wconf 92' lang='lat' dir='ltr'>in</span> 
     </span>
     <span class='ocr_line' id='line_1_19' title="bbox 353 2501 1570 2587; baseline -0.002 -19"><span class='ocrx_word' id='word_1_167' title='bbox 353 2504 465 2569; x_wconf 87' lang='lat' dir='ltr'>ultimo</span> <span class='ocrx_word' id='word_1_168' title='bbox 493 2503 621 2587; x_wconf 89' lang='lat' dir='ltr'>quidem</span> <span class='ocrx_word' id='word_1_169' title='bbox 648 2503 727 2586; x_wconf 88' lang='lat' dir='ltr'>pede</span> <span class='ocrx_word' id='word_1_170' title='bbox 754 2503 896 2568; x_wconf 85' lang='lat' dir='ltr'>iambum</span> <span class='ocrx_word' id='word_1_171' title='bbox 923 2501 1082 2585; x_wconf 83' lang='lat' dir='ltr'>integrum</span> <span class='ocrx_word' id='word_1_172' title='bbox 1104 2502 1299 2585; x_wconf 87' lang='lat' dir='ltr'>relinquunt,</span> <span class='ocrx_word' id='word_1_173' title='bbox 1333 2502 1570 2568; x_wconf 89' lang='lat' dir='ltr'>choliamhos</span> 
     </span>
     <span class='ocr_line' id='line_1_20' title="bbox 353 2605 1570 2690; baseline -0.001 -18"><span class='ocrx_word' id='word_1_174' title='bbox 353 2608 431 2685; x_wconf 91' lang='lat' dir='ltr'>dico,</span> <span class='ocrx_word' id='word_1_175' title='bbox 459 2608 499 2673; x_wconf 91' lang='lat' dir='ltr'>ad</span> <span class='ocrx_word' id='word_1_176' title='bbox 523 2626 601 2690; x_wconf 89' lang='lat' dir='ltr'>quos</span> <span class='ocrx_word' id='word_1_177' title='bbox 623 2606 685 2672; x_wconf 92' lang='lat' dir='ltr'>duo</span> <span class='ocrx_word' id='word_1_178' title='bbox 705 2606 765 2671; x_wconf 94' lang='lat' dir='ltr'>loci</span> <span class='ocrx_word' id='word_1_179' title='bbox 781 2605 830 2671; x_wconf 92' lang='lat' dir='ltr'>dei</span> <span class='ocrx_word' id='word_1_180' title='bbox 858 2605 959 2670; x_wconf 89' lang='lat' dir='ltr'>ambis</span> <span class='ocrx_word' id='word_1_181' title='bbox 981 2606 1074 2672; x_wconf 92' lang='lat' dir='ltr'>modo</span> <span class='ocrx_word' id='word_1_182' title='bbox 1096 2605 1245 2689; x_wconf 75' lang='lat' dir='ltr'>adscripti</span> <span class='ocrx_word' id='word_1_183' title='bbox 1260 2606 1397 2688; x_wconf 85' lang='lat' dir='ltr'>(Gallim.</span> <span class='ocrx_word' id='word_1_184' title='bbox 1413 2605 1570 2690; x_wconf 80' lang='lat' dir='ltr'>Eustath.)</span> 
     </span>
     <span class='ocr_line' id='line_1_21' title="bbox 352 2708 1571 2794; baseline -0.001 -18"><span class='ocrx_word' id='word_1_185' title='bbox 352 2711 519 2794; x_wconf 86' lang='lat' dir='ltr'>pertinent.</span> <span class='ocrx_word' id='word_1_186' title='bbox 564 2709 691 2775; x_wconf 92' lang='lat' dir='ltr'>Indoles</span> <span class='ocrx_word' id='word_1_187' title='bbox 720 2711 827 2774; x_wconf 88' lang='lat' dir='ltr'>autem</span> <span class='ocrx_word' id='word_1_188' title='bbox 853 2727 962 2776; x_wconf 89' lang='lat' dir='ltr'>eorum</span> <span class='ocrx_word' id='word_1_189' title='bbox 988 2727 1138 2774; x_wconf 85' lang='lat' dir='ltr'>versuum</span> <span class='ocrx_word' id='word_1_190' title='bbox 1165 2709 1215 2773; x_wconf 85' lang='lat' dir='ltr'>vel</span> <span class='ocrx_word' id='word_1_191' title='bbox 1242 2708 1311 2793; x_wconf 87' lang='lat' dir='ltr'>ipso</span> <span class='ocrx_word' id='word_1_192' title='bbox 1340 2710 1467 2775; x_wconf 92' lang='lat' dir='ltr'>nomine</span> <span class='ocrx_word' id='word_1_193' title='bbox 1490 2731 1571 2775; x_wconf 84' lang='grc' dir='ltr'><strong><em>σκα-</em></strong></span> 
     </span>
     <span class='ocr_line' id='line_1_22' title="bbox 354 2805 1573 2898; baseline 0 -20"><span class='ocrx_word' id='word_1_194' title='bbox 354 2809 485 2894; x_wconf 84' lang='grc' dir='ltr'><strong><em>ζόντων,</em></strong></span> <span class='ocrx_word' id='word_1_195' title='bbox 510 2812 630 2895; x_wconf 80' lang='grc' dir='ltr'><strong><em>χωλῶν,</em></strong></span> <span class='ocrx_word' id='word_1_196' title='bbox 659 2805 924 2898; x_wconf 81' lang='grc' dir='ltr'><strong><em>ἰσχιορριυμκῶν,</em></strong></span> <span class='ocrx_word' id='word_1_197' title='bbox 951 2812 1135 2878; x_wconf 88' lang='lat' dir='ltr'>clandomm</span> <span class='ocrx_word' id='word_1_198' title='bbox 1165 2847 1202 2860; x_wconf 87' lang='lat'>-</span> <span class='ocrx_word' id='word_1_199' title='bbox 1227 2812 1414 2890; x_wconf 87' lang='lat' dir='ltr'>„delumbe“</span> <span class='ocrx_word' id='word_1_200' title='bbox 1441 2817 1573 2880; x_wconf 87' lang='lat' dir='ltr'>vocatur</span> 
     </span>
     <span class='ocr_line' id='line_1_23' title="bbox 352 2914 1571 3001; baseline -0.001 -19"><span class='ocrx_word' id='word_1_201' title='bbox 352 2920 493 2983; x_wconf 89' lang='lat' dir='ltr'>metrum</span> <span class='ocrx_word' id='word_1_202' title='bbox 516 2935 535 2982; x_wconf 97' lang='lat' dir='ltr'>a</span> <span class='ocrx_word' id='word_1_203' title='bbox 557 2914 657 2981; x_wconf 88' lang='lat' dir='ltr'>Mario</span> <span class='ocrx_word' id='word_1_204' title='bbox 690 2915 807 2981; x_wconf 83' lang='lat' dir='ltr'>Viator.</span> <span class='ocrx_word' id='word_1_205' title='bbox 841 2936 871 3001; x_wconf 92' lang='lat' dir='ltr'>p.</span> <span class='ocrx_word' id='word_1_206' title='bbox 904 2915 1031 2994; x_wconf 73' lang='lat' dir='ltr'>arel(</span> <span class='ocrx_word' id='word_1_207' title='bbox 1064 2920 1121 2996; x_wconf 89' lang='lat'>(=</span> <span class='ocrx_word' id='word_1_208' title='bbox 1152 2914 1255 2980; x_wconf 87' lang='lat' dir='ltr'>Rufin.</span> <span class='ocrx_word' id='word_1_209' title='bbox 1277 2936 1307 3000; x_wconf 90' lang='lat' dir='ltr'>p.</span> <span class='ocrx_word' id='word_1_210' title='bbox 1336 2917 1429 2996; x_wconf 62' lang='lat'>5583</span> <span class='ocrx_word' id='word_1_211' title='bbox 1452 2916 1496 2998; x_wconf 88' lang='lat' dir='ltr'>K)</span> <span class='ocrx_word' id='word_1_212' title='bbox 1529 2953 1571 2964; x_wconf 90' lang='lat'><em>-</em></span> 
     </span>
     <span class='ocr_line' id='line_1_24' title="bbox 353 3018 1572 3103; baseline 0.003 -19"><span class='ocrx_word' id='word_1_213' title='bbox 353 3021 544 3097; x_wconf 86' lang='lat' dir='ltr'>illustratur,</span> <span class='ocrx_word' id='word_1_214' title='bbox 577 3019 734 3103; x_wconf 89' lang='lat' dir='ltr'>siquidem</span> <span class='ocrx_word' id='word_1_215' title='bbox 759 3019 841 3085; x_wconf 91' lang='lat' dir='ltr'>inest</span> <span class='ocrx_word' id='word_1_216' title='bbox 863 3020 896 3085; x_wconf 93' lang='lat' dir='ltr'>in</span> <span class='ocrx_word' id='word_1_217' title='bbox 924 3020 968 3084; x_wconf 89' lang='lat' dir='ltr'>eis</span> <span class='ocrx_word' id='word_1_218' title='bbox 992 3018 1188 3103; x_wconf 83' lang='lat' dir='ltr'>arrhythmia</span> <span class='ocrx_word' id='word_1_219' title='bbox 1213 3019 1378 3102; x_wconf 86' lang='lat' dir='ltr'>quaedam.</span> <span class='ocrx_word' id='word_1_220' title='bbox 1416 3019 1572 3100; x_wconf 89' lang='lat' dir='ltr'>Quoniam</span> 
     </span>
     <span class='ocr_line' id='line_1_25' title="bbox 354 3122 1572 3208; baseline 0.002 -20"><span class='ocrx_word' id='word_1_221' title='bbox 354 3141 426 3189; x_wconf 85' lang='lat' dir='ltr'>vero</span> <span class='ocrx_word' id='word_1_222' title='bbox 453 3123 485 3187; x_wconf 91' lang='lat' dir='ltr'>in</span> <span class='ocrx_word' id='word_1_223' title='bbox 512 3124 579 3208; x_wconf 92' lang='lat' dir='ltr'>ipso</span> <span class='ocrx_word' id='word_1_224' title='bbox 606 3122 765 3188; x_wconf 89' lang='lat' dir='ltr'>incondito</span> <span class='ocrx_word' id='word_1_225' title='bbox 792 3122 915 3187; x_wconf 89' lang='lat' dir='ltr'>dicendi</span> <span class='ocrx_word' id='word_1_226' title='bbox 943 3141 1058 3206; x_wconf 81' lang='lat' dir='ltr'>genere</span> <span class='ocrx_word' id='word_1_227' title='bbox 1080 3122 1185 3188; x_wconf 89' lang='lat' dir='ltr'>nescio</span> <span class='ocrx_word' id='word_1_228' title='bbox 1207 3140 1287 3205; x_wconf 92' lang='lat' dir='ltr'>qnae</span> <span class='ocrx_word' id='word_1_229' title='bbox 1311 3123 1409 3190; x_wconf 86' lang='lat' dir='ltr'>animi</span> <span class='ocrx_word' id='word_1_230' title='bbox 1430 3125 1470 3190; x_wconf 90' lang='lat' dir='ltr'>ad</span> <span class='ocrx_word' id='word_1_231' title='bbox 1492 3125 1572 3191; x_wconf 91' lang='lat' dir='ltr'>iram</span> 
     </span>
     <span class='ocr_line' id='line_1_26' title="bbox 355 3224 1572 3312; baseline 0.003 -21"><span class='ocrx_word' id='word_1_232' title='bbox 355 3227 502 3292; x_wconf 90' lang='lat' dir='ltr'>concitati</span> <span class='ocrx_word' id='word_1_233' title='bbox 535 3226 707 3292; x_wconf 84' lang='lat' dir='ltr'>similitudo</span> <span class='ocrx_word' id='word_1_234' title='bbox 740 3225 832 3292; x_wconf 80' lang='lat' dir='ltr'>facile</span> <span class='ocrx_word' id='word_1_235' title='bbox 866 3227 1004 3291; x_wconf 88' lang='lat' dir='ltr'>cernitur</span> <span class='ocrx_word' id='word_1_236' title='bbox 1036 3224 1079 3312; x_wconf 85' lang='lat' dir='ltr'>(v.</span> <span class='ocrx_word' id='word_1_237' title='bbox 1107 3244 1203 3311; x_wconf 93' lang='lat' dir='ltr'>supra</span> <span class='ocrx_word' id='word_1_238' title='bbox 1229 3247 1259 3310; x_wconf 91' lang='lat' dir='ltr'>p.</span> <span class='ocrx_word' id='word_1_239' title='bbox 1288 3228 1359 3308; x_wconf 77' lang='lat'>37),</span> <span class='ocrx_word' id='word_1_240' title='bbox 1392 3228 1572 3295; x_wconf 88' lang='lat' dir='ltr'>Demetrius</span> 
     </span>
     <span class='ocr_line' id='line_1_27' title="bbox 354 3328 1573 3411; baseline 0.005 -18"><span class='ocrx_word' id='word_1_241' title='bbox 354 3330 462 3394; x_wconf 86' lang='lat' dir='ltr'>rhetor</span> <span class='ocrx_word' id='word_1_242' title='bbox 483 3329 547 3395; x_wconf 86' lang='lat' dir='ltr'>vim</span> <span class='ocrx_word' id='word_1_243' title='bbox 569 3329 729 3411; x_wconf 84' lang='lat' dir='ltr'>quandam</span> <span class='ocrx_word' id='word_1_244' title='bbox 752 3328 791 3394; x_wconf 90' lang='lat' dir='ltr'>ab</span> <span class='ocrx_word' id='word_1_245' title='bbox 815 3329 928 3395; x_wconf 88' lang='lat' dir='ltr'>acerba</span> <span class='ocrx_word' id='word_1_246' title='bbox 948 3329 1089 3394; x_wconf 91' lang='lat' dir='ltr'>irrisione</span> <span class='ocrx_word' id='word_1_247' title='bbox 1111 3348 1175 3395; x_wconf 93' lang='lat' dir='ltr'>non</span> <span class='ocrx_word' id='word_1_248' title='bbox 1196 3330 1416 3397; x_wconf 90' lang='lat' dir='ltr'>abhorrentem</span> <span class='ocrx_word' id='word_1_249' title='bbox 1429 3330 1463 3397; x_wconf 92' lang='lat' dir='ltr'>in</span> <span class='ocrx_word' id='word_1_250' title='bbox 1477 3333 1573 3399; x_wconf 85' lang='lat' dir='ltr'>versi·</span> 
     </span>
     <span class='ocr_line' id='line_1_28' title="bbox 353 3432 1571 3520; baseline 0.004 -24"><span class='ocrx_word' id='word_1_251' title='bbox 353 3432 414 3498; x_wconf 86' lang='lat' dir='ltr'>bus</span> <span class='ocrx_word' id='word_1_252' title='bbox 447 3433 661 3517; x_wconf 85' lang='lat' dir='ltr'>hipponacteis</span> <span class='ocrx_word' id='word_1_253' title='bbox 694 3433 895 3518; x_wconf 90' lang='lat' dir='ltr'>conspicuam</span> <span class='ocrx_word' id='word_1_254' title='bbox 928 3451 998 3498; x_wconf 89' lang='lat' dir='ltr'>esse</span> <span class='ocrx_word' id='word_1_255' title='bbox 1034 3432 1205 3498; x_wconf 89' lang='lat' dir='ltr'>arbitratur</span> <span class='ocrx_word' id='word_1_256' title='bbox 1238 3433 1289 3515; x_wconf 90' lang='lat' dir='ltr'>(de</span> <span class='ocrx_word' id='word_1_257' title='bbox 1322 3435 1398 3499; x_wconf 90' lang='lat' dir='ltr'>aloc.</span> <span class='ocrx_word' id='word_1_258' title='bbox 1433 3436 1451 3517; x_wconf 62' lang='grc' dir='ltr'>ᾗ</span> <span class='ocrx_word' id='word_1_259' title='bbox 1481 3437 1571 3520; x_wconf 89' lang='lat'>301):</span> 
     </span>
     <span class='ocr_line' id='line_1_29' title="bbox 354 3525 1573 3625; baseline 0.004 -25"><span class='ocrx_word' id='word_1_260' title='bbox 354 3529 469 3623; x_wconf 82' lang='grc' dir='ltr'><strong><em>ὥσπερ</em></strong></span> <span class='ocrx_word' id='word_1_261' title='bbox 490 3525 530 3601; x_wconf 86' lang='grc' dir='ltr'>τὸ</span> <span class='ocrx_word' id='word_1_262' title='bbox 552 3533 779 3619; x_wconf 75' lang='grc' dir='ltr'><strong><em>διαλολυμένον</em></strong></span> <span class='ocrx_word' id='word_1_263' title='bbox 801 3540 909 3623; x_wconf 78' lang='grc' dir='ltr'><strong><em>σχῆμα</em></strong></span> <span class='ocrx_word' id='word_1_264' title='bbox 931 3530 1100 3624; x_wconf 76' lang='grc' dir='ltr'><strong><em>δεινότητα</em></strong></span> <span class='ocrx_word' id='word_1_265' title='bbox 1122 3537 1213 3601; x_wconf 83' lang='grc' dir='ltr'><strong><em>ποιεῖ</em></strong></span> <span class='ocrx_word' id='word_1_266' title='bbox 1235 3585 1303 3618; x_wconf 88' lang='grc'><strong>...,</strong></span> <span class='ocrx_word' id='word_1_267' title='bbox 1331 3530 1415 3602; x_wconf 75' lang='grc' dir='ltr'><strong><em>οὕτω</em></strong></span> <span class='ocrx_word' id='word_1_268' title='bbox 1437 3536 1573 3625; x_wconf 80' lang='grc' dir='ltr'><strong><em>ποιήσοι</em></strong></span> 
     </span>
     <span class='ocr_line' id='line_1_30' title="bbox 353 3631 1571 3728; baseline 0.005 -26"><span class='ocrx_word' id='word_1_269' title='bbox 353 3631 374 3725; x_wconf 80' lang='grc' dir='ltr'>ἡ</span> <span class='ocrx_word' id='word_1_270' title='bbox 407 3635 615 3726; x_wconf 76' lang='grc' dir='ltr'><strong><em>διαλελυμένη</em></strong></span> <span class='ocrx_word' id='word_1_271' title='bbox 648 3632 732 3718; x_wconf 83' lang='grc' dir='ltr'><strong><em>ὅλως</em></strong></span> <span class='ocrx_word' id='word_1_272' title='bbox 765 3635 929 3717; x_wconf 72' lang='grc' dir='ltr'><strong><em>σύνθεσις.</em></strong></span> <span class='ocrx_word' id='word_1_273' title='bbox 966 3643 1098 3728; x_wconf 79' lang='grc' dir='ltr'><strong><em>σημεῖον</em></strong></span> <span class='ocrx_word' id='word_1_274' title='bbox 1131 3637 1168 3705; x_wconf 79' lang='grc' dir='ltr'>δέ</span> <span class='ocrx_word' id='word_1_275' title='bbox 1196 3636 1252 3705; x_wconf 88' lang='grc' dir='ltr'>καὶ</span> <span class='ocrx_word' id='word_1_276' title='bbox 1278 3631 1316 3705; x_wconf 82' lang='grc' dir='ltr'>τὸ</span> <span class='ocrx_word' id='word_1_277' title='bbox 1337 3632 1571 3720; x_wconf 78' lang='grc' dir='ltr'><strong><em>Ἱππώνακτος.</em></strong></span> 
     </span>
     <span class='ocr_line' id='line_1_31' title="bbox 353 3733 1573 3832; baseline 0.006 -27"><span class='ocrx_word' id='word_1_278' title='bbox 353 3739 544 3828; x_wconf 81' lang='grc' dir='ltr'><strong><em>λοιδορῆσαι</em></strong></span> <span class='ocrx_word' id='word_1_279' title='bbox 571 3733 632 3828; x_wconf 79' lang='grc' dir='ltr'>γὰρ</span> <span class='ocrx_word' id='word_1_280' title='bbox 658 3739 852 3826; x_wconf 81' lang='grc' dir='ltr'><strong><em>βουλόμενος</em></strong></span> <span class='ocrx_word' id='word_1_281' title='bbox 878 3735 953 3824; x_wconf 84' lang='grc' dir='ltr'><strong><em>τοὺς</em></strong></span> <span class='ocrx_word' id='word_1_282' title='bbox 976 3735 1114 3831; x_wconf 70' lang='grc' dir='ltr'><strong><em>ἐχθροὺς</em></strong></span> <span class='ocrx_word' id='word_1_283' title='bbox 1140 3737 1287 3829; x_wconf 72' lang='grc' dir='ltr'><strong><em>ἔθραυσε</em></strong></span> <span class='ocrx_word' id='word_1_284' title='bbox 1308 3740 1347 3809; x_wconf 91' lang='grc' dir='ltr'>τδ</span> <span class='ocrx_word' id='word_1_285' title='bbox 1367 3741 1488 3832; x_wconf 79' lang='grc' dir='ltr'><strong><em>μέτρον</em></strong></span> <span class='ocrx_word' id='word_1_286' title='bbox 1517 3743 1573 3812; x_wconf 83' lang='grc' dir='ltr'>καὶ</span> 
     </span>
    </p>
   </div>
   <div class='ocr_carea' id='block_1_6' title="bbox 354 3837 1574 4141">
    <p class='ocr_par' dir='ltr' id='par_1_6' title="bbox 354 3837 1574 4141">
     <span class='ocr_line' id='line_1_32' title="bbox 354 3837 1573 3936; baseline 0.007 -29"><span class='ocrx_word' id='word_1_287' title='bbox 354 3840 494 3930; x_wconf 78' lang='grc' dir='ltr'><strong><em>ἐποίησε</em></strong></span> <span class='ocrx_word' id='word_1_288' title='bbox 526 3839 634 3925; x_wconf 83' lang='grc' dir='ltr'><strong><em>χωλὸν</em></strong></span> <span class='ocrx_word' id='word_1_289' title='bbox 665 3837 739 3912; x_wconf 79' lang='grc' dir='ltr'><strong><em>ἀντὶ</em></strong></span> <span class='ocrx_word' id='word_1_290' title='bbox 774 3839 890 3927; x_wconf 77' lang='grc' dir='ltr'><strong><em>εὐθέος</em></strong></span> <span class='ocrx_word' id='word_1_291' title='bbox 920 3845 976 3914; x_wconf 85' lang='grc' dir='ltr'>καὶ</span> <span class='ocrx_word' id='word_1_292' title='bbox 1009 3837 1194 3936; x_wconf 63' lang='grc' dir='ltr'><strong><em>ἔρρυθμον,</em></strong></span> <span class='ocrx_word' id='word_1_293' title='bbox 1227 3843 1379 3913; x_wconf 78' lang='grc' dir='ltr'><strong><em>τουτέστι</em></strong></span> <span class='ocrx_word' id='word_1_294' title='bbox 1412 3844 1573 3936; x_wconf 75' lang='grc' dir='ltr'><strong><em>δεινότητι</em></strong></span> 
     </span>
     <span class='ocr_line' id='line_1_33' title="bbox 354 3939 1574 4039; baseline 0.006 -28"><span class='ocrx_word' id='word_1_295' title='bbox 354 3943 562 4034; x_wconf 83' lang='grc' dir='ltr'><strong><em>πρέπονωὶ</em></strong></span> <span class='ocrx_word' id='word_1_296' title='bbox 584 3944 749 4038; x_wconf 79' lang='grc' dir='ltr'><strong><em>λοιδορίᾳ·</em></strong></span> <span class='ocrx_word' id='word_1_297' title='bbox 771 3941 892 4039; x_wconf 76' lang='grc' dir='ltr'><strong><em>τὸγὰρ</em></strong></span> <span class='ocrx_word' id='word_1_298' title='bbox 914 3939 1078 4038; x_wconf 77' lang='grc' dir='ltr'><strong><em>τ’δροθμον</em></strong></span> <span class='ocrx_word' id='word_1_299' title='bbox 1104 3947 1160 4016; x_wconf 79' lang='grc' dir='ltr'>καὶ</span> <span class='ocrx_word' id='word_1_300' title='bbox 1187 3941 1318 4038; x_wconf 72' lang='grc' dir='ltr'><strong><em>τῦήιιοον</em></strong></span> <span class='ocrx_word' id='word_1_301' title='bbox 1340 3946 1512 4036; x_wconf 72' lang='grc' dir='ltr'><strong><em>ἐγκωμίοις</em></strong></span> <span class='ocrx_word' id='word_1_302' title='bbox 1533 3943 1574 4018; x_wconf 69' lang='grc' dir='ltr'>ἣν</span> 
     </span>
     <span class='ocr_line' id='line_1_34' title="bbox 355 4043 1026 4141; baseline 0.006 -27"><span class='ocrx_word' id='word_1_303' title='bbox 355 4048 482 4138; x_wconf 85' lang='grc' dir='ltr'><strong><em>πρέποι</em></strong></span> <span class='ocrx_word' id='word_1_304' title='bbox 504 4050 625 4135; x_wconf 84' lang='grc' dir='ltr'><strong><em>μᾶλλον</em></strong></span> <span class='ocrx_word' id='word_1_305' title='bbox 645 4043 666 4141; x_wconf 71' lang='grc' dir='ltr'>’ἦ</span> <span class='ocrx_word' id='word_1_306' title='bbox 689 4050 818 4141; x_wconf 78' lang='grc' dir='ltr'><strong><em>ψόγοις.</em></strong></span> <span class='ocrx_word' id='word_1_307' title='bbox 841 4054 889 4121; x_wconf 83' lang='lat' dir='ltr'>Cf.</span> <span class='ocrx_word' id='word_1_308' title='bbox 910 4058 929 4138; x_wconf 67' lang='grc' dir='ltr'><strong>ξ</strong></span> <span class='ocrx_word' id='word_1_309' title='bbox 953 4057 1026 4119; x_wconf 88' lang='grc'><strong>251.</strong></span> 
     </span>
    </p>
   </div>
   <div class='ocr_carea' id='block_1_7' title="bbox 354 4309 1574 4555">
    <p class='ocr_par' dir='ltr' id='par_1_7' title="bbox 354 4309 1574 4555">
     <span class='ocr_line' id='line_1_35' title="bbox 428 4309 1574 4383; baseline 0.008 -19"><span class='ocrx_word' id='word_1_310' title='bbox 428 4313 451 4376; x_wconf 90' lang='lat'>¹)</span> <span class='ocrx_word' id='word_1_311' title='bbox 470 4309 548 4364; x_wconf 89' lang='lat' dir='ltr'>Haeo</span> <span class='ocrx_word' id='word_1_312' title='bbox 558 4309 640 4365; x_wconf 89' lang='lat' dir='ltr'>lectio</span> <span class='ocrx_word' id='word_1_313' title='bbox 650 4311 754 4366; x_wconf 81' lang='lat' dir='ltr'>tradita</span> <span class='ocrx_word' id='word_1_314' title='bbox 762 4313 786 4366; x_wconf 92' lang='lat' dir='ltr'>si</span> <span class='ocrx_word' id='word_1_315' title='bbox 796 4314 913 4381; x_wconf 74' lang='lat' dir='ltr'>genuina</span> <span class='ocrx_word' id='word_1_316' title='bbox 922 4319 973 4378; x_wconf 87' lang='lat' dir='ltr'>eat,</span> <span class='ocrx_word' id='word_1_317' title='bbox 986 4313 1169 4383; x_wconf 78' lang='lat' dir='ltr'>Quintilianus</span> <span class='ocrx_word' id='word_1_318' title='bbox 1181 4314 1263 4371; x_wconf 82' lang='lat' dir='ltr'>aarha</span> <span class='ocrx_word' id='word_1_319' title='bbox 1275 4315 1449 4383; x_wconf 83' lang='lat' dir='ltr'>transcripsit</span> <span class='ocrx_word' id='word_1_320' title='bbox 1462 4322 1574 4373; x_wconf 83' lang='lat' dir='ltr'>anctore</span> 
     </span>
     <span class='ocr_line' id='line_1_36' title="bbox 354 4395 1571 4470; baseline 0.007 -22"><span class='ocrx_word' id='word_1_321' title='bbox 354 4395 452 4462; x_wconf 86' lang='lat' dir='ltr'>aliquo,</span> <span class='ocrx_word' id='word_1_322' title='bbox 471 4396 515 4463; x_wconf 89' lang='lat' dir='ltr'>qui</span> <span class='ocrx_word' id='word_1_323' title='bbox 534 4397 622 4462; x_wconf 85' lang='lat' dir='ltr'>(velut</span> <span class='ocrx_word' id='word_1_324' title='bbox 636 4395 781 4468; x_wconf 80' lang='lat' dir='ltr'>Dionysius</span> <span class='ocrx_word' id='word_1_325' title='bbox 794 4397 865 4462; x_wconf 86' lang='lat' dir='ltr'>Hal.)</span> <span class='ocrx_word' id='word_1_326' title='bbox 883 4398 1009 4454; x_wconf 86' lang='lat' dir='ltr'>choreum</span> <span class='ocrx_word' id='word_1_327' title='bbox 1029 4397 1123 4467; x_wconf 89' lang='lat' dir='ltr'>pedem</span> <span class='ocrx_word' id='word_1_328' title='bbox 1143 4399 1212 4453; x_wconf 91' lang='lat' dir='ltr'>hunc</span> <span class='ocrx_word' id='word_1_329' title='bbox 1231 4401 1347 4456; x_wconf 88' lang='lat' dir='ltr'>vocabat</span> <span class='ocrx_word' id='word_1_330' title='bbox 1369 4435 1384 4453; x_wconf 58' lang='lat' dir='ltr'>s</span> <span class='ocrx_word' id='word_1_331' title='bbox 1399 4435 1415 4454; x_wconf 60' lang='lat' dir='ltr'>o</span> <span class='ocrx_word' id='word_1_332' title='bbox 1430 4435 1465 4470; x_wconf 58' lang='grc' dir='ltr'>ι,</span> <span class='ocrx_word' id='word_1_333' title='bbox 1486 4417 1571 4470; x_wconf 89' lang='lat' dir='ltr'>nequa</span> 
     </span>
     <span class='ocr_line' id='line_1_37' title="bbox 354 4481 1428 4555; baseline 0.002 -19"><span class='ocrx_word' id='word_1_334' title='bbox 354 4481 514 4538; x_wconf 81' lang='lat' dir='ltr'>recordatus</span> <span class='ocrx_word' id='word_1_335' title='bbox 532 4487 575 4538; x_wconf 86' lang='lat' dir='ltr'>ost</span> <span class='ocrx_word' id='word_1_336' title='bbox 592 4497 621 4538; x_wconf 87' lang='lat' dir='ltr'>se</span> <span class='ocrx_word' id='word_1_337' title='bbox 639 4483 728 4554; x_wconf 89' lang='lat' dir='ltr'>ipsum</span> <span class='ocrx_word' id='word_1_338' title='bbox 747 4483 838 4539; x_wconf 87' lang='lat' dir='ltr'>chorei</span> <span class='ocrx_word' id='word_1_339' title='bbox 857 4485 964 4540; x_wconf 88' lang='lat' dir='ltr'>nomine</span> <span class='ocrx_word' id='word_1_340' title='bbox 982 4483 998 4555; x_wconf 69' lang='lat' dir='ltr'>Q</span> <span class='ocrx_word' id='word_1_341' title='bbox 1015 4485 1050 4540; x_wconf 88' lang='grc'>80</span> <span class='ocrx_word' id='word_1_342' title='bbox 1067 4484 1239 4553; x_wconf 75' lang='grc' dir='ltr'><strong><em>λαοίςοίιίιιο</em></strong></span> <span class='ocrx_word' id='word_1_343' title='bbox 1257 4486 1340 4541; x_wconf 89' lang='lat' dir='ltr'>hunc:</span> <span class='ocrx_word' id='word_1_344' title='bbox 1360 4526 1382 4534; x_wconf 88' lang='lat'>-</span> <span class='ocrx_word' id='word_1_345' title='bbox 1395 4521 1428 4540; x_wconf 63' lang='grc' dir='ltr'><strong><em>ι.</em></strong></span> 
     </span>
    </p>
   </div>
   <div class='ocr_carea' id='block_1_8' title="bbox 0 0 1814 5226">
    <p class='ocr_par' dir='ltr' id='par_1_8' title="bbox 0 0 1814 5226">
     <span class='ocr_line' id='line_1_38' title="bbox 0 0 1814 5226; baseline 0 0"><span class='ocrx_word' id='word_1_346' title='bbox 0 0 1814 5226; x_wconf 95' lang='lat' dir='ltr'> </span> 
     </span>
    </p>
   </div>
  </div>
 </body>
</html>
