3546 5236
962 429 1024 492 140

480 631 536 704 cst,
560 647 624 690 non
649 624 814 689 trabebant.
859 634 996 690 ceterum
1019 645 1173 708 sermone,
1200 634 1315 690 conatu
1343 634 1372 690 et
1398 629 1489 690 omni
1512 629 1607 689 entra

475 741 601 817 paratu
635 733 758 814 facient
794 734 1032 816 impetentium
1070 733 1176 817 fideres.
1235 735 1422 820 eloquentur
1463 733 1607 818 aliquid,

480 840 566 924 qnod
589 848 623 903 tn
646 841 774 920 mopni
797 841 1073 924 <spiritns>
1092 849 1203 926 pates,
1230 841 1311 906 sicut
1335 841 1369 906 0.
1391 841 1523 918 Caesar,
1545 843 1607 925 qui

480 947 586 1011 iratus
608 947 694 1010 caelo
718 947 804 1032 qnocl
827 945 1016 1025 obstreperet
1041 950 1254 1031 pantomimis
1272 980 1538 994 -------
1558 947 1607 1009 acl

481 1071 624 1135 pnpnum
647 1056 771 1118 vocavit
791 1052 900 1118 Ionem
924 1063 952 1118 et
975 1055 1104 1138 quidem
1127 1057 1199 1120 sine
1222 1055 1373 1120 missione
1396 1053 1606 1119 Homericam

478 1158 571 1222 illum
595 1159 778 1224 exclamans
802 1179 943 1224 versum:
970 1156 990 1243 ἤ
1015 1154 1045 1244 μ’
1070 1155 1181 1243 ἀνάειρ’
1205 1157 1226 1245 ἢ
1249 1160 1308 1242 ἐγὼ
1331 1164 1373 1223 σέ.

372 1285 473 1345 totum
498 1281 656 1367 exscripsi
680 1281 795 1360 locum,
820 1288 855 1346 nt
878 1291 1053 1367 appareret
1072 1283 1233 1350 erravisse
1249 1283 1413 1350 Gertzium
1428 1281 1604 1348 Kochinm-

372 1406 434 1470 que
457 1395 532 1474 post
554 1394 667 1476 moprri
688 1389 880 1454 vocabulum
909 1395 1015 1456 arcini
1037 1389 1089 1456 vel
1117 1395 1258 1478 spiritus
1282 1391 1460 1456 inserentes
1487 1389 1541 1456 vel
1563 1389 1605 1454 id

372 1493 405 1558 in
427 1517 577 1576 mupnrm
600 1503 771 1562 mutantes.
815 1494 958 1562 ostendit
981 1495 1065 1561 enim
1090 1495 1215 1563 Seneca
1238 1497 1398 1564 neminem
1420 1495 1529 1580 magni
1552 1495 1605 1561 in-

372 1600 460 1683 genii
485 1621 559 1668 esse
581 1622 689 1688 posse,
714 1603 777 1672 nisi
801 1603 856 1688 qni
871 1603 947 1668 boni
966 1602 1017 1686 sit,
1040 1603 1139 1688 idque
1159 1603 1222 1670 Gai
1237 1604 1384 1690 exemplo
1404 1602 1605 1690 comprobat

370 1726 471 1789 qnare
503 1715 578 1793 post
609 1715 720 1796 mupni
750 1729 861 1776 vocem
894 1707 1069 1775 admodum
1102 1711 1238 1777 similem
1270 1717 1404 1799 inpeni
1436 1709 1604 1777 excidisse

370 1814 471 1880 multo
494 1815 622 1882 videtur
643 1816 852 1902 probabilius.

477 1939 522 2005 de
546 1941 604 2006 ira
627 1941 658 2005 II
678 1945 729 2026 33,
744 1945 779 2009 6:
802 1947 1042 2030 contempsisset
1065 1943 1273 2010 Romanum
1292 1953 1457 2030 patrem,
1480 1945 1511 2008 si
1534 1941 1605 2008 sibi

476 2053 650 2116 timuisset:
676 2073 763 2116 nnnc
787 2055 871 2116 iram
894 2055 1075 2137 conpescuit
1094 2054 1211 2137 pietas.

369 2168 459 2236 dicta
482 2179 557 2237 sunt
580 2171 661 2238 haec
685 2172 727 2240 de
750 2173 896 2256 Pastore,
920 2171 1093 2259 splendido
1118 2174 1225 2257 equite
1244 2173 1398 2256 Romano,
1422 2171 1477 2255 qui
1500 2171 1602 2236 inter·

368 2277 453 2343 fecto
477 2278 581 2344 altero
604 2279 671 2344 filio
696 2279 814 2346 aGaio
829 2279 872 2345 ad
888 2301 999 2346 cenam
1015 2279 1181 2345 adhibitus
1195 2279 1316 2345 nullum
1331 2277 1453 2344 doloris
1469 2279 1601 2360 signum

368 2384 524 2469 ostendit,
557 2406 597 2452 ne
630 2386 713 2452 alter
745 2406 872 2470 quoque
899 2386 1108 2470 iugularetur.
1164 2407 1248 2470 quac
1279 2386 1381 2452 verba
1411 2383 1601 2467 Madvigius

368 2495 519 2572 (advers.
544 2497 614 2560 crit.
632 2493 664 2557 11
687 2514 718 2580 p.
739 2495 819 2578 390)
846 2494 893 2558 ita
923 2513 1040 2560 sanare
1070 2501 1205 2560 conatus
1230 2499 1281 2560 est
1302 2500 1338 2558 nt
1359 2497 1601 2579 contempsisset

368 2609 545 2686 tyrannum
564 2611 660 2688 poter
683 2599 877 2681 scriberet⁶).
913 2621 1028 2667 vercor
1051 2608 1158 2666 tamen
1181 2607 1216 2666 ut
1234 2599 1316 2666 haec
1331 2599 1516 2666 coniectura
1529 2605 1600 2663 tam

367 2713 457 2772 certa
476 2705 519 2773 sit
539 2727 634 2790 quam
653 2707 724 2792 ipse
740 2727 812 2774 eam
825 2705 1004 2793 praedicat.
1028 2707 1212 2792 negandum
1227 2715 1277 2774 est
1291 2706 1431 2774 futurum
1446 2706 1548 2772 inisse
1562 2713 1599 2770 nt

367 2813 486 2879 Pastor
501 2813 617 2880 Gaium
639 2821 866 2898 contemneret,
890 2815 918 2880 si
942 2813 1002 2880 sibi
1028 2815 1197 2884 timuisset.
1236 2835 1340 2899 neque
1356 2813 1440 2881 enim
1455 2831 1598 2896 unquam

367 2919 462 2985 timor
486 2927 688 3006 contemptus
712 2928 762 2988 est
785 2920 946 2988 indicium.
978 2922 1170 2988 Romanus
1192 2942 1269 2989 vero
1292 2927 1404 3008 pater
1427 2919 1598 3005 aptissime

367 3025 446 3092 mihi
460 3027 516 3092 ille
529 3026 659 3093 videtur
673 3026 779 3094 dictus
794 3049 876 3113 csse,
890 3029 968 3113 quia
979 3027 1296 3116 praeceditGraeci
1309 3029 1452 3114 patris,
1466 3025 1595 3108 Priami,

364 3135 494 3200 mentio.
526 3133 586 3200 sed
610 3133 703 3201 deest
725 3153 841 3202 nomen
863 3156 885 3200 a
908 3155 970 3220 quo
989 3136 1169 3202 accusativi
1191 3135 1363 3222 pendeant.
1396 3133 1484 3218 quod
1497 3132 1594 3217 qnalc

365 3241 462 3308 inerit
488 3241 610 3325 ambigi
638 3249 756 3327 potest.
806 3250 876 3307 crat
903 3263 974 3308 cum
1003 3241 1104 3310 fretus
1133 3242 1294 3310 simillimo
1324 3241 1397 3306 loco
1422 3240 1463 3308 de
1489 3239 1593 3306 benef.

364 3348 396 3411 11
423 3351 471 3432 12,
495 3353 515 3413 2
548 3354 727 3436 imperator·
756 3357 832 3434 post
860 3361 988 3436 patrem
1016 3348 1223 3415 inserendum
1249 3355 1406 3434 putarem.
1454 3345 1594 3414 fortune

365 3462 474 3520 minen
498 3462 574 3520 ante
598 3457 780 3523 Romanam
803 3455 882 3521 nibil
907 3455 1027 3522 excidit
1050 3456 1113 3522 nisi
1139 3461 1173 3526 O.
1217 3455 1279 3522 boc
1302 3455 1330 3522 si
1353 3453 1592 3532 immunimus,

362 3580 426 3626 non
450 3562 669 3629 necessarium
698 3562 759 3628 erit
786 3561 821 3627 in
850 3582 889 3628 eo
917 3562 1003 3646 quod
1034 3563 1178 3647 seqnitur
1205 3564 1371 3630 enuntiato
1390 3567 1592 3650 permitteret

363 3687 434 3734 cum
457 3667 689 3752 Wesenbergio
713 3669 746 3733 in
764 3672 1007 3756 permitteretur
1029 3679 1162 3736 mutare.

452 3792 498 3859 de
521 3793 579 3859 ira
603 3794 634 3858 ΙΙ
658 3797 710 3872 35,
735 3797 772 3862 6:
801 3803 973 3880 postquam
1003 3794 1128 3860 Seneca
1155 3792 1330 3878 imaginem
1356 3793 1434 3870 irae,
1464 3791 1593 3876 qualem

362 3899 435 3985 ipse
459 3919 531 3967 eam
554 3908 654 3986 putet,
679 3901 880 3986 deformavit,
904 3901 986 3968 haec
1009 3899 1114 3966 addit:

468 4007 527 4092 ccl,
549 4014 579 4075 si
602 4013 741 4094 cicietur,
764 4013 808 4077 sit
831 4011 940 4098 qualis
963 4013 1054 4097 apud
1075 4015 1161 4077 cates
1184 4019 1313 4076 nostros
1337 4014 1392 4092 cst,

522 4121 737 4200 scrnpoinmm
760 4121 910 4205 quatiens
934 4119 1051 4184 clastra
1072 4117 1209 4183 Bellona
1230 4116 1404 4202 flagellem,

522 4238 586 4289 aret
608 4229 735 4290 scissa
757 4227 904 4310 pendeus
927 4226 1020 4290 cadit
1042 4223 1220 4290 Discordia
1239 4224 1345 4310 palla,

359 4340 416 4398 ant
438 4335 470 4397 si
492 4353 557 4418 qno
580 4335 683 4415 mapis
708 4333 785 4396 diro
806 4332 907 4414 facies
931 4333 1109 4417 excapitari
1133 4332 1203 4396 diri
1226 4331 1371 4413 odiamus
1389 4334 1505 4414 potest.

452 4613 473 4682 ⁸)
497 4615 627 4669 similiter
649 4613 804 4670 Guilelmus
831 4613 953 4678 Gemoll,
982 4613 1060 4668 ciuus
1087 4613 1273 4669 coniecturam
1300 4611 1429 4682 probavit
1456 4613 1594 4678 Gerizim,

358 4705 441 4760 scribi
459 4704 549 4759 voluit
567 4713 746 4773 tyrannam
765 4704 894 4758 Pastor.
