<?xml version="1.0" encoding="UTF-8"?>
<!DOCTYPE html PUBLIC "-//W3C//DTD XHTML 1.0 Transitional//EN"
    "http://www.w3.org/TR/xhtml1/DTD/xhtml1-transitional.dtd">
<html xmlns="http://www.w3.org/1999/xhtml" xml:lang="en" lang="en">
 <head>
  <title>
</title>
<meta http-equiv="Content-Type" content="text/html;charset=utf-8" />
  <meta name='ocr-system' content='tesseract 3.04.00' />
  <meta name='ocr-capabilities' content='ocr_page ocr_carea ocr_par ocr_line ocrx_word'/>
</head>
<body>
  <div class='ocr_page' id='page_1' title='image "./destoicorumstud00strigoog_0530.png"; bbox 0 0 3634 5218; ppageno 0'>
   <div class='ocr_carea' id='block_1_1' title="bbox 840 431 876 490">
    <p class='ocr_par' dir='ltr' id='par_1_1' title="bbox 840 431 876 490">
     <span class='ocr_line' id='line_1_1' title="bbox 840 431 876 490; baseline 0 0"><span class='ocrx_word' id='word_1_1' title='bbox 840 431 876 490; x_wconf 87' lang='grc'>41</span> 
     </span>
    </p>
   </div>
   <div class='ocr_carea' id='block_1_2' title="bbox 755 513 966 524">
    <p class='ocr_par' dir='ltr' id='par_1_2' title="bbox 755 513 966 524">
     <span class='ocr_line' id='line_1_2' title="bbox 755 513 966 524; baseline 0.009 -2"><span class='ocrx_word' id='word_1_2' title='bbox 755 513 966 524; x_wconf 79' lang='lat'>————-</span> 
     </span>
    </p>
   </div>
   <div class='ocr_carea' id='block_1_3' title="bbox 242 648 1520 4516">
    <p class='ocr_par' dir='ltr' id='par_1_3' title="bbox 242 648 1520 4516">
     <span class='ocr_line' id='line_1_3' title="bbox 254 648 1471 735; baseline 0.004 -24"><span class='ocrx_word' id='word_1_3' title='bbox 254 648 347 713; x_wconf 90' lang='lat' dir='ltr'>Isidis</span> <span class='ocrx_word' id='word_1_4' title='bbox 397 655 429 713; x_wconf 87' lang='lat' dir='ltr'>et</span> <span class='ocrx_word' id='word_1_5' title='bbox 482 651 603 716; x_wconf 89' lang='lat' dir='ltr'>Cereris</span> <span class='ocrx_word' id='word_1_6' title='bbox 652 650 841 714; x_wconf 80' lang='lat' dir='ltr'>Eleusinios.</span> <span class='ocrx_word' id='word_1_7' title='bbox 885 671 962 716; x_wconf 91' lang='lat' dir='ltr'>num</span> <span class='ocrx_word' id='word_1_8' title='bbox 995 657 1027 716; x_wconf 87' lang='lat' dir='ltr'>et</span> <span class='ocrx_word' id='word_1_9' title='bbox 1060 652 1287 717; x_wconf 79' lang='lat' dir='ltr'>civitatibus</span> <span class='ocrx_word' id='word_1_10' title='bbox 1318 654 1354 717; x_wconf 94' lang='lat' dir='ltr'>in</span> <span class='ocrx_word' id='word_1_11' title='bbox 1391 654 1471 735; x_wconf 91' lang='lat' dir='ltr'>qui-</span> 
     </span>
     <span class='ocr_line' id='line_1_4' title="bbox 255 750 1470 837; baseline 0.007 -25"><span class='ocrx_word' id='word_1_12' title='bbox 255 752 274 812; x_wconf 82' lang='lat'>2</span> <span class='ocrx_word' id='word_1_13' title='bbox 304 750 454 816; x_wconf 87' lang='lat' dir='ltr'>Prodious</span> <span class='ocrx_word' id='word_1_14' title='bbox 489 753 675 836; x_wconf 74' lang='lat' dir='ltr'><strong>adsumptus</strong></span> <span class='ocrx_word' id='word_1_15' title='bbox 708 754 739 816; x_wconf 92' lang='lat' dir='ltr'>in</span> <span class='ocrx_word' id='word_1_16' title='bbox 768 754 841 818; x_wconf 91' lang='lat' dir='ltr'>deos</span> <span class='ocrx_word' id='word_1_17' title='bbox 885 756 954 818; x_wconf 93' lang='lat' dir='ltr'>bus</span> <span class='ocrx_word' id='word_1_18' title='bbox 986 754 1066 818; x_wconf 91' lang='lat' dir='ltr'>nati</span> <span class='ocrx_word' id='word_1_19' title='bbox 1094 757 1198 830; x_wconf 90' lang='lat' dir='ltr'>sunt,</span> <span class='ocrx_word' id='word_1_20' title='bbox 1233 759 1265 819; x_wconf 92' lang='lat' dir='ltr'>et</span> <span class='ocrx_word' id='word_1_21' title='bbox 1291 755 1470 837; x_wconf 81' lang='lat' dir='ltr'>regionibus</span> 
     </span>
     <span class='ocr_line' id='line_1_5' title="bbox 255 853 1471 940; baseline 0.006 -24"><span class='ocrx_word' id='word_1_22' title='bbox 255 853 411 935; x_wconf 92' lang='lat' dir='ltr'>loquitur,</span> <span class='ocrx_word' id='word_1_23' title='bbox 442 855 496 936; x_wconf 90' lang='lat' dir='ltr'>qui</span> <span class='ocrx_word' id='word_1_24' title='bbox 520 855 651 920; x_wconf 86' lang='lat' dir='ltr'>errando</span> <span class='ocrx_word' id='word_1_25' title='bbox 673 856 841 920; x_wconf 82' lang='lat' dir='ltr'>inuentis</span> <span class='ocrx_word' id='word_1_26' title='bbox 884 857 916 919; x_wconf 93' lang='lat' dir='ltr'>in</span> <span class='ocrx_word' id='word_1_27' title='bbox 939 857 1053 938; x_wconf 91' lang='lat' dir='ltr'>quibus</span> <span class='ocrx_word' id='word_1_28' title='bbox 1073 857 1190 939; x_wconf 88' lang='lat' dir='ltr'>aliquid</span> <span class='ocrx_word' id='word_1_29' title='bbox 1206 857 1323 940; x_wconf 90' lang='lat' dir='ltr'>operati</span> <span class='ocrx_word' id='word_1_30' title='bbox 1340 858 1471 938; x_wconf 87' lang='lat' dir='ltr'>vestigia</span> 
     </span>
     <span class='ocr_line' id='line_1_6' title="bbox 255 956 1471 1042; baseline 0.003 -24"><span class='ocrx_word' id='word_1_31' title='bbox 255 957 342 1019; x_wconf 82' lang='lat' dir='ltr'>novis</span> <span class='ocrx_word' id='word_1_32' title='bbox 371 956 548 1038; x_wconf 81' lang='lat' dir='ltr'>frugibus</span> <span class='ocrx_word' id='word_1_33' title='bbox 583 957 711 1022; x_wconf 89' lang='lat' dir='ltr'>utilitati</span> <span class='ocrx_word' id='word_1_34' title='bbox 742 958 842 1022; x_wconf 90' lang='lat' dir='ltr'>bomi-</span> <span class='ocrx_word' id='word_1_35' title='bbox 884 960 1094 1042; x_wconf 86' lang='lat' dir='ltr'>reliquerunt,</span> <span class='ocrx_word' id='word_1_36' title='bbox 1135 961 1170 1022; x_wconf 90' lang='lat' dir='ltr'>in</span> <span class='ocrx_word' id='word_1_37' title='bbox 1217 959 1354 1042; x_wconf 92' lang='lat' dir='ltr'>quibus</span> <span class='ocrx_word' id='word_1_38' title='bbox 1404 961 1471 1025; x_wconf 89' lang='lat' dir='ltr'>eti-</span> 
     </span>
     <span class='ocr_line' id='line_1_7' title="bbox 255 1059 1469 1145; baseline 0.005 -25"><span class='ocrx_word' id='word_1_39' title='bbox 255 1077 331 1122; x_wconf 89' lang='lat' dir='ltr'>uum</span> <span class='ocrx_word' id='word_1_40' title='bbox 354 1059 547 1142; x_wconf 82' lang='lat' dir='ltr'>profuerunt.</span> <span class='ocrx_word' id='word_1_41' title='bbox 569 1060 602 1122; x_wconf 91' lang='lat' dir='ltr'>in</span> <span class='ocrx_word' id='word_1_42' title='bbox 625 1060 756 1124; x_wconf 86' lang='lat' dir='ltr'>eandem</span> <span class='ocrx_word' id='word_1_43' title='bbox 771 1079 842 1124; x_wconf 90' lang='lat' dir='ltr'>sen·</span> <span class='ocrx_word' id='word_1_44' title='bbox 886 1081 941 1126; x_wconf 90' lang='lat' dir='ltr'>am</span> <span class='ocrx_word' id='word_1_45' title='bbox 971 1061 1116 1145; x_wconf 80' lang='lat' dir='ltr'>sepulti</span> <span class='ocrx_word' id='word_1_46' title='bbox 1145 1063 1469 1127; x_wconf 80' lang='lat' dir='ltr'>demonstrantur.</span> 
     </span>
     <span class='ocr_line' id='line_1_8' title="bbox 255 1161 1470 1247; baseline 0.003 -23"><span class='ocrx_word' id='word_1_47' title='bbox 255 1161 388 1225; x_wconf 90' lang='lat' dir='ltr'>tentiam</span> <span class='ocrx_word' id='word_1_48' title='bbox 412 1166 445 1226; x_wconf 91' lang='lat' dir='ltr'>et</span> <span class='ocrx_word' id='word_1_49' title='bbox 466 1162 619 1226; x_wconf 87' lang='lat' dir='ltr'>Persaeus</span> <span class='ocrx_word' id='word_1_50' title='bbox 642 1162 841 1244; x_wconf 91' lang='lat' dir='ltr'>philosopha·</span> <span class='ocrx_word' id='word_1_51' title='bbox 885 1163 992 1228; x_wconf 85' lang='lat' dir='ltr'>Nune</span> <span class='ocrx_word' id='word_1_52' title='bbox 1017 1182 1107 1246; x_wconf 89' lang='lat' dir='ltr'>ergo</span> <span class='ocrx_word' id='word_1_53' title='bbox 1134 1183 1198 1247; x_wconf 89' lang='lat' dir='ltr'>per</span> <span class='ocrx_word' id='word_1_54' title='bbox 1220 1163 1390 1245; x_wconf 88' lang='lat' dir='ltr'>singulos</span> <span class='ocrx_word' id='word_1_55' title='bbox 1413 1165 1470 1230; x_wconf 84' lang='lat' dir='ltr'>de-</span> 
     </span>
     <span class='ocr_line' id='line_1_9' title="bbox 255 1263 1470 1344; baseline 0.006 -19"><span class='ocrx_word' id='word_1_56' title='bbox 255 1263 306 1326; x_wconf 91' lang='lat' dir='ltr'>tur</span> <span class='ocrx_word' id='word_1_57' title='bbox 335 1266 367 1327; x_wconf 87' lang='lat' dir='ltr'>et</span> <span class='ocrx_word' id='word_1_58' title='bbox 395 1264 535 1329; x_wconf 75' lang='lat' dir='ltr'>adnectit</span> <span class='ocrx_word' id='word_1_59' title='bbox 560 1265 738 1328; x_wconf 87' lang='lat' dir='ltr'>inventas</span> <span class='ocrx_word' id='word_1_60' title='bbox 767 1265 842 1327; x_wconf 87' lang='lat' dir='ltr'>fru-</span> <span class='ocrx_word' id='word_1_61' title='bbox 884 1283 1041 1341; x_wconf 81' lang='lat' dir='ltr'>curram,</span> <span class='ocrx_word' id='word_1_62' title='bbox 1075 1271 1123 1331; x_wconf 91' lang='lat' dir='ltr'>tot</span> <span class='ocrx_word' id='word_1_63' title='bbox 1150 1286 1186 1331; x_wconf 84' lang='lat' dir='ltr'>aa</span> <span class='ocrx_word' id='word_1_64' title='bbox 1214 1269 1333 1340; x_wconf 86' lang='lat' dir='ltr'>tantos,</span> <span class='ocrx_word' id='word_1_65' title='bbox 1366 1285 1470 1344; x_wconf 78' lang='lat' dir='ltr'>novoe,</span> 
     </span>
     <span class='ocr_line' id='line_1_10' title="bbox 255 1365 1470 1449; baseline 0.004 -20"><span class='ocrx_word' id='word_1_66' title='bbox 255 1383 318 1446; x_wconf 87' lang='lat' dir='ltr'>ges</span> <span class='ocrx_word' id='word_1_67' title='bbox 341 1369 374 1430; x_wconf 90' lang='lat' dir='ltr'>et</span> <span class='ocrx_word' id='word_1_68' title='bbox 395 1365 549 1448; x_wconf 83' lang='lat' dir='ltr'>frugum</span> <span class='ocrx_word' id='word_1_69' title='bbox 566 1367 702 1449; x_wconf 91' lang='lat' dir='ltr'>ipsarum</span> <span class='ocrx_word' id='word_1_70' title='bbox 719 1385 841 1449; x_wconf 89' lang='lat' dir='ltr'>reper—</span> <span class='ocrx_word' id='word_1_71' title='bbox 885 1372 1021 1443; x_wconf 89' lang='lat' dir='ltr'>veteres,</span> <span class='ocrx_word' id='word_1_72' title='bbox 1052 1371 1213 1446; x_wconf 89' lang='lat' dir='ltr'>barbaros,</span> <span class='ocrx_word' id='word_1_73' title='bbox 1237 1369 1386 1446; x_wconf 76' lang='lat' dir='ltr'>Graecae,</span> <span class='ocrx_word' id='word_1_74' title='bbox 1409 1370 1470 1434; x_wconf 87' lang='lat' dir='ltr'>Ro-</span> 
     </span>
     <span class='ocr_line' id='line_1_11' title="bbox 255 1469 1468 1555; baseline 0.006 -26"><span class='ocrx_word' id='word_1_75' title='bbox 255 1472 358 1532; x_wconf 88' lang='lat' dir='ltr'>tores</span> <span class='ocrx_word' id='word_1_76' title='bbox 385 1469 486 1533; x_wconf 90' lang='lat' dir='ltr'>isdem</span> <span class='ocrx_word' id='word_1_77' title='bbox 509 1469 702 1542; x_wconf 91' lang='lat' dir='ltr'>nominibus,</span> <span class='ocrx_word' id='word_1_78' title='bbox 733 1471 769 1531; x_wconf 90' lang='lat' dir='ltr'>ut</span> <span class='ocrx_word' id='word_1_79' title='bbox 791 1487 841 1532; x_wconf 91' lang='lat' dir='ltr'>oo-</span> <span class='ocrx_word' id='word_1_80' title='bbox 884 1491 1007 1547; x_wconf 89' lang='lat' dir='ltr'>manos,</span> <span class='ocrx_word' id='word_1_81' title='bbox 1065 1475 1259 1554; x_wconf 86' lang='lat' dir='ltr'>peregrinos,</span> <span class='ocrx_word' id='word_1_82' title='bbox 1320 1472 1468 1555; x_wconf 74' lang='lat' dir='ltr'>captivos</span> 
     </span>
     <span class='ocr_line' id='line_1_12' title="bbox 254 1570 1469 1658; baseline 0.003 -24"><span class='ocrx_word' id='word_1_83' title='bbox 254 1570 354 1636; x_wconf 86' lang='lat' dir='ltr'>miens</span> <span class='ocrx_word' id='word_1_84' title='bbox 378 1591 479 1637; x_wconf 89' lang='lat' dir='ltr'>sermo</span> <span class='ocrx_word' id='word_1_85' title='bbox 502 1574 563 1646; x_wconf 90' lang='lat' dir='ltr'>est,</span> <span class='ocrx_word' id='word_1_86' title='bbox 594 1571 749 1634; x_wconf 88' lang='lat' dir='ltr'>Venerem</span> <span class='ocrx_word' id='word_1_87' title='bbox 773 1571 840 1634; x_wconf 88' lang='lat' dir='ltr'>sine</span> <span class='ocrx_word' id='word_1_88' title='bbox 885 1574 1059 1658; x_wconf 85' lang='lat' dir='ltr'>adoptivos,</span> <span class='ocrx_word' id='word_1_89' title='bbox 1092 1573 1245 1657; x_wconf 88' lang='lat' dir='ltr'>proprios,</span> <span class='ocrx_word' id='word_1_90' title='bbox 1277 1593 1469 1650; x_wconf 86' lang='lat' dir='ltr'>communes,</span> 
     </span>
     <span class='ocr_line' id='line_1_13' title="bbox 254 1672 1470 1754; baseline 0.003 -18"><span class='ocrx_word' id='word_1_91' title='bbox 254 1672 395 1738; x_wconf 85' lang='lat' dir='ltr'>Libero</span> <span class='ocrx_word' id='word_1_92' title='bbox 444 1679 476 1738; x_wconf 92' lang='lat' dir='ltr'>et</span> <span class='ocrx_word' id='word_1_93' title='bbox 526 1674 665 1739; x_wconf 86' lang='lat' dir='ltr'>Cerere</span> <span class='ocrx_word' id='word_1_94' title='bbox 720 1673 839 1754; x_wconf 79' lang='lat' dir='ltr'>frigere</span> <span class='ocrx_word' id='word_1_95' title='bbox 885 1677 1057 1751; x_wconf 81' lang='lat' dir='ltr'>massulos,</span> <span class='ocrx_word' id='word_1_96' title='bbox 1081 1677 1229 1753; x_wconf 85' lang='lat' dir='ltr'>feminas,</span> <span class='ocrx_word' id='word_1_97' title='bbox 1252 1678 1395 1753; x_wconf 88' lang='lat' dir='ltr'>rustioos‚</span> <span class='ocrx_word' id='word_1_98' title='bbox 1418 1696 1470 1741; x_wconf 84' lang='lat' dir='ltr'>ui·-</span> 
     </span>
     <span class='ocr_line' id='line_1_14' title="bbox 256 1773 1469 1858; baseline 0.007 -22"><span class='ocrx_word' id='word_1_99' title='bbox 256 1775 274 1836; x_wconf 89' lang='lat'><strong>3</strong></span> <span class='ocrx_word' id='word_1_100' title='bbox 297 1776 473 1841; x_wconf 79' lang='lat' dir='ltr'>Alexander</span> <span class='ocrx_word' id='word_1_101' title='bbox 494 1777 546 1840; x_wconf 91' lang='lat' dir='ltr'>ille</span> <span class='ocrx_word' id='word_1_102' title='bbox 568 1773 702 1856; x_wconf 84' lang='lat' dir='ltr'>Magnus</span> <span class='ocrx_word' id='word_1_103' title='bbox 724 1776 839 1858; x_wconf 81' lang='lat' dir='ltr'>insigni</span> <span class='ocrx_word' id='word_1_104' title='bbox 885 1780 992 1854; x_wconf 88' lang='lat' dir='ltr'>banos,</span> <span class='ocrx_word' id='word_1_105' title='bbox 1008 1779 1158 1852; x_wconf 81' lang='lat' dir='ltr'>nauticos,</span> <span class='ocrx_word' id='word_1_106' title='bbox 1173 1779 1347 1844; x_wconf 85' lang='lat' dir='ltr'>militares?</span> <span class='ocrx_word' id='word_1_107' title='bbox 1370 1779 1469 1845; x_wconf 92' lang='lat' dir='ltr'>Otio-</span> 
     </span>
     <span class='ocr_line' id='line_1_15' title="bbox 254 1877 1470 1965; baseline 0.005 -25"><span class='ocrx_word' id='word_1_108' title='bbox 254 1877 410 1943; x_wconf 86' lang='lat' dir='ltr'>volumine</span> <span class='ocrx_word' id='word_1_109' title='bbox 434 1879 622 1943; x_wconf 88' lang='lat' dir='ltr'>admatrem</span> <span class='ocrx_word' id='word_1_110' title='bbox 639 1878 840 1961; x_wconf 82' lang='lat' dir='ltr'>suamson&#39;p</span> <span class='ocrx_word' id='word_1_111' title='bbox 884 1901 965 1946; x_wconf 90' lang='lat' dir='ltr'>sum</span> <span class='ocrx_word' id='word_1_112' title='bbox 992 1884 1052 1946; x_wconf 90' lang='lat' dir='ltr'>est</span> <span class='ocrx_word' id='word_1_113' title='bbox 1080 1881 1195 1944; x_wconf 91' lang='lat' dir='ltr'>etiam</span> <span class='ocrx_word' id='word_1_114' title='bbox 1223 1882 1364 1945; x_wconf 91' lang='lat' dir='ltr'>titulos</span> <span class='ocrx_word' id='word_1_115' title='bbox 1391 1901 1470 1965; x_wconf 90' lang='lat' dir='ltr'>per-</span> 
     </span>
     <span class='ocr_line' id='line_1_16' title="bbox 254 1980 1470 2066; baseline 0.006 -24"><span class='ocrx_word' id='word_1_116' title='bbox 254 1980 309 2056; x_wconf 80' lang='lat' dir='ltr'>sib,</span> <span class='ocrx_word' id='word_1_117' title='bbox 338 1985 426 2045; x_wconf 90' lang='lat' dir='ltr'>metu</span> <span class='ocrx_word' id='word_1_118' title='bbox 456 2000 531 2044; x_wconf 88' lang='lat' dir='ltr'>suae</span> <span class='ocrx_word' id='word_1_119' title='bbox 558 1981 722 2062; x_wconf 88' lang='lat' dir='ltr'>potestatis</span> <span class='ocrx_word' id='word_1_120' title='bbox 740 1980 841 2064; x_wconf 95' lang='lat' dir='ltr'>prodi·</span> <span class='ocrx_word' id='word_1_121' title='bbox 884 1985 1005 2066; x_wconf 88' lang='lat' dir='ltr'>sequi,</span> <span class='ocrx_word' id='word_1_122' title='bbox 1034 1988 1070 2047; x_wconf 88' lang='lat' dir='ltr'>ut</span> <span class='ocrx_word' id='word_1_123' title='bbox 1097 1984 1240 2065; x_wconf 79' lang='lat' dir='ltr'>colligam</span> <span class='ocrx_word' id='word_1_124' title='bbox 1267 1985 1301 2046; x_wconf 95' lang='lat' dir='ltr'>in</span> <span class='ocrx_word' id='word_1_125' title='bbox 1324 2003 1470 2066; x_wconf 87' lang='lat' dir='ltr'>oompen-</span> 
     </span>
     <span class='ocr_line' id='line_1_17' title="bbox 253 2082 1468 2168; baseline 0.005 -24"><span class='ocrx_word' id='word_1_126' title='bbox 253 2084 322 2146; x_wconf 87' lang='lat' dir='ltr'>tum</span> <span class='ocrx_word' id='word_1_127' title='bbox 358 2083 417 2147; x_wconf 93' lang='lat' dir='ltr'>sibi</span> <span class='ocrx_word' id='word_1_128' title='bbox 452 2083 489 2147; x_wconf 91' lang='lat' dir='ltr'>de</span> <span class='ocrx_word' id='word_1_129' title='bbox 524 2083 582 2147; x_wconf 91' lang='lat' dir='ltr'>diis</span> <span class='ocrx_word' id='word_1_130' title='bbox 613 2082 793 2147; x_wconf 89' lang='lat' dir='ltr'>hominibus</span> <span class='ocrx_word' id='word_1_131' title='bbox 821 2103 839 2147; x_wconf 92' lang='lat' dir='ltr'>a</span> <span class='ocrx_word' id='word_1_132' title='bbox 883 2087 978 2162; x_wconf 91' lang='lat' dir='ltr'>dium,</span> <span class='ocrx_word' id='word_1_133' title='bbox 994 2089 1026 2150; x_wconf 92' lang='lat' dir='ltr'>et</span> <span class='ocrx_word' id='word_1_134' title='bbox 1040 2086 1098 2150; x_wconf 87' lang='lat' dir='ltr'>hoe</span> <span class='ocrx_word' id='word_1_135' title='bbox 1114 2106 1175 2151; x_wconf 91' lang='lat' dir='ltr'>non</span> <span class='ocrx_word' id='word_1_136' title='bbox 1191 2106 1251 2168; x_wconf 90' lang='lat' dir='ltr'>quo</span> <span class='ocrx_word' id='word_1_137' title='bbox 1263 2087 1468 2168; x_wconf 77' lang='lat' dir='ltr'>cognoscatis,</span> 
     </span>
     <span class='ocr_line' id='line_1_18' title="bbox 256 2183 1468 2271; baseline 0.006 -25"><span class='ocrx_word' id='word_1_138' title='bbox 256 2186 415 2249; x_wconf 78' lang='lat' dir='ltr'>sacerdote</span> <span class='ocrx_word' id='word_1_139' title='bbox 440 2190 611 2250; x_wconf 88' lang='lat' dir='ltr'>seoretum:</span> <span class='ocrx_word' id='word_1_140' title='bbox 637 2184 702 2248; x_wconf 88' lang='lat' dir='ltr'>illio</span> <span class='ocrx_word' id='word_1_141' title='bbox 725 2183 840 2249; x_wconf 89' lang='lat' dir='ltr'>Vuloa-</span> <span class='ocrx_word' id='word_1_142' title='bbox 883 2189 938 2253; x_wconf 92' lang='lat' dir='ltr'>sed</span> <span class='ocrx_word' id='word_1_143' title='bbox 972 2189 1210 2271; x_wconf 76' lang='lat' dir='ltr'>recognoscatis.</span> <span class='ocrx_word' id='word_1_144' title='bbox 1259 2189 1351 2254; x_wconf 84' lang='lat' dir='ltr'>Certe</span> <span class='ocrx_word' id='word_1_145' title='bbox 1384 2191 1468 2254; x_wconf 90' lang='lat' dir='ltr'>enim</span> 
     </span>
     <span class='ocr_line' id='line_1_19' title="bbox 253 2287 1121 2372; baseline 0.006 -24"><span class='ocrx_word' id='word_1_146' title='bbox 253 2303 331 2350; x_wconf 88' lang='lat' dir='ltr'>num</span> <span class='ocrx_word' id='word_1_147' title='bbox 354 2287 431 2351; x_wconf 86' lang='lat' dir='ltr'>faoit</span> <span class='ocrx_word' id='word_1_148' title='bbox 445 2289 587 2352; x_wconf 90' lang='lat' dir='ltr'>omnium</span> <span class='ocrx_word' id='word_1_149' title='bbox 602 2287 784 2369; x_wconf 85' lang='lat' dir='ltr'>prinoipem,</span> <span class='ocrx_word' id='word_1_150' title='bbox 808 2291 840 2352; x_wconf 92' lang='lat' dir='ltr'>et</span> <span class='ocrx_word' id='word_1_151' title='bbox 883 2291 996 2355; x_wconf 89' lang='lat' dir='ltr'>oblitos</span> <span class='ocrx_word' id='word_1_152' title='bbox 1019 2290 1121 2372; x_wconf 88' lang='lat' dir='ltr'>agitis.</span> 
     </span>
     <span class='ocr_line' id='line_1_20' title="bbox 254 2389 1467 2472; baseline 0.004 -20"><span class='ocrx_word' id='word_1_153' title='bbox 254 2392 365 2470; x_wconf 89' lang='lat' dir='ltr'>postea</span> <span class='ocrx_word' id='word_1_154' title='bbox 385 2389 467 2454; x_wconf 84' lang='lat' dir='ltr'>loris</span> <span class='ocrx_word' id='word_1_155' title='bbox 489 2391 655 2472; x_wconf 65' lang='lat' dir='ltr'>gentem)</span> <span class='ocrx_word' id='word_1_156' title='bbox 947 2397 1046 2458; x_wconf 78' lang='lat' dir='ltr'>Anto</span> <span class='ocrx_word' id='word_1_157' title='bbox 1102 2393 1310 2458; x_wconf 83' lang='lat' dir='ltr'>Saturnum</span> <span class='ocrx_word' id='word_1_158' title='bbox 1375 2394 1467 2458; x_wconf 89' lang='lat' dir='ltr'>deus</span> 
     </span>
     <span class='ocr_line' id='line_1_21' title="bbox 296 2491 1467 2580; baseline 0.005 -26"><span class='ocrx_word' id='word_1_159' title='bbox 296 2495 316 2554; x_wconf 88' lang='lat'>4</span> <span class='ocrx_word' id='word_1_160' title='bbox 354 2493 559 2556; x_wconf 83' lang='lat' dir='ltr'>Saturnum</span> <span class='ocrx_word' id='word_1_161' title='bbox 602 2491 700 2555; x_wconf 90' lang='lat' dir='ltr'>onim</span> <span class='ocrx_word' id='word_1_162' title='bbox 739 2493 839 2575; x_wconf 89' lang='lat' dir='ltr'>prin·</span> <span class='ocrx_word' id='word_1_163' title='bbox 883 2495 1467 2580; x_wconf 86' lang='lat' dir='ltr'>penesvosnemoest‚abillo</span> 
     </span>
     <span class='ocr_line' id='line_1_22' title="bbox 253 2593 1467 2679; baseline 0.004 -23"><span class='ocrx_word' id='word_1_164' title='bbox 253 2593 510 2676; x_wconf 86' lang='lat' dir='ltr'>eipemhuius</span> <span class='ocrx_word' id='word_1_165' title='bbox 532 2595 685 2677; x_wconf 89' lang='lat' dir='ltr'>generis</span> <span class='ocrx_word' id='word_1_166' title='bbox 708 2598 840 2658; x_wconf 80' lang='lat' dir='ltr'>eterra·</span> <span class='ocrx_word' id='word_1_167' title='bbox 883 2617 1020 2664; x_wconf 90' lang='lat' dir='ltr'>oensus</span> <span class='ocrx_word' id='word_1_168' title='bbox 1054 2597 1172 2662; x_wconf 87' lang='lat' dir='ltr'>totius</span> <span class='ocrx_word' id='word_1_169' title='bbox 1211 2599 1270 2661; x_wconf 87' lang='lat' dir='ltr'>vel</span> <span class='ocrx_word' id='word_1_170' title='bbox 1302 2597 1467 2679; x_wconf 90' lang='lat' dir='ltr'>potioris</span> 
     </span>
     <span class='ocr_line' id='line_1_23' title="bbox 253 2697 1468 2779; baseline 0.002 -20"><span class='ocrx_word' id='word_1_171' title='bbox 253 2697 365 2761; x_wconf 92' lang='lat' dir='ltr'>minis</span> <span class='ocrx_word' id='word_1_172' title='bbox 394 2716 524 2762; x_wconf 90' lang='lat' dir='ltr'>omnes</span> <span class='ocrx_word' id='word_1_173' title='bbox 552 2697 762 2779; x_wconf 87' lang='lat' dir='ltr'>soriptores</span> <span class='ocrx_word' id='word_1_174' title='bbox 783 2717 839 2762; x_wconf 82' lang='lat' dir='ltr'>ve·</span> <span class='ocrx_word' id='word_1_175' title='bbox 883 2703 941 2766; x_wconf 86' lang='lat' dir='ltr'>vel</span> <span class='ocrx_word' id='word_1_176' title='bbox 964 2700 1128 2766; x_wconf 89' lang='lat' dir='ltr'>notioris</span> <span class='ocrx_word' id='word_1_177' title='bbox 1150 2699 1380 2764; x_wconf 86' lang='lat' dir='ltr'>divinitatis.</span> <span class='ocrx_word' id='word_1_178' title='bbox 1403 2697 1468 2762; x_wconf 90' lang='lat' dir='ltr'>Ita-</span> 
     </span>
     <span class='ocr_line' id='line_1_24' title="bbox 253 2799 1467 2886; baseline 0.001 -22"><span class='ocrx_word' id='word_1_179' title='bbox 253 2801 420 2864; x_wconf 86' lang='lat' dir='ltr'>tustatis</span> <span class='ocrx_word' id='word_1_180' title='bbox 471 2799 608 2864; x_wconf 83' lang='lat' dir='ltr'>Craeoi</span> <span class='ocrx_word' id='word_1_181' title='bbox 660 2799 839 2864; x_wconf 90' lang='lat' dir='ltr'>Romani·</span> <span class='ocrx_word' id='word_1_182' title='bbox 883 2823 943 2886; x_wconf 89' lang='lat' dir='ltr'>que</span> <span class='ocrx_word' id='word_1_183' title='bbox 971 2804 1054 2886; x_wconf 90' lang='lat' dir='ltr'>quod</span> <span class='ocrx_word' id='word_1_184' title='bbox 1082 2803 1119 2867; x_wconf 89' lang='lat' dir='ltr'>de</span> <span class='ocrx_word' id='word_1_185' title='bbox 1142 2802 1259 2884; x_wconf 84' lang='lat' dir='ltr'>origine</span> <span class='ocrx_word' id='word_1_186' title='bbox 1281 2801 1467 2880; x_wconf 80' lang='lat' dir='ltr'>eonstiterit,</span> 
     </span>
     <span class='ocr_line' id='line_1_25' title="bbox 253 2902 1467 2988; baseline -0.002 -20"><span class='ocrx_word' id='word_1_187' title='bbox 253 2922 326 2986; x_wconf 89' lang='lat' dir='ltr'>que</span> <span class='ocrx_word' id='word_1_188' title='bbox 357 2904 544 2967; x_wconf 88' lang='lat' dir='ltr'>bominem</span> <span class='ocrx_word' id='word_1_189' title='bbox 578 2902 837 2984; x_wconf 88' lang='lat' dir='ltr'>prodiderunt.</span> <span class='ocrx_word' id='word_1_190' title='bbox 881 2907 914 2970; x_wconf 93' lang='lat' dir='ltr'>id</span> <span class='ocrx_word' id='word_1_191' title='bbox 948 2910 981 2970; x_wconf 89' lang='lat' dir='ltr'>et</span> <span class='ocrx_word' id='word_1_192' title='bbox 1014 2906 1051 2969; x_wconf 90' lang='lat' dir='ltr'>de</span> <span class='ocrx_word' id='word_1_193' title='bbox 1082 2905 1264 2988; x_wconf 80' lang='lat' dir='ltr'>posteritate</span> <span class='ocrx_word' id='word_1_194' title='bbox 1296 2903 1467 2968; x_wconf 77' lang='lat' dir='ltr'>conveniet.</span> 
     </span>
     <span class='ocr_line' id='line_1_26' title="bbox 253 3003 1468 3088; baseline -0.002 -18"><span class='ocrx_word' id='word_1_195' title='bbox 253 3008 326 3070; x_wconf 90' lang='lat' dir='ltr'>soit</span> <span class='ocrx_word' id='word_1_196' title='bbox 359 3006 428 3070; x_wconf 89' lang='lat' dir='ltr'>hoo</span> <span class='ocrx_word' id='word_1_197' title='bbox 462 3004 585 3087; x_wconf 87' lang='lat' dir='ltr'>Nepos</span> <span class='ocrx_word' id='word_1_198' title='bbox 619 3006 655 3068; x_wconf 92' lang='lat' dir='ltr'>et</span> <span class='ocrx_word' id='word_1_199' title='bbox 681 3003 837 3068; x_wconf 90' lang='lat' dir='ltr'>Cassius</span> <span class='ocrx_word' id='word_1_200' title='bbox 883 3009 1092 3074; x_wconf 83' lang='lat' dir='ltr'>Saturnum</span> <span class='ocrx_word' id='word_1_201' title='bbox 1124 3007 1269 3088; x_wconf 88' lang='lat' dir='ltr'>itaque,</span> <span class='ocrx_word' id='word_1_202' title='bbox 1308 3006 1334 3070; x_wconf 90' lang='lat' dir='ltr'>si</span> <span class='ocrx_word' id='word_1_203' title='bbox 1369 3023 1468 3088; x_wconf 86' lang='lat' dir='ltr'>quan-</span> 
     </span>
     <span class='ocr_line' id='line_1_27' title="bbox 252 3105 1466 3190; baseline -0.001 -18"><span class='ocrx_word' id='word_1_204' title='bbox 252 3109 285 3172; x_wconf 89' lang='lat' dir='ltr'>in</span> <span class='ocrx_word' id='word_1_205' title='bbox 321 3108 467 3184; x_wconf 86' lang='lat' dir='ltr'>historia,</span> <span class='ocrx_word' id='word_1_206' title='bbox 512 3111 550 3171; x_wconf 89' lang='lat' dir='ltr'>et</span> <span class='ocrx_word' id='word_1_207' title='bbox 593 3105 750 3170; x_wconf 81' lang='lat' dir='ltr'>Thallus</span> <span class='ocrx_word' id='word_1_208' title='bbox 796 3125 838 3170; x_wconf 90' lang='lat' dir='ltr'>ao</span> <span class='ocrx_word' id='word_1_209' title='bbox 881 3115 950 3176; x_wconf 85' lang='lat' dir='ltr'>tum</span> <span class='ocrx_word' id='word_1_210' title='bbox 988 3112 1120 3175; x_wconf 85' lang='lat' dir='ltr'>litterae</span> <span class='ocrx_word' id='word_1_211' title='bbox 1171 3110 1298 3183; x_wconf 79' lang='lat' dir='ltr'>donent,</span> <span class='ocrx_word' id='word_1_212' title='bbox 1348 3127 1466 3190; x_wconf 86' lang='lat' dir='ltr'>noque</span> 
     </span>
     <span class='ocr_line' id='line_1_28' title="bbox 251 3208 1467 3290; baseline -0.002 -15"><span class='ocrx_word' id='word_1_213' title='bbox 251 3210 443 3275; x_wconf 88' lang='lat' dir='ltr'>Diodorus</span> <span class='ocrx_word' id='word_1_214' title='bbox 497 3208 566 3273; x_wconf 89' lang='lat' dir='ltr'>hoo</span> <span class='ocrx_word' id='word_1_215' title='bbox 620 3209 837 3290; x_wconf 85' lang='lat' dir='ltr'>loquuntur.</span> <span class='ocrx_word' id='word_1_216' title='bbox 881 3210 1467 3279; x_wconf 84' lang='lat' dir='ltr'>DiodorusCraeousautThal-</span> 
     </span>
     <span class='ocr_line' id='line_1_29' title="bbox 253 3311 1467 3397; baseline 0 -22"><span class='ocrx_word' id='word_1_217' title='bbox 253 3314 320 3377; x_wconf 76' lang='lat' dir='ltr'>dis</span> <span class='ocrx_word' id='word_1_218' title='bbox 348 3315 455 3395; x_wconf 90' lang='lat' dir='ltr'>itaque</span> <span class='ocrx_word' id='word_1_219' title='bbox 478 3311 633 3377; x_wconf 88' lang='lat' dir='ltr'>Saturnus</span> <span class='ocrx_word' id='word_1_220' title='bbox 654 3311 748 3376; x_wconf 88' lang='lat' dir='ltr'>Creta</span> <span class='ocrx_word' id='word_1_221' title='bbox 769 3331 839 3395; x_wconf 92' lang='lat' dir='ltr'>pro·</span> <span class='ocrx_word' id='word_1_222' title='bbox 882 3317 941 3380; x_wconf 90' lang='lat' dir='ltr'>lus</span> <span class='ocrx_word' id='word_1_223' title='bbox 979 3334 1101 3397; x_wconf 91' lang='lat' dir='ltr'>neque</span> <span class='ocrx_word' id='word_1_224' title='bbox 1138 3313 1295 3379; x_wconf 84' lang='lat' dir='ltr'>Cassius</span> <span class='ocrx_word' id='word_1_225' title='bbox 1333 3313 1467 3377; x_wconf 86' lang='lat' dir='ltr'>Severus</span> 
     </span>
     <span class='ocr_line' id='line_1_30' title="bbox 252 3414 1466 3499; baseline -0.002 -20"><span class='ocrx_word' id='word_1_226' title='bbox 252 3415 344 3498; x_wconf 83' lang='lat' dir='ltr'>lugus</span> <span class='ocrx_word' id='word_1_227' title='bbox 378 3415 535 3480; x_wconf 88' lang='lat' dir='ltr'>Italiam</span> <span class='ocrx_word' id='word_1_228' title='bbox 566 3417 655 3478; x_wconf 87' lang='lat' dir='ltr'>metu</span> <span class='ocrx_word' id='word_1_229' title='bbox 683 3414 740 3476; x_wconf 90' lang='lat' dir='ltr'>lilii</span> <span class='ocrx_word' id='word_1_230' title='bbox 771 3433 839 3478; x_wconf 89' lang='lat' dir='ltr'>sae·</span> <span class='ocrx_word' id='word_1_231' title='bbox 882 3423 947 3482; x_wconf 90' lang='lat' dir='ltr'>aut</span> <span class='ocrx_word' id='word_1_232' title='bbox 975 3417 1177 3483; x_wconf 87' lang='lat' dir='ltr'>Cornelius</span> <span class='ocrx_word' id='word_1_233' title='bbox 1208 3415 1332 3499; x_wconf 86' lang='lat' dir='ltr'>Nepos</span> <span class='ocrx_word' id='word_1_234' title='bbox 1364 3434 1466 3496; x_wconf 91' lang='lat' dir='ltr'>neque</span> 
     </span>
     <span class='ocr_line' id='line_1_31' title="bbox 252 3513 1468 3594; baseline -0.002 -12"><span class='ocrx_word' id='word_1_235' title='bbox 252 3519 365 3582; x_wconf 88' lang='lat' dir='ltr'>vientis</span> <span class='ocrx_word' id='word_1_236' title='bbox 406 3517 644 3594; x_wconf 87' lang='lat' dir='ltr'>aooesserat,</span> <span class='ocrx_word' id='word_1_237' title='bbox 689 3518 722 3580; x_wconf 90' lang='lat' dir='ltr'>et</span> <span class='ocrx_word' id='word_1_238' title='bbox 757 3513 838 3580; x_wconf 89' lang='lat' dir='ltr'>lani</span> <span class='ocrx_word' id='word_1_239' title='bbox 881 3523 966 3585; x_wconf 87' lang='lat' dir='ltr'>ullus</span> <span class='ocrx_word' id='word_1_240' title='bbox 989 3521 1215 3586; x_wconf 88' lang='lat' dir='ltr'>oommentator</span> <span class='ocrx_word' id='word_1_241' title='bbox 1238 3518 1389 3582; x_wconf 89' lang='lat' dir='ltr'>eiusmodi</span> <span class='ocrx_word' id='word_1_242' title='bbox 1412 3535 1468 3581; x_wconf 87' lang='lat' dir='ltr'>an·</span> 
     </span>
     <span class='ocr_line' id='line_1_32' title="bbox 251 3620 1520 3706; baseline -0.002 -21"><span class='ocrx_word' id='word_1_243' title='bbox 251 3624 455 3704; x_wconf 78' lang='lat' dir='ltr'>susceptus</span> <span class='ocrx_word' id='word_1_244' title='bbox 477 3620 643 3703; x_wconf 90' lang='lat' dir='ltr'>hospitio</span> <span class='ocrx_word' id='word_1_245' title='bbox 659 3620 838 3684; x_wconf 87' lang='lat' dir='ltr'>rudesillos</span> <span class='ocrx_word' id='word_1_246' title='bbox 880 3623 1065 3706; x_wconf 90' lang='lat' dir='ltr'>tiquitatum</span> <span class='ocrx_word' id='word_1_247' title='bbox 1091 3622 1194 3686; x_wconf 89' lang='lat' dir='ltr'>aliud</span> <span class='ocrx_word' id='word_1_248' title='bbox 1223 3639 1331 3703; x_wconf 92' lang='lat' dir='ltr'>quam</span> <span class='ocrx_word' id='word_1_249' title='bbox 1354 3620 1467 3683; x_wconf 91' lang='lat' dir='ltr'>homi·</span> <span class='ocrx_word' id='word_1_250' title='bbox 1516 3657 1520 3666; x_wconf 92' lang='lat'><em>·</em></span> 
     </span>
     <span class='ocr_line' id='line_1_33' title="bbox 242 3722 1466 3808; baseline -0.003 -20"><span class='ocrx_word' id='word_1_251' title='bbox 242 3724 392 3800; x_wconf 54' lang='lat' dir='ltr'>‚homines</span> <span class='ocrx_word' id='word_1_252' title='bbox 421 3727 453 3787; x_wconf 90' lang='lat' dir='ltr'>et</span> <span class='ocrx_word' id='word_1_253' title='bbox 486 3729 625 3804; x_wconf 89' lang='lat' dir='ltr'>agrestes</span> <span class='ocrx_word' id='word_1_254' title='bbox 652 3722 753 3786; x_wconf 88' lang='lat' dir='ltr'>multa</span> <span class='ocrx_word' id='word_1_255' title='bbox 786 3722 839 3786; x_wconf 92' lang='lat' dir='ltr'>do-</span> <span class='ocrx_word' id='word_1_256' title='bbox 880 3745 963 3790; x_wconf 89' lang='lat' dir='ltr'>nem</span> <span class='ocrx_word' id='word_1_257' title='bbox 1021 3725 1381 3808; x_wconf 86' lang='lat' dir='ltr'>promulgaverunt,</span> <span class='ocrx_word' id='word_1_258' title='bbox 1439 3723 1466 3785; x_wconf 91' lang='lat' dir='ltr'>si</span> 
     </span>
     <span class='ocr_line' id='line_1_34' title="bbox 251 3824 1467 3910; baseline -0.003 -20"><span class='ocrx_word' id='word_1_259' title='bbox 251 3827 316 3890; x_wconf 82' lang='lat' dir='ltr'>cuit</span> <span class='ocrx_word' id='word_1_260' title='bbox 351 3829 389 3890; x_wconf 89' lang='lat' dir='ltr'>ut</span> <span class='ocrx_word' id='word_1_261' title='bbox 426 3826 600 3891; x_wconf 79' lang='lat' dir='ltr'>Graeculus</span> <span class='ocrx_word' id='word_1_262' title='bbox 637 3829 669 3889; x_wconf 89' lang='lat' dir='ltr'>et</span> <span class='ocrx_word' id='word_1_263' title='bbox 711 3824 836 3907; x_wconf 88' lang='lat' dir='ltr'>politus,</span> <span class='ocrx_word' id='word_1_264' title='bbox 880 3830 1035 3910; x_wconf 89' lang='lat' dir='ltr'>quantum</span> <span class='ocrx_word' id='word_1_265' title='bbox 1057 3847 1162 3892; x_wconf 89' lang='lat' dir='ltr'>rerum</span> <span class='ocrx_word' id='word_1_266' title='bbox 1177 3829 1371 3908; x_wconf 76' lang='lat' dir='ltr'>argumenta</span> <span class='ocrx_word' id='word_1_267' title='bbox 1393 3843 1467 3887; x_wconf 91' lang='lat' dir='ltr'>nus·</span> 
     </span>
     <span class='ocr_line' id='line_1_35' title="bbox 251 3927 1466 4012; baseline -0.004 -18"><span class='ocrx_word' id='word_1_268' title='bbox 251 3930 373 3994; x_wconf 88' lang='lat' dir='ltr'>litteras</span> <span class='ocrx_word' id='word_1_269' title='bbox 395 3929 573 4012; x_wconf 89' lang='lat' dir='ltr'>inprimere,</span> <span class='ocrx_word' id='word_1_270' title='bbox 596 3946 770 3992; x_wconf 89' lang='lat' dir='ltr'>nummos</span> <span class='ocrx_word' id='word_1_271' title='bbox 792 3928 838 3992; x_wconf 94' lang='lat' dir='ltr'>si·</span> <span class='ocrx_word' id='word_1_272' title='bbox 881 3949 976 4012; x_wconf 88' lang='lat' dir='ltr'>quam</span> <span class='ocrx_word' id='word_1_273' title='bbox 1017 3929 1143 3993; x_wconf 85' lang='lat' dir='ltr'>invenio</span> <span class='ocrx_word' id='word_1_274' title='bbox 1187 3927 1327 3992; x_wconf 89' lang='lat' dir='ltr'>fideliora</span> <span class='ocrx_word' id='word_1_275' title='bbox 1371 3943 1466 4007; x_wconf 88' lang='lat' dir='ltr'>quam</span> 
     </span>
     <span class='ocr_line' id='line_1_36' title="bbox 251 4030 1466 4116; baseline -0.004 -20"><span class='ocrx_word' id='word_1_276' title='bbox 251 4050 385 4116; x_wconf 85' lang='lat' dir='ltr'>gnara,</span> <span class='ocrx_word' id='word_1_277' title='bbox 428 4032 640 4096; x_wconf 87' lang='lat' dir='ltr'>instrumenta</span> <span class='ocrx_word' id='word_1_278' title='bbox 676 4030 835 4094; x_wconf 85' lang='lat' dir='ltr'>oonfioere.</span> <span class='ocrx_word' id='word_1_279' title='bbox 881 4033 979 4116; x_wconf 91' lang='lat' dir='ltr'>apud</span> <span class='ocrx_word' id='word_1_280' title='bbox 1003 4031 1315 4115; x_wconf 89' lang='lat' dir='ltr'>ipsamItaliam,</span> <span class='ocrx_word' id='word_1_281' title='bbox 1337 4031 1466 4111; x_wconf 91' lang='lat' dir='ltr'>inqua</span> 
     </span>
     <span class='ocr_line' id='line_1_37' title="bbox 252 4133 1467 4217; baseline -0.003 -19"><span class='ocrx_word' id='word_1_282' title='bbox 252 4135 270 4198; x_wconf 85' lang='grc'><strong>6</strong></span> <span class='ocrx_word' id='word_1_283' title='bbox 298 4136 406 4216; x_wconf 89' lang='lat' dir='ltr'>itaque</span> <span class='ocrx_word' id='word_1_284' title='bbox 434 4133 589 4197; x_wconf 85' lang='lat' dir='ltr'>latebram</span> <span class='ocrx_word' id='word_1_285' title='bbox 618 4151 725 4209; x_wconf 88' lang='lat' dir='ltr'>suam,</span> <span class='ocrx_word' id='word_1_286' title='bbox 753 4133 835 4214; x_wconf 90' lang='lat' dir='ltr'>quod</span> <span class='ocrx_word' id='word_1_287' title='bbox 881 4135 1071 4199; x_wconf 90' lang='lat' dir='ltr'>Saturnus</span> <span class='ocrx_word' id='word_1_288' title='bbox 1115 4137 1187 4217; x_wconf 89' lang='lat' dir='ltr'>post</span> <span class='ocrx_word' id='word_1_289' title='bbox 1222 4134 1339 4196; x_wconf 88' lang='lat' dir='ltr'>multas</span> <span class='ocrx_word' id='word_1_290' title='bbox 1376 4150 1467 4214; x_wconf 83' lang='lat' dir='ltr'>expe-</span> 
     </span>
     <span class='ocr_line' id='line_1_38' title="bbox 249 4234 1467 4320; baseline -0.006 -17"><span class='ocrx_word' id='word_1_291' title='bbox 249 4243 318 4303; x_wconf 91' lang='lat' dir='ltr'>tuto</span> <span class='ocrx_word' id='word_1_292' title='bbox 340 4237 497 4312; x_wconf 88' lang='lat' dir='ltr'>latuisset,</span> <span class='ocrx_word' id='word_1_293' title='bbox 519 4236 622 4300; x_wconf 87' lang='lat' dir='ltr'>vooari</span> <span class='ocrx_word' id='word_1_294' title='bbox 643 4234 757 4299; x_wconf 89' lang='lat' dir='ltr'>maluit</span> <span class='ocrx_word' id='word_1_295' title='bbox 778 4235 837 4299; x_wconf 89' lang='lat' dir='ltr'>La·</span> <span class='ocrx_word' id='word_1_296' title='bbox 880 4237 1012 4302; x_wconf 91' lang='lat' dir='ltr'>ditiones</span> <span class='ocrx_word' id='word_1_297' title='bbox 1039 4239 1171 4320; x_wconf 90' lang='lat' dir='ltr'>postque</span> <span class='ocrx_word' id='word_1_298' title='bbox 1199 4236 1304 4300; x_wconf 77' lang='lat' dir='ltr'>Attioa</span> <span class='ocrx_word' id='word_1_299' title='bbox 1331 4234 1467 4317; x_wconf 87' lang='lat' dir='ltr'>hospitia</span> 
     </span>
     <span class='ocr_line' id='line_1_39' title="bbox 250 4336 1465 4420; baseline -0.004 -16"><span class='ocrx_word' id='word_1_300' title='bbox 250 4341 345 4416; x_wconf 91' lang='lat' dir='ltr'>tium,</span> <span class='ocrx_word' id='word_1_301' title='bbox 380 4343 411 4403; x_wconf 87' lang='lat' dir='ltr'>et</span> <span class='ocrx_word' id='word_1_302' title='bbox 445 4339 574 4402; x_wconf 89' lang='lat' dir='ltr'>urbem</span> <span class='ocrx_word' id='word_1_303' title='bbox 611 4338 835 4402; x_wconf 88' lang='lat' dir='ltr'>Saturniam</span> <span class='ocrx_word' id='word_1_304' title='bbox 880 4339 1067 4412; x_wconf 75' lang='lat' dir='ltr'>consedit,</span> <span class='ocrx_word' id='word_1_305' title='bbox 1102 4340 1283 4420; x_wconf 81' lang='lat' dir='ltr'>enoeptus</span> <span class='ocrx_word' id='word_1_306' title='bbox 1318 4336 1465 4412; x_wconf 86' lang='lat' dir='ltr'>alano,</span> 
     </span>
     <span class='ocr_line' id='line_1_40' title="bbox 249 4438 1465 4516; baseline -0.002 -10"><span class='ocrx_word' id='word_1_307' title='bbox 249 4443 332 4508; x_wconf 90' lang='lat' dir='ltr'>idem</span> <span class='ocrx_word' id='word_1_308' title='bbox 361 4443 398 4506; x_wconf 91' lang='lat' dir='ltr'>de</span> <span class='ocrx_word' id='word_1_309' title='bbox 427 4460 483 4505; x_wconf 90' lang='lat' dir='ltr'>suo</span> <span class='ocrx_word' id='word_1_310' title='bbox 511 4441 636 4505; x_wconf 92' lang='lat' dir='ltr'>nomine</span> <span class='ocrx_word' id='word_1_311' title='bbox 660 4444 693 4505; x_wconf 89' lang='lat' dir='ltr'>et</span> <span class='ocrx_word' id='word_1_312' title='bbox 712 4438 836 4505; x_wconf 88' lang='lat' dir='ltr'>Ianiou-</span> <span class='ocrx_word' id='word_1_313' title='bbox 879 4443 929 4506; x_wconf 84' lang='lat' dir='ltr'>vel</span> <span class='ocrx_word' id='word_1_314' title='bbox 950 4441 1039 4516; x_wconf 90' lang='lat' dir='ltr'>Iane,</span> <span class='ocrx_word' id='word_1_315' title='bbox 1063 4444 1099 4503; x_wconf 91' lang='lat' dir='ltr'>ut</span> <span class='ocrx_word' id='word_1_316' title='bbox 1119 4439 1196 4504; x_wconf 87' lang='lat' dir='ltr'>Salii</span> <span class='ocrx_word' id='word_1_317' title='bbox 1217 4440 1337 4503; x_wconf 85' lang='lat' dir='ltr'>volunt.</span> <span class='ocrx_word' id='word_1_318' title='bbox 1375 4439 1465 4503; x_wconf 88' lang='lat' dir='ltr'>Mons</span> 
     </span>
    </p>
   </div>
   <div class='ocr_carea' id='block_1_4' title="bbox 319 4660 1103 4732">
    <p class='ocr_par' dir='ltr' id='par_1_4' title="bbox 319 4660 1103 4732">
     <span class='ocr_line' id='line_1_41' title="bbox 319 4660 1103 4732; baseline -0.005 -14"><span class='ocrx_word' id='word_1_319' title='bbox 319 4666 340 4732; x_wconf 85' lang='lat'>¹)</span> <span class='ocrx_word' id='word_1_320' title='bbox 359 4665 392 4718; x_wconf 87' lang='lat' dir='ltr'>ef.</span> <span class='ocrx_word' id='word_1_321' title='bbox 411 4661 440 4716; x_wconf 89' lang='lat' dir='ltr'>C.</span> <span class='ocrx_word' id='word_1_322' title='bbox 458 4660 558 4714; x_wconf 83' lang='lat' dir='ltr'>Halmii</span> <span class='ocrx_word' id='word_1_323' title='bbox 577 4662 639 4714; x_wconf 83' lang='lat' dir='ltr'>adn.</span> <span class='ocrx_word' id='word_1_324' title='bbox 658 4661 717 4715; x_wconf 82' lang='lat' dir='ltr'>erit</span> <span class='ocrx_word' id='word_1_325' title='bbox 737 4668 766 4715; x_wconf 91' lang='lat' dir='ltr'>at</span> <span class='ocrx_word' id='word_1_326' title='bbox 783 4663 868 4729; x_wconf 83' lang='lat' dir='ltr'>praei.</span> <span class='ocrx_word' id='word_1_327' title='bbox 887 4678 913 4731; x_wconf 92' lang='lat' dir='ltr'>p.</span> <span class='ocrx_word' id='word_1_328' title='bbox 935 4661 1028 4716; x_wconf 83' lang='lat' dir='ltr'>XVlll</span> <span class='ocrx_word' id='word_1_329' title='bbox 1046 4676 1103 4728; x_wconf 83' lang='lat' dir='ltr'>sqq.</span> 
     </span>
    </p>
   </div>
   <div class='ocr_carea' id='block_1_5' title="bbox 0 0 1822 5218">
    <p class='ocr_par' dir='ltr' id='par_1_5' title="bbox 0 0 1822 5218">
     <span class='ocr_line' id='line_1_42' title="bbox 0 0 1822 5218; baseline 0 1"><span class='ocrx_word' id='word_1_330' title='bbox 0 0 1822 5218; x_wconf 95' lang='lat' dir='ltr'> </span> 
     </span>
    </p>
   </div>
  </div>
 </body>
</html>
