3546 5236
817 421 880 486 135

174 693 176 696 ,
228 618 330 684 verba
365 623 440 684 sunt
470 616 604 682 umbrae
634 615 709 680 Laii
741 636 763 681 a
794 614 924 682 Tiresia
954 621 1106 698 vocatae,
1138 613 1172 678 in
1200 613 1317 696 quibus
1349 618 1462 696 aperte

230 731 414 810 corruptum
457 731 507 790 est
547 742 661 790 versus
700 723 766 790 645
802 721 937 788 initium.
1000 722 1071 787 inre
1111 727 1219 786 antem
1260 719 1461 804 nuperrImus

230 830 338 898 editor
371 831 466 898 triste
498 829 641 896 nondum
673 837 811 896 sanatae
843 828 1046 914 corruptelae
1078 827 1206 911 signum
1236 827 1267 892 ei
1300 825 1462 911 apposnit

230 957 306 1004 nam
338 957 444 1022 neque
476 937 618 1004 virorum
647 936 845 1004 eruditorum
874 936 1079 1004 coniecturae
1110 933 1325 1013 satisfaciunt,
1357 953 1463 1017 neque

230 1063 272 1110 aa
304 1065 389 1128 quae
423 1045 457 1112 iu
490 1043 708 1130 interpolatae
743 1043 942 1110 recensionis
975 1045 1030 1124 (A)
1068 1041 1235 1108 codicibus
1272 1047 1397 1106 extant:
1435 1048 1465 1106 et

230 1173 351 1218 macrim
373 1154 494 1218 terim
524 1150 622 1230 (undo
645 1151 805 1218 Aventius
828 1152 977 1231 Esimrea)
1000 1150 1162 1235 procubus
1184 1149 1310 1215 thalami
1331 1149 1462 1230 tratum,

235 1261 356 1325 oolam
382 1267 526 1325 samaim
551 1259 678 1324 ocrim
709 1257 883 1342 quicquam
915 1256 1029 1323 auxilii
1060 1255 1208 1322 afferunt
1252 1274 1359 1321 nonne
1386 1252 1462 1318 olim

234 1365 310 1430 fnit:
342 1374 484 1432 torvam
516 1373 705 1431 coauctam
736 1367 906 1431 verberat
951 1372 1069 1430 lorcam
1095 1363 1161 1428 iam
1189 1381 1288 1448 supra
1318 1364 1359 1440 (v.
1382 1359 1462 1446 590)

232 1477 331 1559 poeta
353 1472 486 1541 Furiam
509 1472 698 1558 appellavit
734 1470 821 1556 quod
842 1470 1036 1538 vocabulum
1059 1471 1100 1536 ob
1124 1469 1321 1536 simillimum
1339 1475 1373 1535 ct
1389 1488 1462 1553 pro·

230 1579 386 1665 pinquum
409 1581 559 1660 tachow)
584 1577 736 1644 laciIIIme
758 1578 792 1645 in
815 1578 850 1644 id
873 1576 1001 1662 quodll
1020 1576 1120 1643 habet
1133 1575 1307 1662 depravari
1325 1582 1462 1661 poterat

232 1693 393 1752 sarmatan
415 1693 524 1752 autem
547 1685 707 1772 librarius,
737 1705 809 1752 cnm
836 1692 913 1752 noto
942 1704 1049 1751 errore
1077 1682 1122 1750 ad
1149 1685 1276 1750 thalami
1302 1682 1464 1770 pertiuere

231 1792 425 1879 putavisset,
448 1793 481 1856 in
503 1796 642 1858 sacam
664 1793 808 1858 mutavit.

394 1896 485 1966 Ocd.
510 1901 590 1965 906:
620 1935 665 1948 -
686 1902 720 1964 ia
737 1907 836 1987 ponto
859 1921 971 1966 macas

394 2009 487 2072 movit
508 2008 670 2091 implicitae
686 2027 769 2091 puer
792 2005 931 2092 (Icarus)

394 2115 547 2179 caducis
574 2116 655 2179 ciac
682 2135 799 2179 comcs
827 2116 958 2180 audac.

235 2218 358 2305 duplici
385 2219 481 2286 modo
508 2220 543 2285 iu
570 2219 598 2285 Ε
627 2228 797 2304 corruptus
826 2227 876 2287 est
903 2239 1016 2287 vorsus
1044 2223 1119 2288 908.
1165 2239 1240 2285 uam
1264 2227 1297 2286 et
1319 2217 1465 2284 abundat

233 2329 341 2394 cadom
371 2325 465 2411 illud,
498 2325 586 2410 quod
618 2348 639 2392 a
667 2326 799 2393 librario
832 2326 941 2410 aliquo
974 2325 1136 2394 adiectum
1169 2347 1242 2393 csse
1273 2346 1368 2392 nomo
1399 2346 1464 2391 non

237 2433 328 2500 ridet
351 2441 384 2501 et
407 2433 621 2501 intolerabilis
645 2441 696 2500 est
718 2433 822 2520 primo
845 2434 917 2500 loco
941 2435 1068 2520 positus
1092 2433 1256 2520 spondens
1275 2441 1309 2500 et
1322 2431 1464 2500 secundo

234 2541 416 2608 trochacus.
476 2549 510 2607 at
547 2541 645 2626 friget
685 2540 773 2624 quod
813 2539 849 2608 L.
877 2541 1051 2608 Muellerus
1097 2541 1296 2625 excogitavit
1340 2561 1465 2628 compca

237 2651 365 2715 caducis
387 2652 455 2714 oica
478 2655 511 2714 et
533 2649 632 2714 solita
654 2647 796 2716 solicitas
819 2648 1051 2716 Buechelerum
1073 2650 1216 2734 compede
1237 2671 1267 2714 a.
1290 2671 1317 2713 o.
1348 2647 1464 2714 conici-

235 2763 343 2822 entem
371 2754 527 2835 destituit,
559 2756 635 2840 quia
657 2775 762 2839 neque
785 2757 860 2822 alae
883 2764 961 2841 apto
984 2777 1107 2844 compes
1128 2759 1195 2822 oica
1218 2755 1283 2822 dici
1305 2754 1464 2840 videntur,

238 2881 344 2946 nequo
368 2860 529 2946 quomodo
553 2862 722 2928 verborum
745 2861 824 2930 ordo
848 2862 996 2930 turbatus
1020 2862 1062 2929 sit
1085 2862 1325 2947 intellegitur2).
1365 2881 1466 2947 aegre

236 2988 323 3053 vero,
352 2989 424 3034 cum
448 2967 574 3034 Seneca
602 2969 718 3035 ceteris
741 2968 775 3034 in
797 2968 894 3035 rebus
918 2967 986 3037 fero
1009 2977 1113 3036 totum
1136 2991 1172 3036 se
1193 2969 1247 3036 hic
1270 2989 1398 3054 quoque
1421 2967 1465 3034 ad

236 3073 433 3141 Ouidianam
460 3073 592 3142 fabulae
619 3075 838 3142 narrationem
867 3075 955 3162 (met
977 3076 1055 3142 VIII
1083 3079 1211 3162 183sq.)
1240 3077 1465 3165 applicaverit,

235 3189 481 3268 praeceptorum
505 3181 638 3247 volandi
661 3202 683 3247 a
705 3189 799 3268 patro
822 3181 890 3248 filio
914 3181 1072 3269 datorum,
1096 3183 1154 3251 sed
1177 3185 1220 3250 ab
1244 3205 1283 3250 co
1301 3187 1464 3270 neglecto·

233 3309 302 3356 rum
325 3290 519 3356 mentionem
543 3288 721 3357 desideres.
757 3290 869 3376 itaque
892 3289 1091 3377 scripserim:
1115 3293 1211 3358 laad
1232 3297 1312 3358 oica
1333 3294 1465 3360 docilis

234 3417 363 3464 comes.
400 3399 507 3462 docilia
529 3400 597 3463 uiua
620 3396 739 3464 dictum
764 3405 815 3465 est
837 3405 873 3464 ut
896 3401 1002 3465 docilia
1020 3401 1191 3482 modorum,
1210 3403 1312 3485 mcvi,
1337 3400 1465 3467 similla

237 3503 330 3570 cuius
354 3503 603 3571 constructionis
626 3504 760 3589 ignarus
783 3524 855 3571 cum
878 3505 1030 3572 librarius
1053 3505 1173 3590 aliquis
1196 3507 1365 3574 verborum
1381 3505 1466 3571 crdi-

235 3631 311 3678 nem
342 3610 391 3678 sic
421 3611 623 3679 invertisset:
660 3614 744 3678 laod
774 3614 882 3679 docilis
911 3616 979 3679 oica
1014 3635 1123 3696 mmea,
1155 3621 1281 3699 postca,
1311 3613 1346 3678 id
1379 3611 1466 3698 quod

220 3853 222 3858 .
327 3808 348 3879 ¹)
371 3809 458 3866 etiam
481 3811 499 3865 h
523 3813 589 3866 etr
615 3811 729 3867 litterae
755 3811 837 3867 facile
864 3811 996 3868 coufirndi
1023 3815 1161 3882 poterant,
1187 3829 1250 3868 oum
1273 3811 1304 3866 in
1328 3812 1467 3882 scriptura

235 3899 340 3956 saeculi
358 3899 451 3968 quinti
475 3900 598 3956 ineuntis
621 3917 678 3970 qua
701 3900 862 3972 fragmenta
883 3900 1066 3956 Ambrosiaua
1088 3905 1291 3958 exaratum
1312 3901 1425 3958 litterae
1447 3903 1467 3958 h
1495 3959 1499 3970 ,

234 3967 305 4044 haec}
322 3988 412 4045 forma
429 3989 454 4044 Κ
472 3993 551 4046 essct.

329 4075 351 4147 ¹)
373 4095 519 4148 nusquam,
543 4078 617 4149 quod
639 4079 733 4144 sciam,
757 4079 861 4134 Seneca
883 4079 912 4133 in
935 4079 1087 4149 tragoediis
1109 4079 1289 4150 partIcipium
1317 4082 1468 4150 implicitus

234 4183 298 4221 cnm
315 4183 379 4222 casn
399 4167 457 4222 ullo
480 4167 632 4224 coniurati.
668 4185 693 4223 v.
713 4167 779 4223 Oed.
798 4168 864 4223 clo:
886 4169 1050 4238 Implicitam
1072 4171 1182 4238 sadum,
1205 4171 1258 4240 Ag.
1277 4169 1344 4224 896:
1365 4171 1466 4226 losum

235 4259 343 4324 quaerit
356 4259 507 4326 implicitae
520 4275 607 4324 mum,
626 4257 761 4328 apocoloc
776 4260 802 4323 5,
817 4259 846 4312 3:
874 4275 961 4312 uocem
980 4275 1093 4313 raucum
1107 4267 1132 4313 at
1144 4261 1322 4328 implicatam,
1340 4277 1382 4329 ep.
1397 4277 1466 4318 mor.

236 4343 330 4399 XVIII
349 4345 374 4404 6.
396 4345 440 4400 18:
463 4348 591 4415 inplicita
609 4349 717 4402 adone.
752 4347 906 4417 implicitus
924 4350 1020 4402 autem
1038 4365 1136 4403 manns
1154 4348 1216 4404 ideo
1234 4348 1283 4406 ille
1300 4349 1380 4414 dixit,
1399 4349 1469 4418 quia

236 4433 299 4488 alae
312 4434 414 4490 taeniis
428 4451 476 4504 per
489 4451 597 4501 munus,
616 4436 753 4502 bracchia,
772 4439 868 4506 pectus
887 4437 1081 4494 clrcnmdnctis
1099 4439 1205 4508 corpori
1223 4442 1252 4494 et
1270 4438 1358 4510 patris
1373 4439 1468 4495 attilii

235 4521 371 4593 alligatae
394 4527 482 4580 eraut
519 4524 641 4580 ostendit
665 4525 717 4580 hoc
741 4524 842 4580 nobilis
865 4527 975 4596 pictura
997 4527 1166 4597 Pompeiana
1192 4546 1210 4582 a
1237 4528 1265 4583 O.
1289 4529 1409 4584 Robsrto
1436 4528 1467 4584 iu

235 4613 415 4681 Epternacus
438 4615 642 4684 arclaceierpica
669 4614 737 4669 anni
763 4615 830 4669 1877
859 4615 983 4684 (XXXV)
1010 4617 1067 4671 tab.
1091 4617 1104 4672 1
1131 4617 1209 4672 edita
1226 4617 1270 4685 (=
1295 4617 1469 4673 &umomtsr

233 4703 416 4758 Declamatio·
432 4703 486 4758 vol.
506 4703 533 4758 11
552 4704 608 4759 tab.
628 4702 718 4771 XXII)
737 4708 766 4760 et
784 4704 1002 4761 luculentissime
1020 4710 1157 4762 euarmta
