3568 5238
207 687 299 733 mum
321 670 353 733 et
368 667 464 732 Perse
487 685 561 750 rege
584 667 816 750 triumphavit)
840 671 895 733 aut
916 667 1004 751 res¹l
1021 669 1194 744 ennaravit,
1218 686 1295 750 quas
1311 687 1347 732 ex
1362 668 1429 752 ipso

207 771 289 836 vitae
313 790 373 835 usu
397 773 453 834 551
474 789 491 835 5
514 769 667 835 memoria
689 771 867 853 temporum
892 771 978 835 haud
1000 771 1046 834 ita
1068 770 1159 852 longe
1176 771 1426 836 antecedentium

207 873 350 957 plurimis
378 875 470 938 notas
497 873 595 938 luisse
623 874 869 938 consentancum
897 876 954 938 est.
1008 873 1079 938 Alia
1107 874 1250 957 exempla
1277 874 1322 938 ita
1354 875 1430 938 sunt

207 977 397 1059 comparata,
420 978 457 1039 ut
469 975 602 1052 dubites,
625 977 732 1040 utrum
750 978 835 1040 certo
857 975 935 1041 fonti
953 995 993 1040 an
1009 976 1168 1041 communi
1183 976 1350 1041 eruditioni
1372 994 1430 1040 sua

208 1077 322 1143 debeat
361 1080 603 1152 commentatam
638 1079 798 1142 nonnullis
838 1079 921 1143 enim
956 1078 1031 1142 locis
1065 1079 1152 1144 55151
1184 1079 1237 1156 115,
1275 1097 1355 1161 quae
1391 1079 1428 1143 de

207 1180 241 1245 C.
277 1180 370 1245 Cotta
402 1184 524 1245 oratore
558 1180 613 1246 illo
648 1181 785 1264 compari
817 1181 851 1245 P.
883 1180 1012 1264 Sulpicii
1052 1183 1084 1246 et
1119 1181 1153 1247 G.
1181 1179 1254 1245 Iulii
1283 1181 1427 1247 Caesaris

207 1286 248 1367 (p.
269 1285 318 1361 13,
344 1284 393 1346 11.
419 1284 473 1357 12;
497 1285 548 1361 22,
574 1285 623 1347 15.
648 1285 703 1359 16;
728 1286 777 1361 58,
801 1284 852 1346 27.
876 1285 931 1366 28)
961 1287 993 1348 51
1022 1284 1059 1348 de
1088 1283 1124 1363 Q.
1148 1285 1252 1348 Mucio
1276 1284 1425 1349 Scaevola

208 1389 240 1451 et
262 1388 382 1450 oratore
412 1389 445 1450 et
465 1387 541 1450 iuris
571 1387 713 1451 55555115
736 1389 778 1469 (p.
803 1387 853 1463 59,
878 1388 928 1450 24.
952 1388 1006 1467 25)
1036 1389 1068 1451 51
1091 1387 1128 1452 (15
1150 1387 1332 1451 Philodamo
1356 1387 1429 1470 Epi-

208 1508 301 1554 cureo
327 1490 381 1554 illo
408 1488 602 1553 nobilissimo
636 1494 679 1572 (p.
705 1490 753 1565 14,
785 1490 835 1555 23.
859 1490 913 1571 24)
951 1489 1092 1565 disserit,
1126 1489 1268 1555 Ciceroni
1303 1490 1429 1572 quidem

206 1593 320 1656 harum
349 1610 454 1656 rerum
485 1591 629 1656 notitiam
664 1592 825 1674 acceptam
857 1592 962 1668 refert,
996 1593 1051 1657 sed
1078 1593 1133 1669 ita,
1167 1594 1203 1656 51
1226 1611 1262 1656 ex
1282 1593 1429 1657 universa

207 1693 364 1759 Ciceronis
386 1695 518 1759 lectione
541 1695 653 1759 harum
675 1712 879 1777 personarum
900 1696 1086 1760 memoriam
1107 1695 1293 1778 repetiverit.

292 1813 379 1892 Quae
402 1814 486 1878 idem
509 1814 546 1878 de
570 1814 604 1877 L.
622 1814 745 1897 Opimio
766 1816 805 1880 ob
826 1814 959 1879 Gracchi
983 1816 1121 1899 oppressi
1136 1815 1287 1880 invidiam
1309 1816 1425 1880 iudicio

207 1918 418 1980 circumvento
447 1920 479 1980 et
504 1917 536 1979 in
560 1918 704 1981 exsilium
727 1922 797 1981 acto
825 1918 936 2000 (5.15,
967 1919 1116 2000 23-26),
1138 1937 1217 2000 quae
1241 1918 1278 1982 de
1301 1918 1336 1983 P.
1360 1918 1430 1983 Sul-

206 2020 286 2103 picio
315 2021 354 2084 ab
377 2019 474 2083 initiis
504 2020 658 2084 bonarum
683 2021 842 2084 55115555
872 2020 910 2084 51
934 2020 1071 2103 perditas
1094 2039 1255 2103 progresso
1282 2024 1315 2085 et
1341 2022 1429 2084 iussu

207 2123 372 2187 consulum
394 2140 541 2204 oppresso
578 2125 618 2205 (p.
644 2123 694 2197 57,
723 2123 845 2196 6-12;
878 2125 929 2201 22,
954 2124 1094 2202 10-15)
1117 2125 1285 2188 memoriae
1317 2125 1428 2206 prodit,

207 2227 313 2288 utrum
344 2243 381 2288 es
410 2225 570 2289 rhetorum
594 2225 708 2290 scholis
730 2226 852 2289 noverit
881 2245 920 2290 an
944 2245 961 2291 e
984 2231 1066 2291 certo
1090 2226 1251 2291 annalium
1279 2227 1429 2309 scriptore

209 2328 389 2409 sumpserit,
413 2326 636 2392 difficillimum
657 2330 706 2392 est
729 2328 910 2392 diiudicata.

292 2447 404 2529 Itaque
427 2448 599 2512 verendum
623 2450 681 2524 est,
704 2467 743 2511 ne
767 2448 848 2512 iuter
871 2468 918 2525 ea,
941 2467 1021 2531 quae
1043 2447 1127 2511 infra
1150 2448 1187 2511 ad
1206 2450 1306 2522 certos
1323 2452 1426 2514 aucto·

207 2567 256 2612 res
279 2549 394 2614 referre
417 2553 567 2627 conabor,
601 2539 793 2615 nonnullae
816 2553 968 2615 memoria
989 2551 1093 2634 potius
1122 2552 1218 2632 atque
1250 2551 1335 2615 varia
1358 2552 1429 2616 doo-

206 2653 298 2730 trina,
322 2672 383 2718 non
406 2672 444 2718 ex
468 2653 600 2736 singulis
625 2654 812 2736 scriptorum
837 2654 913 2718 locis
935 2653 1088 2737 inspectis
1105 2653 1270 2736 collegisse
1286 2652 1429 2718 videatur

209 2757 378 2820 Asconius.

291 2859 401 2940 Neque
432 2877 503 2924 uero
536 2859 562 2922 is
589 2862 655 2933 est,
694 2859 747 2941 qui
776 2878 899 2942 semper
933 2860 1072 2940 singulos
1106 2859 1138 2921 in
1172 2859 1303 2939 singulis
1335 2860 1428 2923 rebus

207 2961 398 3042 explicandis
437 2965 579 3026 auctores
613 2963 723 3026 ceteris
761 2963 912 3044 neglectis
940 2962 1106 3038 adhibeat,
1140 2961 1194 3025 sed
1223 2961 1427 3026 multifariam

207 3063 400 3128 narrationes
438 3083 453 3128 5
488 3064 699 3148 compluribus
742 3065 879 3130 lontibus
919 3065 1071 3130 delibatas
1112 3065 1353 3146 conglutinavit;
1382 3069 1429 3130 at

208 3184 267 3246 555
311 3184 403 3249 saepe
448 3167 622 3250 complures
665 3168 767 3232 fontes
800 3169 845 3232 ita
881 3168 1035 3244 nominat,
1062 3172 1099 3231 ut
1131 3167 1201 3231 illos
1235 3186 1343 3232 omnes
1388 3169 1427 3232 alr

206 3267 273 3350 ipso
306 3272 464 3353 excerptos
493 3287 561 3333 esse
592 3270 795 3335 manifestum
827 3272 882 3345 sit;
905 3271 1001 3335 551511
1011 3272 1037 3351 ²)
1075 3271 1112 3335 de
1152 3269 1186 3334 P.
1227 3274 1258 3335 et
1291 3271 1333 3334 Μ.
1367 3271 1429 3335 Va·

205 3370 289 3434 15515
312 3372 470 3436 consuluit
489 3372 651 3436 Valerium
667 3375 827 3438 Antiatem
851 3375 884 3437 et
904 3373 1021 3455 Hygini
1045 3375 1082 3438 de
1104 3375 1177 3436 viris
1201 3373 1293 3438 claris
1311 3374 1426 3438 librum

207 3475 249 3556 (p.
275 3475 459 3555 12,1-31,
494 3475 531 3539 de
564 3475 672 3558 primis
701 3475 836 3540 tribunis
869 3475 969 3558 plebis
1002 3477 1084 3540 iuter
1118 3477 1194 3541 alios
1222 3477 1425 3552 Tuditanum,

206 3576 357 3652 Atticum,
388 3577 511 3641 Livium
535 3579 579 3660 (p.
603 3578 655 3654 68,
685 3579 839 3660 13-20),
874 3579 911 3642 (15
935 3579 1002 3660 lege
1026 3578 1060 3644 C.
1085 3579 1202 3643 Aurelii
1225 3580 1335 3645 Cottae
1360 3579 1426 3644 Sal-

207 3679 354 3754 lustium,
378 3679 511 3756 Livium,
534 3680 745 3744 Fenestellam
768 3683 811 3764 (p.
829 3683 879 3758 59,
899 3682 1002 3758 1-7).
1045 3680 1199 3746 Conflavit
1221 3683 1316 3764 igitur
1339 3686 1427 3766 quasi

207 3782 238 3844 in
262 3800 362 3846 55515
386 3801 496 3865 eorpus
518 3782 727 3866 complurium
751 3788 913 3848 auctorum
941 3803 1003 3848 non
1027 3785 1258 3849 nominatorum
1282 3823 1323 3832 -
1352 3805 1427 3850 nam

207 3903 279 3948 oum
308 3902 370 3948 non
401 3886 564 3948 auctonrm
595 3886 796 3950 multitudine
826 3888 975 3968 glorietur
1004 3887 1058 3950 sed
1085 3906 1191 3951 rerum
1218 3889 1306 3970 copia
1339 3890 1428 3953 55515

206 3988 363 4071 imponat,
386 3987 516 4052 nomina
543 3987 677 4052 fontium
708 3988 772 4053 fere
794 3990 912 4067 reticet,
936 3990 997 4053 uisi
1020 3989 1194 4071 singulares
1218 3992 1428 4073 suppetebant

207 4092 349 4172 cansae³)
369 4127 412 4138 -
433 4091 627 4156 narrationes
650 4092 702 4170 ita,
725 4095 761 4156 ut
781 4091 824 4170 id,
848 4091 930 4174 quod
942 4092 976 4155 in
991 4093 1168 4175 posterioris
1185 4093 1297 4157 5515115
1312 4096 1429 4177 compi·

275 4349 296 4412 ¹)
315 4347 379 4400 Aac.
398 4363 424 4418 p.
442 4345 485 4414 23,
503 4347 615 4414 22-24,
634 4349 664 4414 1;
682 4349 727 4415 38,
745 4348 856 4414 19-39,
873 4347 903 4411 2;
922 4347 963 4413 63,
982 4346 1081 4410 5-10;
1099 4347 1141 4413 80,
1159 4347 1270 4418 25-81,
1287 4353 1312 4406 4.

274 4434 295 4501 ’)
315 4431 460 4488 Praeterea
481 4431 514 4487 51.
539 4433 601 4487 Aac.
627 4451 652 4504 p.
672 4436 697 4502 1,
719 4435 804 4500 2-8;
834 4433 860 4500 2,
884 4433 926 4486 24.
948 4433 998 4498 25;
1024 4434 1066 4500 12,
1085 4433 1185 4500 3-15;
1213 4436 1257 4503 26,
1278 4438 1358 4504 2-7;
1385 4439 1428 4506 27,

206 4519 322 4583 12-14;
339 4519 382 4586 36,
400 4519 493 4573 9-14.
511 4519 553 4574 27.
572 4519 619 4585 28;
638 4521 684 4586 43,
703 4522 800 4586 7-11;
827 4520 870 4587 54,
888 4520 1004 4585 12-15;
1026 4521 1069 4586 61,
1086 4519 1198 4587 22-62,
1215 4520 1249 4573 24
1255 4537 1263 4586 ;
1287 4521 1329 4588 78,
1347 4524 1428 4588 4—63

206 4605 248 4673 Ὦ,
266 4606 406 4762 1Sul-'Igu
429 4690 477 4745 ubi
500 4697 597 4747 contra
621 4692 738 4747 alicuius
762 4692 926 4747 sententiam
951 4690 1095 4763 pugnabat
1115 4693 1152 4762 (p.
1175 4692 1218 4757 27,
1241 4693 1355 4760 12-14)
1379 4701 1428 4748 551

1182 4781 1215 4833 l*
