3480 5230
956 395 997 462 26

871 482 1081 498 m

372 624 557 692 Stoicorum
584 611 739 688 πολιτικὰ
762 614 930 708 ζητήματα
963 616 1007 684 ad
1040 616 1239 686 rhetoricam
1272 617 1453 700 transtulit,
1487 618 1592 687 etiam

369 725 485 808 θέσεις
506 730 540 793 et
561 719 741 804 ὑποθέσεις
761 723 907 810 recipere
929 722 1047 809 potuit.
1089 725 1209 792 Verum
1232 723 1418 812 philosophi
1441 747 1505 793 non
1529 725 1591 792 mi·

369 853 430 898 nus
460 852 556 916 quam
587 829 701 897 Cicero
735 827 928 895 adulescens
960 827 1021 894 hoc
1053 828 1103 894 illi
1136 828 1312 914 opprobrio
1339 830 1465 896 dabant
1486 835 1592 916 atque

369 935 480 1002 theses
501 940 539 1000 ut
560 933 624 1000 sibi
645 937 774 998 tantum
796 931 1025 999 convenientes
1047 931 1266 1002 vindicabant.
1317 934 1386 1002 Neo
1408 957 1502 1002 secus
1526 935 1592 1001 Po-

368 1038 526 1118 sidonius,
549 1036 606 1121 qui
630 1056 740 1103 coram
763 1035 919 1120 Pompeio
936 1040 1051 1102 contra
1066 1036 1288 1122 Hermagorae
1310 1039 1505 1106 sententiam
1522 1039 1591 1105 dis-

368 1142 544 1229 patavien
590 1139 682 1219 Quod
704 1139 791 1205 idem
814 1139 922 1205 Crassi
944 1139 1149 1224 temporibus
1171 1140 1381 1225 Peripatetici
1405 1148 1439 1209 et
1460 1142 1591 1210 Acade-

368 1246 444 1313 mici
468 1245 623 1311 lecerunt.
637 1247 661 1326 2)
700 1243 813 1326 Neque
834 1263 912 1309 vero
935 1241 969 1307 in
992 1240 1053 1309 hac
1074 1265 1111 1311 re
1134 1249 1262 1311 certare
1284 1244 1427 1312 voluisse
1450 1246 1592 1312 Herma-

369 1370 480 1434 goram
502 1370 575 1412 cum
593 1345 797 1432 philosophis
810 1347 934 1430 opinor,
955 1347 1075 1432 quippe
1091 1348 1148 1433 qui
1170 1349 1203 1414 in
1219 1354 1291 1415 arte
1313 1349 1480 1415 rhetorica
1495 1350 1593 1415 nulla

369 1452 410 1518 de
442 1451 591 1518 thesibus
627 1449 811 1517 tractandis
838 1456 1018 1535 praecepta
1045 1451 1195 1517 videatur
1223 1452 1393 1538 dedissel)
1441 1454 1593 1519 Fuerunt

368 1555 470 1638 igitur
497 1554 546 1619 illi
583 1555 685 1637 „libri
712 1554 933 1637 Hermagorae
967 1553 1097 1620 nomine
1130 1555 1305 1640 iuscripti“
1334 1555 1457 1640 (Quint
1482 1555 1534 1621 111
1560 1563 1590 1637 5,

372 1661 435 1741 14),
458 1657 577 1743 quibus
600 1657 733 1723 inutiles
756 1655 911 1722 dicuutur
926 1658 1050 1725 oratori
1078 1659 1278 1724 universales
1301 1659 1521 1742 quaestiones
1554 1680 1592 1725 re

368 1784 445 1830 vera
466 1768 524 1828 aut
546 1783 604 1847 per
627 1759 776 1825 fraudem
789 1759 1012 1844 Hermagorae
1030 1761 1154 1828 subditi
1177 1767 1236 1827 aut
1257 1761 1298 1828 ab
1321 1762 1435 1845 aliquo
1450 1763 1590 1828 Herma-

370 1856 460 1951 gora,
483 1866 540 1950 qui
563 1886 584 1930 a
606 1863 741 1930 Temnio
764 1862 913 1929 diversus
936 1863 1008 1944 fuit,
1032 1866 1215 1949 compositi.

457 1970 644 2036 Ciceronem
672 1971 787 2052 postea
815 1966 857 2032 ad
880 1967 1101 2051 Hermagorae
1129 1969 1327 2035 sententiam
1354 1969 1532 2035 accessisse
1556 1975 1592 2036 et

367 2073 492 2139 oratori
514 2073 613 2138 etiam
637 2072 744 2137 theses
771 2070 973 2155 amplissimo
997 2078 1096 2137 sen'su
1118 2073 1224 2138 dictas
1247 2071 1404 2138 tribuisse
1423 2072 1489 2136 iam
1505 2073 1590 2138 ridi·

367 2198 449 2245 mus.
482 2176 547 2242 Sed
569 2176 702 2240 luerunt
717 2175 784 2254 alii,
807 2194 888 2258 quos
906 2172 1087 2241 offenderet
1108 2175 1166 2240 illa
1182 2175 1322 2240 dilatata
1343 2174 1435 2240 notio
1457 2174 1590 2242 theseos

368 2279 509 2344 oratoris
538 2277 646 2344 officio
675 2278 852 2344 adiunctae
878 2278 968 2361 iique
1001 2277 1065 2344 duo
1095 2279 1276 2346 diviserunt
1297 2276 1425 2358 θέσεως
1453 2299 1589 2362 genera:

368 2403 435 2448 uua
458 2387 508 2448 est
530 2381 641 2464 thesis,
660 2403 745 2467 quae
768 2381 931 2468 specialis,
953 2387 991 2447 ut
1012 2382 1060 2446 ita
1076 2382 1193 2462 dicam,
1209 2382 1366 2448 scientiae
1388 2387 1448 2464 est,
1471 2381 1589 2461 altera,

369 2507 453 2570 quae
477 2487 576 2553 etiam
598 2486 642 2551 ad
664 2491 825 2552 oratorem
842 2485 997 2570 pertineo
1024 2484 1083 2551 illa
1104 2482 1298 2575 θεωρητική,
1320 2485 1401 2551 haec
1424 2483 1591 2573 πρακτική

368 2588 420 2655 vel
441 2590 540 2656 etiam
563 2587 718 2678 πολιτική
739 2596 884 2656 vocatur.
892 2595 918 2668 ⁴)
962 2589 1032 2655 Hoc
1060 2589 1235 2655 discrimen
1262 2589 1333 2673 ipse
1356 2589 1469 2655 Cicero
1493 2588 1590 2655 nobis

368 2693 486 2774 tradit,
516 2695 573 2778 qui
602 2698 700 2779 (part.
728 2715 774 2758 or.
803 2695 856 2776 61)
879 2691 1040 2776 propositi
1067 2691 1114 2776 (id
1137 2698 1189 2757 est
1209 2690 1349 2772 θέσεως)
1378 2691 1444 2757 duo
1467 2713 1590 2776 genera

368 2797 494 2878 statuit,
509 2819 608 2863 unum
624 2795 864 2880 cognitionis
874 2791 1050 2881 (θεωρίας),
1060 2794 1200 2860 alterum
1214 2794 1385 2861 actionis
1396 2791 1590 2882 (πράξεως).

369 2899 450 2964 Item
479 2899 512 2965 in
539 2899 697 2965 librorum
729 2920 750 2964 a
776 2898 932 2965 Cicerone
961 2898 1001 2964 de
1032 2902 1164 2964 oratore
1192 2897 1453 2982 conscriptorum
1481 2897 1589 2964 altero

368 3005 399 3085 (§
423 3004 477 3087 68)
510 3003 669 3070 Antonius
698 3002 785 3067 hanc
813 3001 1059 3067 distinctionem
1089 3001 1264 3085 significan
1293 3001 1350 3085 qui
1379 2999 1422 3066 ab
1446 3001 1589 3067 oratoris

370 3103 479 3172 officio
502 3111 644 3172 remotas
667 3105 749 3172 dicit
770 3105 880 3170 theses
905 3104 1067 3188 generalis
1091 3104 1179 3169 illius
1203 3125 1332 3183 sensus,
1361 3125 1427 3186 quo
1451 3105 1590 3170 Herma·

369 3229 464 3292 goras
491 3209 532 3274 iis
555 3209 674 3290 utitur,
703 3207 897 3292 comprobat
923 3212 1033 3274 autem
1062 3207 1169 3273 thesin
1199 3207 1323 3273 oratori
1350 3205 1466 3286 tribui,
1489 3207 1588 3273 modo

370 3310 730 3378 circumscribatur
763 3312 847 3378 eius
883 3311 992 3375 notio
1026 3309 1191 3376 modicis
1225 3309 1457 3395 regionibus
1487 3315 1589 3393 atque

372 3434 412 3480 ea
438 3414 693 3499 complectatur,
721 3435 826 3500 „quae
854 3413 1021 3499 pertinent
1046 3414 1089 3478 ad
1112 3434 1205 3478 usum
1229 3414 1360 3493 civium,
1383 3434 1507 3478 morem
1529 3412 1589 3478 ho·

370 3517 502 3599 minum,
526 3540 611 3603 quac
634 3523 806 3584 versantur
827 3518 862 3582 in
885 3517 1117 3583 consuetudine
1140 3517 1236 3598 vitae,
1258 3516 1436 3582 iuratione
1458 3516 1506 3582 rei
1528 3537 1589 3600 pu·

370 3618 484 3702 blicae,
507 3621 541 3686 in
564 3621 627 3688 hac
650 3623 808 3688 societate
832 3621 930 3700 civili,
951 3620 985 3684 iu
1009 3641 1106 3686 seusu
1122 3620 1288 3685 hominum
1305 3619 1467 3684 communi
1490 3621 1591 3706 (κοινῇ

370 3719 489 3813 ἐννοίᾳ)
513 3732 600 3809 eqs.“
635 3725 783 3811 Denique
806 3725 840 3789 in
864 3723 1005 3808 epistula
1028 3723 1170 3807 quadam
1194 3722 1237 3788 ad
1260 3723 1405 3787 Atticum
1430 3721 1511 3788 data
1533 3721 1590 3809 (IX

370 3834 399 3906 4,
425 3831 457 3911 1)
479 3827 593 3895 Cicero
617 3830 718 3895 etiam
740 3827 905 3894 locutione
928 3824 1043 3906 θέσεις
1065 3822 1238 3892 πολιτικοί
1258 3826 1371 3891 utitur.

369 3979 579 3989 —-—.—.

439 4023 460 4082 ¹)
479 4019 548 4074 Plut.
566 4018 614 4073 vlt.
634 4019 724 4087 Pomp.
743 4035 765 4074 c.
784 4019 825 4075 ta.

440 4104 780 4171 &mmmmm

439 4189 462 4260 ⁸)
481 4190 535 4244 Cic.
555 4190 589 4245 de
608 4206 645 4245 or.
665 4190 705 4245 111
726 4191 786 4244 110:
815 4192 947 4260 „alterum
974 4207 1037 4246 vero
1063 4189 1250 4245 tantummodo
1272 4191 1300 4244 iu
1326 4189 1415 4259 prima
1444 4193 1506 4244 arte
1534 4194 1588 4244 tra·

370 4275 461 4331 denda
478 4275 620 4331 nominant
640 4279 670 4330 et
686 4277 802 4331 oratoris
821 4293 880 4332 esse
899 4277 1005 4344 dicum3
1023 4276 1070 4331 sed
1090 4291 1176 4344 neque
1200 4275 1252 4330 vim
1270 4291 1359 4345 neque
1383 4281 1512 4330 naturam
1531 4276 1588 4330 eius

370 4377 420 4417 nec
454 4365 547 4432 partos
582 4376 631 4416 nec
666 4377 767 4430 genera
792 4364 971 4432 proponuut“
1021 4361 1054 4415 ci.
1083 4361 1169 4416 1178.
1231 4361 1445 4416 Fortunatianns
1479 4361 1588 4417 omniuo

371 4447 706 4503 omisithuucdivisionem
724 4465 811 4518 neque
822 4447 958 4516 Sulpicius
968 4447 1063 4502 Victor
1075 4447 1217 4516 quicquum
1236 4445 1345 4501 uberius
1360 4447 1394 4502 de
1412 4447 1483 4502 thesi
1493 4447 1586 4502 trudit

439 4534 463 4598 ⁴)
482 4532 608 4602 Hermog.
636 4550 712 4603 prag.
740 4535 765 4589 11
783 4551 808 4603 p.
830 4538 862 4590 17
880 4534 934 4603 Sp,
958 4534 1003 4601 qui
1027 4531 1283 4590 easaetenatone
1302 4533 1437 4602 intellegit
1454 4533 1504 4590 vde
1520 4533 1588 4587 ὑπο-

372 4624 547 4675 πεπτωκνίαε
568 4623 629 4674 ταῖς
651 4625 753 4676 κοιναῖς
771 4624 895 4675 ἐννοίαις.
926 4617 1005 4674 Unde
1022 4619 1104 4675 tuelle
1122 4619 1264 4690 collegerit
1282 4620 1416 4689 quispiam
1434 4620 1504 4676 lime
1524 4637 1587 4702 quo·

373 4720 425 4780 que
444 4703 646 4764 distinctionem
665 4706 700 4764 ad
719 4707 824 4767 Stoicos
843 4721 902 4768 essa
919 4704 1096 4780 referendam,
1200 4697 1203 4702 ’
1291 4697 1296 4706 “
1346 4699 1349 4704 ’
