3514 5244
139 567 337 651 br'bliolbdpue
360 566 397 628 dc
425 566 455 628 lu
479 567 546 628 cille
572 566 609 628 de
639 565 868 644 Valeo-cienrros,
892 563 1244 629 Paris-Valenciennes
1276 566 1371 646 1860,

139 694 185 738 nr.
210 673 289 742 393)
314 671 355 734 ab
381 671 415 734 Α.
438 671 549 736 Riesio
579 671 686 752 (Auta.
713 673 779 736 Lot.
810 671 872 736 vol.
896 671 927 734 ll
950 691 982 754 p.
1007 670 1072 734 XX
1095 675 1155 753 sq.)
1184 669 1369 755 propositas

139 777 225 860 ‹ltrod
250 776 371 841 addam
394 797 458 842 non
481 777 628 860 habeo.⁶)

228 905 422 968 quamquam
446 891 554 950 autem
569 885 619 966 iis,
636 904 720 967 quae
735 905 833 970 supra
849 885 1005 970 excerpsi,
1027 884 1260 952 Buechelerum
1283 892 1371 950 recte

140 991 449 1057 Valenciennenscm
503 991 711 1074 Sangallensi
752 1000 949 1076 postponere
997 992 1211 1076 intellegitur,
1262 997 1371 1056 tamen

140 1097 238 1182 paulo
268 1097 409 1181 iniquius
439 1119 511 1164 eum
540 1098 713 1182 iudicasse,
746 1119 816 1164 oum
845 1098 932 1164 ch
965 1099 1034 1164 solo
1066 1099 1169 1164 libelli
1200 1097 1370 1163 Annaeani

139 1205 240 1270 verba
264 1205 491 1272 constituenda
515 1225 589 1272 esse
618 1205 740 1271 diceret
766 1206 885 1288 (Spart.
915 1227 946 1290 p.
979 1210 1045 1290 lb),
1074 1206 1139 1271 ianr
1168 1205 1371 1291 perspicitur.

142 1319 240 1394 atque
282 1312 342 1377 boc
367 1311 496 1395 quidem
520 1313 568 1378 vir
592 1312 830 1378 eruditissimus
854 1313 1023 1398 concessit,
1048 1313 1071 1378 S
1095 1312 1169 1379 etV
1193 1332 1233 1378 ex
1257 1311 1371 1378 eodem

141 1417 320 1503 archetypo
358 1418 540 1504 descriptos
579 1439 662 1487 esse.
721 1440 816 1502 quem
849 1440 919 1484 cum
953 1420 1076 1486 saeculi
1112 1421 1188 1485 noni
1219 1420 1372 1484 librarius

145 1524 385 1610 neglegentius,
421 1527 543 1592 saeculi
576 1525 692 1592 decimi
724 1525 853 1593 lidelius
885 1527 1110 1612 expressisset,
1142 1534 1209 1591 tarn
1238 1526 1373 1609 ignarus

142 1640 252 1696 tamen
275 1641 411 1716 uterque
436 1653 554 1716 eorum,
579 1653 663 1716 quae
683 1634 853 1716 scribebat,
875 1641 952 1717 erat,
981 1642 1017 1699 ut
1044 1654 1116 1699 cum
1143 1634 1245 1698 multa
1271 1633 1371 1697 verba

140 1739 245 1804 minus
269 1740 392 1805 usitata
415 1746 647 1824 corrumperet,
676 1747 742 1804 tum
775 1759 823 1824 ea,
857 1761 941 1822 quac
973 1740 1007 1804 in
1040 1740 1147 1825 capite
1181 1739 1373 1805 duodecimo

140 1846 290 1910 naeniam
313 1846 514 1931 praecedunt
537 1854 570 1912 et
592 1847 656 1911 iam
676 1848 718 1912 ab
742 1867 789 1932 eo,
813 1847 867 1929 qui
886 1845 1096 1932 archetypum
1117 1846 1232 1912 litteris
1254 1846 1371 1910 minus·

141 1951 222 2018 culis
251 1961 456 2036 exaraverat,
480 1955 671 2038 praesertim
702 1954 920 2019 cumGraeca
940 1953 1182 2039 praecederent,
1205 1953 1373 2019 intellecta

141 2080 205 2125 non
243 2069 353 2144 erant,
389 2057 524 2126 Nerua
567 2059 860 2126 CANTABATUR
895 2059 1146 2128 ANAPOSTIS.
1170 2059 1371 2146 repeteretb

143 2187 244 2249 quare
273 2187 293 2230 a
322 2165 381 2230 tali
409 2166 536 2231 bomine
566 2167 668 2252 locos,
701 2185 782 2249 quos
812 2167 843 2232 S.
873 2166 1070 2252 depravatos
1098 2167 1206 2250 babet,
1233 2167 1322 2232 velut
1352 2169 1373 2232 6

141 2276 259 2338 11111101
290 2278 503 2338 rraoarraatis
527 2278 644 2356 firiaco
676 2277 752 2376 (111ν
762 2277 817 2338 bac
846 2297 954 2340 11111111
984 2279 1060 2340 satia
1080 2279 1196 2356 strenae
1219 2275 1262 2349 V)
1296 2277 1372 2339 cto

141 2384 317 2462 deaiprarlus
349 2384 456 2444 1011111
486 2403 568 2446 111111
594 2383 1373 2465 11111’1011’1(1111111111111111111111111111110-

143 2491 200 2552 lus
224 2487 265 2564 V)
291 2495 323 2553 et
342 2491 381 2554 15
408 2490 513 2573 Coepit
531 2491 739 2573 prrrdurerc
762 2497 850 2552 testes
874 2491 992 2572 (eoepit.
1017 2491 1197 2552 Producit
1220 2488 1373 2568 teatesV),

143 2595 196 2677 qui
220 2615 283 2660 non
308 2595 459 2678 fugerunt
481 2594 723 2678 Buechelerum‚
753 2595 870 2678 corrigi
893 2593 1040 2680 potuisse
1063 2593 1151 2659 nullo
1175 2593 1271 2659 modo
1294 2593 1372 2658 mihi

142 2701 339 2786 persuadere
363 2702 536 2788 possum.⁸)
582 2701 709 2768 accedit
738 2702 824 2785 quod
855 2703 888 2767 in
921 2701 1070 2787 Graecis,
1103 2722 1186 2784 qnae
1219 2722 1290 2767 cum
1330 2721 1371 2766 ne

146 2809 411 2892 intellegerentur
435 2809 563 2892 quidem
597 2809 662 2875 illis
686 2811 896 2894 temporibus,
921 2808 1086 2875 emendari
1117 2829 1182 2873 non
1214 2815 1375 2894 poterant,

143 2914 333 2981 Huobaldus
361 2916 522 2998 quaedam
554 2918 596 2998 (v.
625 2937 708 2999 quae
739 2915 894 2982 adnotavi
919 2916 962 2981 ad
985 2939 1017 3002 p.
1044 2919 1116 3000 732,
1142 2919 1159 2982 7
1185 2920 1314 3000 11141,
1339 2918 1372 2996 b)

144 3023 327 3088 accuratius
356 3043 452 3105 quam
481 3023 656 3090 monachus
682 3024 907 3107 sangallensis
928 3023 1108 3108 descripsit.
1160 3021 1299 3106 denique
1323 3022 1375 3088 bis

238 3216 260 3282 a,
279 3217 384 3286 primus
413 3218 504 3272 codice
528 3219 613 3272 etiam
642 3223 702 3273 tum
721 3219 749 3272 in
769 3219 935 3272 monasterio
959 3219 984 3272 S.
1005 3217 1125 3272 amandi
1149 3221 1286 3272 asservato
1310 3235 1376 3271 usus

145 3311 186 3358 est
216 3306 404 3360 Hadrianus
433 3307 549 3360 Iunius
578 3308 731 3361 llornanus.
769 3308 818 3374 qui
847 3325 998 3374 qnamqnm
1027 3308 1057 3361 in
1085 3306 1312 3361 adnotationibus
1340 3305 1375 3360 ad

144 3391 374 3445 dacaolcataaoarr
398 3413 470 3450 arrno
495 3399 562 3450 1557
588 3397 661 3466 opud
685 3396 858 3450 Plantinium
881 3396 963 3450 editis
993 3414 1067 3451 more
1092 3396 1168 3450 illius
1192 3395 1295 3450 saeculi
1318 3411 1373 3448 non

147 3488 273 3538 accurate
297 3487 354 3539 eins
379 3486 508 3540 lectiones
533 3487 765 3550 commemoravit,
795 3485 898 3540 iniuria
925 3489 987 3554 post
1015 3487 1173 3540 Fickertum
1201 3487 1377 3554 vituperatus

147 3578 188 3626 est
207 3591 224 3626 a
241 3573 307 3627 viris
327 3575 450 3639 eruditis,
470 3576 543 3643 quod
561 3593 594 3630 ex
613 3576 662 3629 illo
681 3576 751 3629 libro
769 3575 918 3644 scripturas
936 3575 1104 3644 protulisset,
1124 3574 1242 3642 quaein
1266 3592 1297 3628 eo
1321 3591 1374 3628 non

146 3667 279 3716 extarent.
308 3663 546 3719 iurnrol'ielrertus
566 3665 691 3719 contudit
710 3683 773 3718 cum
792 3663 882 3718 codice
901 3669 968 3718 nota
988 3667 1014 3716 S.
1030 3669 1063 3717 A.
1084 3663 1125 3730 (ε
1139 3664 1233 3717 Sancti
1244 3663 1374 3720 Amandil

147 3751 301 3819 significato
330 3752 447 3807 alterum
478 3754 624 3821 quendam,
653 3771 735 3822 quem
754 3757 867 3807 codicem
887 3762 1008 3808 nostrum
1027 3753 1071 3808 vel
1091 3756 1308 3820 manuscriptam
1327 3752 1375 3806 ille

149 3841 289 3909 appellare
308 3843 377 3896 solet
396 3847 424 3896 et
443 3859 471 3896 se
491 3845 525 3897 ab
545 3844 646 3897 Ioanne
666 3843 775 3897 Canobo
794 3843 855 3908 (lan
873 3860 927 3896 van
947 3843 1026 3910 Cuyk
1036 3842 1235 3896 Ultraiectinus
1249 3845 1374 3894 mortuus

147 3935 188 3982 est
203 3947 274 3983 anno
292 3933 372 3988 151161
392 3932 527 4000 aceepisse
542 3932 571 3984 in
583 3931 755 4000 praefatione
774 3934 878 3985 narrat.
916 3931 1026 3984 videtur
1040 3935 1133 3984 autem
1147 3947 1182 3983 ne
1201 3930 1245 3983 hie
1264 3929 1375 3997 quidem

152 4019 244 4084 codex,
275 4038 336 4073 cum
370 4021 474 4074 Graeca
506 4021 535 4074 in
559 4039 590 4075 eo
614 4021 697 4075 fnisse
730 4023 847 4085 constet,
872 4037 887 4073 e
915 4019 1094 4073 deterioribus
1121 4018 1213 4072 fuisse.
1255 4023 1375 4074 ceterum

148 4125 202 4161 non
221 4109 316 4178 exigui
335 4109 468 4163 momenti
487 4113 529 4163 est
548 4127 688 4178 quaerere,
709 4127 780 4177 quae
798 4111 832 4164 H.
853 4110 926 4163 Iunii
946 4109 1010 4163 fides
1029 4109 1066 4162 sit
1084 4107 1114 4161 in
1133 4107 1276 4162 afferendis
1294 4108 1375 4161 libro·

148 4216 209 4251 rurn
228 4201 400 4251 vetustorum
420 4199 597 4264 lectionibus,
618 4217 680 4253 cunr
705 4199 791 4252 etiam
815 4199 897 4252 codex
926 4198 1116 4252 atrebatensis
1143 4197 1233 4250 laudis
1261 4197 1375 4259 Pisonis,

151 4305 205 4356 qno
223 4287 271 4340 ille
291 4305 354 4340 usus
374 4287 498 4350 estiatur
518 4305 571 4341 non
592 4291 675 4342 extet.

241 4373 260 4444 ²)
280 4375 369 4430 simile
396 4376 497 4430 vitium
525 4381 660 4431 memorat
687 4377 720 4430 H.
740 4377 845 4432 Keilius
872 4377 902 4430 in
932 4376 1017 4430 Plinii
1044 4375 1226 4445 epistularum
1254 4374 1375 4429 editione

149 4465 214 4518 anui
236 4466 305 4518 1810
323 4484 349 4534 p.
369 4465 406 4518 lX
425 4466 518 4520 adnot.

241 4551 261 4620 Β)
290 4554 358 4608 alios
377 4554 479 4609 similes
499 4556 571 4610 locos
590 4555 619 4610 C.
638 4555 817 4610 Sebenkelius
835 4553 1061 4610 commemoravit
1079 4554 1109 4607 in
1128 4556 1205 4607 Actia
1223 4555 1378 4608 academiae

156 4645 364 4698 Vardcboaeaa's
381 4644 448 4698 anni
469 4645 538 4698 1863
557 4663 583 4713 p.
604 4645 645 4698 12.
