3568 5238
955 439 994 532 aa

362 659 452 734 cedit,
466 679 538 722 curn
553 658 655 738 legem
672 658 709 722 de
726 659 846 722 ambitu
863 659 1003 722 omniunt
1016 658 1152 723 Cornelii
1168 659 1273 740 legum
1287 678 1386 740 paene
1402 657 1585 722 ultimam

362 763 450 836 dicit,
475 761 718 842 necquicquam
742 763 846 838 habet,
873 781 933 844 quo
955 779 1045 824 suam
1067 761 1230 825 confirmet
1252 761 1450 825 sententiam.
1473 759 1584 835 lmmo,

362 867 509 946 quoniam
537 864 600 927 illis
622 864 698 946 ipsis
722 865 844 945 legibus
867 863 1049 946 repudiatis,
1079 865 1137 927 etsi
1160 863 1313 927 Asconius
1336 864 1479 936 alteram,
1507 863 1586 926 alte-

361 987 428 1031 ram
452 968 510 1030 Dio
534 967 651 1042 reticet,
674 967 836 1030 tribunum
866 965 1020 1030 offensum
1045 969 1173 1030 senatus
1197 967 1416 1030 auctoritatam
1443 966 1512 1029 aliis
1539 966 1585 1028 lo-

361 1071 453 1151 gibus
473 1069 659 1133 imminuere
682 1068 840 1133 studuisse
857 1068 939 1151 apud
954 1073 1124 1152 utrumque
1140 1069 1324 1151 scriptorem
1346 1069 1490 1149 legimus,
1513 1067 1584 1130 illae

361 1191 424 1236 una
453 1171 534 1246 lere,
569 1175 651 1236 corte
675 1171 801 1252 quidem
824 1174 897 1235 ante
921 1190 973 1236 aas
997 1172 1080 1236 latae
1103 1191 1171 1236 esse
1200 1171 1277 1234 milri
1305 1170 1467 1244 videntur,
1504 1187 1584 1251 quas

361 1277 589 1338 commentator
610 1295 639 1356 p.
665 1275 703 1334 51
729 1277 761 1337 et
783 1275 841 1338 Dio
864 1273 999 1338 XXXVI
1022 1275 1062 1336 39
1086 1275 1162 1354 (22),
1186 1276 1205 1336 2
1230 1294 1297 1356 sqq.
1321 1274 1513 1338 describunt.

448 1376 544 1452 Adde,
558 1376 639 1457 quod
656 1377 715 1440 Dio
730 1375 863 1440 XXXVI
880 1378 930 1452 39,
949 1379 965 1438 1
983 1379 1107 1458 propter
1122 1377 1207 1458 leges
1223 1377 1261 1440 de
1277 1377 1399 1440 ambitu
1428 1375 1585 1438 tumultus

361 1481 445 1542 ortos
474 1497 541 1543 esse
569 1481 613 1543 ita
642 1484 763 1554 narrat,
787 1481 823 1542 ut
850 1479 878 1542 ei
900 1479 1016 1560 optime
1045 1480 1210 1543 conveniat
1232 1498 1304 1542 oum
1327 1479 1458 1542 Asconio
1482 1499 1510 1560 p.
1533 1479 1585 1554 67,

363 1583 495 1644 12-1ῖ,
537 1583 648 1663 Itaque
671 1601 733 1645 non
758 1582 795 1645 de
819 1582 949 1657 diverso,
973 1582 1027 1644 scd
1051 1581 1089 1644 de
1113 1583 1271 1646 communi
1294 1582 1480 1664 scriptorum
1500 1581 1585 1646 lente

360 1685 562 1765 cogitandum
586 1689 642 1760 est,
667 1703 762 1766 quem
786 1691 898 1749 neuter
920 1687 1023 1747 totum
1046 1684 1252 1766 exscripserit.

445 1786 492 1850 Ne
516 1786 553 1849 de
576 1791 714 1850 correcta
730 1787 855 1868 quidem
873 1787 1007 1850 Cornelii
1027 1786 1095 1868 lega
1108 1788 1260 1850 Asconius
1283 1807 1311 1869 p.
1336 1789 1386 1862 51,
1410 1786 1581 1860 23-52,1

361 1909 434 1952 cum
447 1889 547 1952 Dione
560 1888 694 1952 XXXVI
704 1890 752 1965 39,
766 1893 794 1951 3.
804 1891 824 1950 4
835 1890 960 1954 omnino
973 1889 1136 1953 consentit.
1155 1889 1235 1952 Nam
1248 1909 1320 1952 cum
1333 1891 1463 1969 uterque
1477 1891 1587 1952 auctor

364 1992 419 2063 sit,
454 1997 489 2053 ut
518 1983 639 2072 legibus
669 1992 780 2072 aliquis
808 1993 994 2068 solveretur,
1024 2011 1100 2075 opus
1132 1991 1227 2056 fuisse
1255 1995 1287 2056 et
1314 1991 1587 2054 senatusconsulto

361 2095 443 2156 hanc
465 2112 532 2157 rem
555 2094 796 2157 commendante
820 2099 851 2156 et
874 2097 1071 2159 oomttiorum
1095 2114 1240 2170 assensu,
1274 2094 1333 2158 Dio
1356 2095 1479 2166 amitat,
1504 2112 1586 2173 quae

361 2195 530 2260 scholiasta
553 2197 590 2258 de
614 2214 744 2258 numero
769 2201 962 2274 senatorum,
997 2217 1075 2278 quos
1099 2197 1207 2261 adesse
1230 2215 1358 2260 neeesse
1382 2199 1457 2266 erat
1493 2195 1587 2258 etde

360 2299 457 2361 uetita
479 2298 698 2362 intercessione
728 2298 828 2372 addit;
864 2319 944 2381 quae
975 2300 1184 2382 discrepantia
1216 2301 1282 2362 sine
1310 2299 1375 2362 ulla
1398 2297 1587 2360 difficultate

359 2401 404 2464 ita
427 2401 606 2482 explicatur,
634 2405 669 2462 ut
692 2399 750 2463 Dio
774 2420 840 2464 rem
862 2402 950 2466 illam
980 2404 1058 2466 satis
1088 2404 1266 2466 intricatam
1295 2406 1326 2464 et
1349 2401 1530 2464 brevissime
1554 2403 1589 2462 et

359 2503 463 2568 minus
487 2505 630 2566 accurate
653 2502 826 2568 reddidisse
846 2505 997 2570 videatur.

446 2639 611 2702 Praeterea
634 2639 811 2702 conferendi
836 2645 910 2703 sunt
932 2641 964 2704 hi
988 2642 1062 2706 looi:

481 2796 553 2856 nso.
577 2813 606 2874 p.
631 2795 682 2868 or,
709 2795 828 2855 1-11:
1040 2797 1097 2860 nio
1120 2797 1253 2860 xnnvr
1276 2799 1317 2862 ao
1341 2802 1419 2881 (13),
1446 2803 1471 2862 1.
1495 2803 1533 2862 2:

440 2912 474 2974 L.
492 2913 950 2998 auterrrTrebellius<eslj>
1082 2919 1248 2980 τοιαῦτα
1281 2911 1328 3003 δὴ
1363 2923 1430 2983 τοῦ
1468 2924 1585 3002 Γαβι-

360 3015 542 3078 tribunus
559 3016 687 3097 plebis
704 3035 799 3096 quem
821 3037 953 3080 nonno
997 3012 1083 3083 νίοσ
1105 3013 1289 3098 εἰπόντος
1312 3017 1586 3106 ὁΤρεβέλλιος

363 3118 478 3180 minat:
513 3137 584 3198 quo
607 3122 880 3200 perseverante
904 3120 954 3182 in·
999 3117 1197 3206 ἐπειράθη
1213 3113 1513 3203 μένᾶντειντεῖν.
1537 3119 1586 3202 ὡς

364 3219 573 3292 taroedere,
608 3223 696 3300 (narn
734 3223 859 3285 senatui
885 3242 953 3303 pro·
998 3216 1027 3286 d'
1066 3215 1222 3302 οὖδενὸς
1274 3223 1388 3310 λόγοι·
1442 3221 1583 3306 ἔτυχεν,

364 3323 696 3387 miseratmoriturum
718 3327 953 3405 scanteqoam
998 3319 1226 3412 ἠναντιοῦτο
1259 3333 1310 3414 τῷ
1337 3326 1382 3414 μὴ
1410 3327 1477 3414 τὴν
1511 3335 1585 3415 ψῆ-

359 3425 415 3489 illa
445 3427 494 3489 len
518 3426 599 3506 lscil.
623 3426 770 3503 Gabinia,
805 3447 868 3508 qua
896 3428 952 3492 Cn.
998 3451 1066 3514 (μον
1106 3427 1287 3513 δοθῆναι.
1328 3419 1438 3496 dciv
1470 3430 1584 3514 Γαβί-

360 3528 509 3612 l’ompeio
542 3529 661 3592 bellum
693 3529 842 3593 adversus
872 3531 953 3612 pira·
996 3555 1081 3608 νιος
1112 3531 1379 3617 ἀγανακτήσας
1421 3527 1487 3618 τὴν
1513 3534 1587 3617 μέν

361 3636 410 3694 tos
426 3629 828 3714 detumestjlfiperferretur)
851 3634 953 3698 intro
998 3634 1088 3718 ντεριῖ
1111 3639 1175 3699 roi·
1199 3639 1284 3715 Πομ
1297 3632 1413 3720 κρίσι·
1436 3635 1584 3723 διαψή-

360 3752 499 3797 voeare
523 3733 953 3800 tribusGabiniuscoe-
1000 3756 1114 3820 ιμισιν
1149 3733 1324 3818 έντέοχεν,
1366 3734 1505 3823 ἑτέραν
1540 3739 1582 3805 δέ

360 3837 431 3918 pit,
462 3840 503 3900 ut
529 3836 719 3900 Trebellio
748 3839 953 3919 magistra·
997 3838 1089 3921 περὶ
1124 3833 1237 3904 αὐτοῦ
1269 3837 1415 3906 ἐκείνοι·
1452 3835 1579 3920 ὀντες-

360 3941 440 4001 tum
475 3939 700 4020 abrogaret,
739 3940 822 4002 sicut
856 3961 953 4022 quon·
997 3945 1075 4026 ἦγε·
1108 3941 1170 4006 καὶ
1216 3939 1348 4023 ἔδοξεν
1391 3940 1583 4007 inresol-

361 4041 434 4104 dam
470 4042 516 4104 Ti.
547 4041 708 4105 Gracchus
737 4042 881 4106 tribunus
909 4043 951 4107 M.
973 4096 975 4141 Ι
997 4042 1089 4107 δεκα
1111 4046 1252 4130 φυλαῖς
1284 4051 1369 4125 ταῖς
1402 4043 1584 4130 πρώταις

361 4143 490 4208 Octavio
513 4143 649 4224 collegae
665 4145 952 4226 suomagistratum
995 4147 1316 4231 χρηματιοάσαις
1357 4141 1507 4213 ἀδικεῖν
1544 4172 1584 4214 τε

361 4246 531 4327 abrogavit.
562 4247 608 4309 nt
623 4245 953 4326 aliquamdiuTre-
997 4241 1112 4314 αὐτὸν
1133 4248 1194 4314 καὶ
1215 4249 1352 4338 μιρκέτι
1368 4256 1500 4336 χρῆναι
1519 4251 1583 4338 δρ-

361 4348 504 4411 bollius
533 4369 574 4412 ea
606 4368 642 4411 re
671 4369 741 4411 non
775 4353 951 4432 perterri-
994 4357 1165 4436 μαρχεῖν.
1194 4351 1411 4439 μελλούσης
1434 4341 1496 4419 οὖν
1517 4355 1583 4420 καὶ

360 4455 421 4513 tus
451 4451 583 4516 aderat
612 4453 885 4534 perstabatque
913 4455 950 4516 in
993 4458 1059 4538 τῆς
1091 4447 1426 4542 ὀκτωκαιδεκάτρς
1451 4449 1498 4520 τὰ
1524 4451 1585 4521 αι’·-

360 4553 658 4626 interccssione‚
682 4555 763 4636 quod
785 4555 815 4618 id
836 4557 949 4619 minari
992 4549 1038 4620 τὰ
1075 4561 1318 4644 ψηφιεῖσθαι
1346 4557 1461 4641 μόλις
1485 4559 1584 4626 κοτὲ

360 4657 461 4738 magis
479 4675 574 4738 quam
591 4661 862 4738 perseveraturum
879 4678 946 4722 esse
992 4653 1009 4720 ὁ
1035 4657 1270 4744 Τρεβέλλιος
1293 4657 1522 4747 ἐσιώπησεν.
