3480 5230
695 437 907 535 *ιι-

196 664 304 731 tandis
338 673 485 735 versatus
520 670 571 735 est
605 664 846 754 Chrysippus.¹)
901 662 990 731 Haec
1017 663 1127 730 studia
1160 662 1410 749 diligentissime

192 774 429 842 continuabant
449 773 652 857 Pergameni,
675 793 814 857 quorum
837 771 985 857 plerique
1007 768 1149 836 Stoicam
1171 766 1411 854 profitebantur

192 879 447 965 philosophiam
477 885 577 962 atque
602 877 778 943 Homerum
801 875 848 940 illi
871 873 1003 958 quidem
1026 875 1121 959 quasi
1144 874 1264 940 iontem
1287 876 1410 939 statue·

191 983 271 1049 bant
295 982 438 1050 omnium
462 981 706 1066 disciplinarum
732 980 901 1064 omnisque
924 978 1087 1044 scientiae.
1098 981 1123 1062 ²)

276 1087 314 1152 Iu
330 1084 502 1171 Chrysippi
526 1091 596 1151 arte
619 1085 789 1166 rhetorice,
813 1104 910 1167 quam
935 1082 1048 1149 Cicero
1070 1087 1104 1148 et
1126 1083 1287 1167 Diogenes
1308 1082 1408 1172 Laer-

190 1191 256 1256 tius
278 1194 543 1267 commemorant,
567 1188 665 1254 etiam
688 1188 771 1254 baec
794 1187 894 1252 fuisse
911 1187 1035 1270 scripta
1052 1185 1211 1264 videntur,
1235 1207 1320 1270 quae
1338 1186 1410 1251 Plu·

190 1294 324 1360 tarchus
353 1293 393 1358 de
420 1292 519 1359 Stoic.
546 1313 613 1374 rep.
641 1314 667 1357 ο.
694 1299 735 1360 28
766 1292 877 1359 tradit.
939 1291 986 1356 De
1014 1289 1178 1355 vocalium
1212 1290 1298 1354 enim
1333 1310 1408 1354 con-

190 1398 338 1463 cursione
362 1400 441 1478 (τῶν
467 1392 659 1483 φωνηέντων
686 1392 888 1483 σογκροὺσει)
913 1393 1112 1478 Chrysippus
1143 1391 1243 1458 verba
1270 1391 1349 1457 lacit
1376 1395 1410 1457 et

190 1506 305 1567 contra
326 1500 501 1565 Isocratem
529 1499 758 1564 Anaximenem
782 1499 874 1579 alios,
898 1498 954 1582 qui
983 1497 1068 1562 tales
1097 1494 1283 1560 collisiones
1311 1494 1408 1560 vitari

189 1602 358 1681 iubebant,
382 1602 559 1686 praecipit:
583 1595 618 1668 οὑ
641 1599 742 1685 μόνον
763 1604 866 1667 ταῦτα
889 1599 1049 1686 παρετέον
1069 1601 1125 1664 τοὺ
1146 1593 1312 1683 βελτίονος
1335 1595 1408 1679 ἕχο-

189 1705 318 1790 μένοις,
345 1699 428 1772 ἀλλὰ
449 1704 503 1770 καὶ
528 1697 630 1783 ποιὰς
652 1696 813 1791 ἀσαφείας
840 1703 895 1771 καὶ
922 1699 1085 1786 ἐλλείψεις
1111 1699 1166 1766 καὶ
1193 1698 1229 1788 νὴ
1253 1696 1321 1766 Δία
1349 1722 1409 1766 σο-

189 1807 388 1893 λοικισμούς,
405 1800 455 1896 ἐφ’
479 1799 529 1889 οἷς
543 1801 635 1874 stillet
651 1799 691 1873 ib
705 1803 962 1896 αἰσχυνθείησαν
977 1797 1034 1872 οὑκ
1048 1799 1158 1890 ὀλίγοι.
1181 1803 1284 1870 Simul
1300 1809 1408 1868 autem

189 1914 287 1978 docet
308 1915 363 1978 τοῦ
385 1909 569 1999 ἐλευθερίου
591 1909 645 1976 καὶ
662 1904 796 1998 ἀφελοῦς
810 1907 933 1994 κόσμον
948 1910 1016 1975 δεῖν
1038 1905 1303 1996 ἐπιστρέφεσθαι
1324 1899 1409 1972 asini

189 2019 255 2082 τῶν
282 2013 394 2102 λόγων.
441 2017 548 2098 Atque
579 2015 678 2080 etiem
708 2012 749 2079 de
777 2015 906 2080 actione
938 2012 988 2078 vel
1015 2011 1280 2097 pronuntiatione
1312 2031 1407 2094 prae·

189 2125 287 2203 cepta
302 2118 372 2184 dat:
396 2116 697 2205 (ἐπιστρέφεσθαι)
719 2116 774 2183 καὶ
795 2121 860 2184 τῶν
882 2111 1010 2183 οἰκείων
1031 2110 1234 2202 ὑποκρίσεων
1249 2110 1332 2180 κατὰ
1347 2110 1407 2193 τὰς

189 2219 432 2304 ἐπιβαλλούσας
452 2219 597 2300 couerci)
625 2225 683 2308 τῆς
704 2225 815 2308 φωνῆς
835 2219 890 2286 καὶ
910 2215 1148 2308 σχηματισμοῖς
1168 2221 1226 2283 τοῦ
1246 2240 1282 2283 τε
1302 2239 1407 2304 προσ-

188 2323 285 2391 ιὺπου
321 2324 379 2394 καὶ,
414 2329 479 2390 τῶν
504 2328 629 2410 χειρῶν.
687 2325 737 2389 Eu
765 2324 865 2390 babes
893 2323 1111 2407 Chrysippum
1143 2320 1405 2404 antiquissimum

188 2433 305 2494 testem
338 2426 563 2512 bipartitiouis
596 2427 685 2493 illius
708 2421 924 2515 ὑποκρίσεως,
960 2447 1044 2511 quae
1076 2424 1164 2509 apud
1194 2430 1343 2509 posteros
1373 2429 1406 2492 et

188 2531 333 2597 Graecos
357 2534 391 2598 et
412 2531 546 2597 Latinos
568 2529 718 2598 rhetores
740 2530 948 2612 inscribunt)

189 2656 398 2666 ——-

259 2723 280 2788 ι)
297 2721 368 2776 Plut.
387 2720 421 2774 de
439 2720 500 2774 aud.
519 2725 591 2788 poet.
610 2736 633 2775 c.
654 2723 693 2774 11.

258 2809 278 2870 ²)
298 2807 331 2861 ct.
344 2807 473 2868 Brassica,
492 2805 525 2860 de
541 2821 642 2861 canone
658 2807 683 2860 X
698 2811 766 2859 orat.
786 2822 811 2873 p.
830 2807 907 2859 6611.
927 2806 956 2871 43
975 2822 1000 2872 p.
1020 2807 1054 2858 59
1071 2821 1121 2875 sq,
1140 2805 1185 2874 qui
1201 2803 1406 2872 diligentissime

188 2892 298 2957 coluerit
322 2893 393 2948 locos
416 2892 469 2947 buc
492 2893 659 2961 pertinentes
683 2893 812 2960 plurimos
835 2909 862 2958 p.
886 2894 921 2944 50
944 2910 968 2945 n.
992 2893 1065 2959 2sq.
1101 2892 1203 2960 Quibus
1222 2891 1292 2946 addo
1315 2889 1405 2957 Quint.

189 2977 215 3030 ll
236 2981 276 3044 17,
294 2981 319 3040 8,
337 2993 371 3032 ex
390 2995 442 3047 quo
464 2977 592 3032 discimus
610 2979 664 3032 iam
688 2984 752 3032 aute
770 2978 964 3046 Quintilianum
992 2976 1075 3032 fuisse
1100 2978 1144 3046 qui
1169 2977 1222 3031 tria
1239 2977 1287 3031 illa
1306 2990 1406 3044 genere

188 3063 294 3118 dicendi
320 3065 348 3117 in
372 3064 481 3118 Homeri
510 3064 676 3119 carminibus
704 3063 860 3132 significata
887 3080 947 3119 esse
974 3065 1160 3118 demonstrare
1192 3063 1347 3130 struerem
1371 3063 1405 3116 ci.

190 3149 299 3204 Planud.
331 3149 403 3217 Vp.
426 3151 479 3203 505
503 3151 561 3215 W.‚
589 3150 634 3218 qui
672 3150 706 3204 ad
739 3149 915 3218 Hermogenis
945 3153 1028 3222 ¹verba
1053 3150 1090 3222 (11
1113 3167 1139 3220 p.
1163 3153 1225 3220 317,
1249 3151 1322 3217 esq.
1348 3148 1406 3216 Sp.)

188 3232 291 3303 σχεὺὀν
313 3232 399 3290 οὐδεὶς
418 3233 492 3288 οὑτοι
510 3235 599 3291 καλῶς
617 3231 680 3288 oles
691 3237 751 3288 τῶν
768 3233 898 3306 α’ρχαίων
916 3235 984 3310 αὐτῇ
997 3241 1137 3306 κέχρηται,
1157 3236 1218 3292 oieb
1232 3236 1325 3307 ῥήτωρ
1335 3233 1404 3304 μετά

186 3341 217 3392 γε
233 3317 365 3390 Ὅμηρον,
398 3321 465 3376 haec
488 3323 614 3378 adnotat:
642 3323 861 3394 παραχωροῦσιν
881 3321 990 3392 Ὁμήρῳ
1013 3321 1116 3380 πάντες
1138 3319 1202 3377 ὅσοι
1222 3322 1273 3377 sris
1296 3318 1406 3393 λογικὰς

187 3403 329 3474 μετῆλθον
353 3411 454 3474 τέχναι
473 3405 523 3459 rire
540 3407 570 3470 ἐξ
588 3407 674 3462 αὑτοῦ
699 3409 748 3463 sris
775 3405 864 3480 α’ρχιὺε
884 3405 1021 3477 εἰληφότες
1044 3415 1090 3461 καί
1112 3410 1148 3462 cri
1177 3413 1323 3479 σπέρματα
1347 3409 1406 3459 τῶν

192 3491 363 3544 ὑποθέσεων.
403 3493 435 3546 ci.
455 3496 541 3548 Anon.
560 3494 586 3548 ll
603 3510 628 3562 p.
648 3497 696 3560 913
715 3493 753 3548 Vl
772 3510 796 3562 p.
816 3496 839 3546 9.
859 3494 906 3560 48;
925 3493 974 3547 Vll
992 3511 1016 3562 p.
1035 3498 1070 3550 39
1090 3497 1132 3552 W.

257 3580 277 3642 ¹)
296 3577 432 3645 Quantam
457 3594 548 3634 curam
572 3579 599 3634 in
622 3579 674 3634 hac
698 3580 813 3634 actionis
837 3584 916 3647 parte
934 3579 1127 3637 collocaverint
1152 3587 1289 3648 oratores,
1317 3597 1352 3636 ex
1372 3596 1405 3636 eo

188 3663 289 3731 optime
307 3663 487 3732 cognoscitur,
505 3667 575 3734 quod
594 3666 627 3721 de
641 3668 671 3722 0.
684 3667 806 3722 Graccho
825 3670 965 3731 narratur;
984 3666 1031 3735 qui
1043 3666 1143 3723 dicitur
1159 3673 1221 3737 post
1234 3684 1264 3724 se
1278 3667 1405 3722 habuisse

188 3765 294 3804 serrum
312 3750 430 3806 musicae
449 3752 517 3806 artis
535 3752 662 3820 peritum,
676 3752 720 3821 qui
739 3752 843 3806 occulte
861 3752 981 3806 eburnea
998 3750 1092 3807 fistula
1108 3753 1337 3822 pronuntiationis
1347 3755 1405 3807 eius

189 3836 281 3889 modos
299 3836 432 3891 formaret
449 3841 498 3891 aut
515 3837 597 3892 nimis
615 3838 742 3892 remissos
760 3837 903 3892 excitando
922 3843 970 3892 aut
989 3839 1050 3907 plus
1068 3838 1140 3895 iusto
1157 3839 1308 3895 concitatos
1326 3853 1402 3892 revo-

189 3920 276 3976 cando
294 3921 364 3988 (Val.
384 3923 455 3976 Max.
477 3923 604 3986 vrum,
625 3928 653 3992 13
673 3923 727 3978 (lic.
746 3923 780 3979 ds
798 3939 835 3979 or.
856 3923 898 3979 ΙΙΙ
916 3925 982 3990 225;
1005 3923 1073 3979 Gall.
1092 3925 1125 3979 N.
1146 3927 1178 3980 A.
1196 3927 1207 3979 l
1228 3927 1268 3990 11,
1294 3926 1326 3978 10
1344 3923 1404 3992 οΙ.);

188 4007 221 4060 cl.
240 4009 325 4062 Auon.
345 4006 370 4060 ll
395 4027 422 4079 p.
443 4013 454 4062 l
476 4014 545 4064 extr.
565 4011 622 4065 We
645 4009 691 4077 τῆς
715 4005 745 4062 ὑὲ
763 4008 934 4078 ὑποκρίσεως
958 4009 1004 4061 ἵνα
1027 4013 1073 4062 καί
1095 4011 1137 4077 τῷ
1160 4009 1282 4079 σχήματι
1304 4014 1350 4062 καί
1371 4009 1406 4082 τῇ

187 4093 264 4165 φωνῇ
286 4091 321 4148 ric
345 4091 382 4146 ιῖν
403 4092 545 4166 τραγφδὺε
567 4094 678 4168 ἄριστοι
701 4101 759 4152 τοῖς
781 4093 934 4166 λιμομένοιε
957 4097 1199 4165 συσχηματίζφταα
1242 4096 1322 4151 Haud
1347 4095 1404 4150 scio

187 4194 222 4233 an
245 4178 313 4234 haec
334 4179 369 4235 ad
393 4180 487 4236 Stoica
510 4186 661 4252 praecepta
684 4181 739 4236 siut
762 4180 912 4236 referenda.
950 4182 1019 4236 Nem
1046 4186 1238 4250 praeterquam
1266 4180 1336 4250 quod
1361 4180 1405 4235 hic

189 4263 343 4334 Anonymus
368 4266 519 4322 Stoicorum
543 4267 693 4322 doctrinam
717 4267 882 4322 rhetoricam
906 4267 1023 4335 aliquam
1047 4271 1154 4335 partem
1183 4267 1316 4335 sequitur,
1344 4265 1404 4319 Phi·

186 4348 308 4404 lodemus
329 4351 477 4418 Epicureus
497 4353 576 4418 (rhet.
596 4353 634 4407 1v
652 4353 700 4408 col.
723 4354 755 4406 12
773 4353 833 4422 ιφ),
852 4353 897 4421 qui
916 4352 1024 4422 saepius
1042 4352 1148 4407 Stoicos
1165 4352 1317 4420 impugnat,
1337 4351 1405 4405 haec

187 4435 308 4489 exhibet:
330 4441 376 4490 καὶ
388 4435 422 4504 νὴ
439 4435 481 4488 Δί’
501 4438 526 4490 εἰ
540 4442 592 4505 μὲν
609 4443 655 4491 καί
672 4437 725 4506 τὴν
742 4441 773 4490 έν
789 4434 958 4512 τραγῳδίᾳ
976 4441 1022 4492 καί
1041 4434 1173 4506 κωμῳδίᾳ
1192 4441 1238 4490 καὶ
1250 4442 1341 4506 μίμοιε
1358 4441 1404 4488 καὶ

186 4525 246 4575 τοῖς
263 4518 410 4593 ἀντιλόγοις
428 4520 577 4593 ὑπόκρισιν
598 4523 786 4576 ὑποτιθέασιν
808 4525 841 4596 τῇ
865 4524 1006 4596 ρφιορικῇ,
1032 4524 1219 4592 μακαρίζομεν
1240 4520 1337 4579 αὑτοὺε
1359 4525 1405 4587 τῆς

188 4610 336 4672 errrorem
354 4607 413 4662 ride
431 4607 514 4662 etiam
533 4609 586 4664 Cic.
606 4609 639 4663 de
657 4625 695 4664 or.
716 4609 727 4662 l
745 4611 804 4662 251.

258 4693 281 4763 ⁴)
301 4691 423 4748 Cornifie.
442 4694 477 4748 ad
496 4693 560 4748 Her.
581 4695 619 4749 lli
639 4697 679 4750 19:
692 4695 838 4764 „dividitur
850 4694 933 4764 igitur
950 4695 1137 4765 pronuntiatio
1155 4695 1182 4749 iu
1200 4694 1271 4750 vocis
1289 4693 1403 4763 figuram
