3560 5238
794 451 841 516 ‘81

295 645 350 712 leh
382 644 623 712 durehmustere
660 645 744 712 naoh
783 644 896 712 diesen
929 644 1227 731 Gesiohtapunkten
1263 644 1343 710 kura
1381 643 1434 711 dio

206 752 342 831 Quellen
375 752 432 819 der
460 753 672 836 juristisohen
700 753 767 818 und
799 753 1071 838 grammatisohen
1099 752 1346 836 Bemerkungen
1375 752 1434 819 des

204 860 345 946 Verrius,
368 861 492 927 welche
515 861 549 926 in
572 861 635 928 den
659 868 775 946 ,ersten
799 859 922 949 Teilen‘
946 861 979 926 in
1003 860 1184 927 thnliohem
1209 860 1317 927 Grada
1342 862 1434 927 tiber-

204 967 345 1052 wiegen,
379 970 441 1036 wia
468 969 503 1035 in
530 969 593 1036 den
621 969 776 1055 ‚zweiten‘
805 968 858 1036 die
888 967 987 1035 sehon
1016 968 1260 1054 besproohenen
1284 969 1433 1035 saeralen

205 1075 376 1161 Angaben:

291 1184 363 1249 Von
378 1183 440 1250 den
455 1184 716 1270 juristisohen
731 1183 1046 1250 Gewahrsmannern
1071 1183 1151 1249 wird
1175 1204 1228 1248 am
1246 1181 1430 1266 hsufigsten

203 1291 336 1357 Aelius
361 1292 498 1358 Gallus
522 1300 674 1376 genannt,
704 1313 767 1358 von
796 1291 914 1358 dassen
937 1292 1037 1357 Werk
1061 1295 1097 1356 cte
1120 1294 1339 1374 siquifioottone
1361 1313 1430 1355 uer-

202 1400 319 1480 borum,
344 1422 421 1484 qnae
444 1403 486 1464 ud
508 1404 556 1466 ius
579 1404 668 1465 ciuile
686 1404 850 1484 portinent,
882 1399 951 1465 sioh
979 1399 1106 1482 Anlage
1134 1397 1200 1464 und
1228 1398 1323 1463 Form
1347 1397 1430 1462 nooh
1534 1450 1537 1458 .

202 1526 261 1572 aus
286 1506 348 1573 den
363 1506 597 1591 Anllihrungen
615 1508 667 1574 bei
682 1508 799 1574 Festus
825 1507 987 1573 erkennen
1012 1506 1131 1572 lassen.
1177 1505 1232 1570 loh
1262 1504 1344 1588 gelre
1367 1525 1430 1570 von

202 1612 397 1698 denjenigen
430 1607 569 1681 Glossen
602 1636 674 1699 aus,
707 1615 740 1679 in
768 1614 912 1681 welchen
946 1613 999 1680 die
1034 1613 1192 1696 Angaben
1225 1611 1285 1679 des
1316 1611 1429 1678 Aelius

202 1720 316 1788 Gallus
339 1727 536 1806 wortgotren
558 1722 749 1788 wiederholt
771 1721 916 1788 werden:

290 1829 322 1895 S.
333 1831 406 1915 206,
420 1831 459 1896 12
479 1833 661 1896 »Patr-arun
676 1851 797 1913 genera
811 1834 886 1896 sunt
900 1828 973 1912 duo,
988 1847 1123 1911 quorum
1134 1827 1271 1893 altorum
1280 1826 1429 1892 naturale

200 1957 315 2003 saxum
327 1937 512 2023 prominens
526 1939 559 2003 in
574 1943 662 2003 mare
676 1989 860 2006 .........
882 1937 1019 2002 alterum
1033 1935 1260 2019 manufactum,
1283 1940 1319 2000 ut
1334 1933 1429 1999 docet

199 2045 311 2112 Aelius
327 2046 455 2112 Gallus:
480 2047 604 2128 ,Petra
629 2054 699 2124 est,
723 2046 785 2128 qui
810 2046 920 2138 loeus
944 2044 1059 2108 dextra
1074 2063 1113 2107 ao
1128 2042 1259 2109 sinistra
1276 2042 1427 2107 fornicem

202 2153 351 2238 expletur
372 2173 477 2237 usque
500 2153 543 2218 ad
567 2153 791 2218 libramentum
816 2151 930 2218 summi
953 2150 1120 2216 forniois‘.«

216 2279 218 2282 ·
289 2259 322 2327 S.
348 2264 421 2345 213,
449 2264 489 2326 15
523 2263 585 2325 »st
613 2259 727 2326 Gallus
750 2259 862 2324 Aelius
891 2259 973 2324 libro
997 2258 1028 2321 11
1058 2257 1329 2341 signifieationum
1357 2275 1426 2321 ner-

198 2368 319 2451 borum,
347 2388 431 2452 quae
460 2367 577 2434 adius
600 2368 772 2452 pertinent,
796 2367 855 2431 ait:
886 2367 994 2451 ,Reus
1019 2371 1090 2449 θεῖ,
1123 2365 1185 2449 qui
1219 2384 1291 2429 eum
1323 2363 1426 2429 altero

196 2473 285 2540 litem
314 2481 529 2542 contestatam
558 2474 665 2560 habet,
698 2474 768 2541 siue
798 2474 826 2539 is
855 2474 930 2558 egit,
965 2472 1034 2538 siue
1063 2493 1134 2537 oum
1163 2492 1201 2536 eo
1231 2478 1338 2536 aetum
1367 2477 1425 2537 est.

196 2583 300 2648 Reus
325 2582 550 2668 stipulando
575 2589 635 2649 est
658 2581 752 2667 idem,
776 2571 839 2666 qui
863 2581 1034 2666 stipulator
1050 2579 1166 2646 dieitur
1183 2600 1209 2646 e.
1225 2599 1253 2662 q.
1269 2599 1294 2644 s.
1325 2579 1426 2646 Reus

196 2689 460 2774 promittendo
485 2697 557 2775 θεῖ,
581 2689 644 2772 qni
668 2710 694 2754 e.
718 2711 747 2773 q.
773 2689 825 2755 s‘e

286 2794 318 2862 S.
334 2800 408 2880 302,
430 2801 472 2862 20
499 2797 637 2863 »Saltum
661 2796 776 2862 Gallus
801 2796 911 2861 Aelius
935 2796 955 2862 l.
979 2795 1010 2857 ΙΙ
1035 2793 1315 2878 significationum,
1340 2813 1424 2877 quae

196 2902 240 2969 ad
264 2904 314 2970 ius
337 2903 508 2989 pertinent,
532 2904 578 2968 ita
602 2902 728 2968 definit:
753 2902 895 2988 ,Saltus
920 2909 993 2986 est,
1017 2902 1081 2967 ubi
1106 2921 1132 2966 e.
1147 2923 1176 2985 q.
1193 2900 1246 2967 sl«

285 3010 443 3077 Aehnlioh
465 3009 629 3093 beginnen
652 3008 705 3075 die
730 3009 884 3076 Glossen:

286 3117 319 3186 S.
337 3120 444 3201 142,ss
473 3119 680 3202 »Munioeps
703 3124 775 3202 est,
799 3124 834 3182 ut
857 3117 904 3182 ait
926 3116 1039 3182 Aelius
1059 3115 1181 3200 Gallus,
1206 3115 1269 3199 qui
1289 3135 1315 3180 e.
1331 3136 1360 3198 q.
1376 3135 1419 3182 s«

287 3225 319 3290 S.
336 3227 407 3310 162,
423 3227 442 3291 9
470 3226 688 3290 ›Nooessort
707 3231 805 3310 sunt,
826 3233 860 3289 nt
875 3224 989 3290 Gallus
1003 3222 1117 3288 Aelius
1136 3223 1191 3307 ait,
1215 3223 1277 3306 qui
1297 3244 1323 3288 e.
1336 3243 1420 3306 qs«

286 3332 318 3400 S.
347 3334 418 3417 165,
443 3335 486 3397 20
513 3333 672 3396 »Nouum
696 3339 766 3416 θεῖ,
796 3339 831 3396 ut
860 3331 907 3396 ait
930 3329 1045 3397 Gallus
1069 3329 1194 3416 Aelius,
1219 3329 1422 3412 quodsum·

197 3459 269 3523 que
293 3460 320 3506 a.
343 3461 374 3523 q.
399 3459 442 3505 s«

286 3547 318 3612 S.
341 3549 415 3631 214,
442 3548 480 3611 14
510 3547 725 3628 »Persequor
749 3544 864 3610 Gallus
889 3545 1000 3610 Aelius
1025 3545 1079 3630 ait,
1104 3543 1168 3628 qui
1192 3564 1219 3609 e.
1234 3565 1263 3627 q.
1279 3565 1323 3610 a«

286 3653 317 3719 S.
342 3657 415 3738 218,
439 3655 477 3718 19
505 3655 611 3718 >Post
628 3655 806 3717 liminiana
821 3660 1018 3738 reoeptum
1034 3651 1148 3717 Gallus
1163 3652 1275 3717 Aelius
1290 3651 1323 3715 in
1338 3651 1419 3716 libro

194 3761 298 3846 primo
334 3759 615 3845 significationum,
653 3763 736 3842 quae
774 3759 816 3824 ad
853 3760 903 3826 ius
935 3761 1106 3844 pertinent,
1143 3760 1189 3824 ait
1221 3779 1306 3826 esse
1339 3779 1419 3846 eum,

195 3888 259 3951 qur
282 3889 308 3934 θ.
332 3890 361 3952 q.
386 3887 428 3934 s«

284 3975 315 4041 S.
328 3978 401 4060 214,
412 3978 448 4040 21
474 3976 724 4059 »Reciperotto
740 3980 812 4059 est,
829 3982 863 4039 ut
878 3975 925 4039 ait
940 3973 1054 4040 Gallus
1064 3974 1185 4059 Aelius,
1200 3996 1280 4040 oum
1295 3996 1321 4041 e.
1332 3997 1360 4059 q.
1373 3996 1416 4042 ει

284 4081 315 4149 S.
340 4085 413 4167 211,
440 4084 480 4149 12
512 4083 825 4167 »Remancipotona
853 4081 968 4147 Gallus
991 4081 1104 4147 Aelius
1129 4101 1214 4147 esse
1238 4083 1292 4166 ait,
1320 4103 1418 4166 quae

194 4210 220 4256 e.
244 4211 274 4273 q.
300 4211 342 4256 s«

282 4296 314 4363 S.
342 4298 416 4381 218,
450 4297 487 4362 15
522 4297 821 4379 s<lteliqiosum
853 4296 954 4375 ait>
1002 4315 1091 4362 θεεθ
1137 4296 1251 4361 Gallus
1296 4297 1417 4382 Aelius,

193 4403 292 4488 quod
316 4424 342 4470 e.
366 4424 395 4487 q.
421 4424 464 4470 a<
570 4473 571 4478 ,

283 4511 314 4578 S.
331 4515 408 4597 318,
431 4515 473 4578 34
504 4511 765 4578 »Gallusnelius
788 4512 836 4577 ait
859 4532 1008 4578 saeuum
1033 4531 1131 4596 θεεθ,
1155 4510 1417 4596 quodcumque

192 4617 311 4706 more¹)
337 4626 434 4702 atque
457 4619 604 4686 instituto
629 4620 770 4686 ciuitatis
795 4626 1016 4684 consecratum
1042 4619 1092 4703 sit,
1117 4619 1186 4684 siue
1211 4638 1237 4684 e.
1252 4639 1281 4702 q.
1298 4641 1340 4685 s«

192 4731 537 4830 '‘Tj‘s'auacsmann
557 4780 589 4816 zu
608 4763 693 4818 osius
708 4764 734 4816 u
754 4766 777 4816 s.
815 4763 866 4817 nse
886 4762 1065 4817 nannents
1083 4763 1133 4817 nat
1151 4781 1313 4832 quocumque
1331 4767 1415 4820 moso.

124 4849 126 4854 ’
1241 4853 1258 4907 o
