3480 5230
956 385 997 450 46

368 611 478 678 tationi
499 611 666 677 obnoxium
688 611 750 685 est;
773 610 829 692 qui
850 611 877 676 91
898 613 975 678 talia
996 611 1167 690 docuisset,
1203 611 1320 678 mirum
1351 614 1436 678 esset
1464 611 1597 680 Cicero·

368 715 417 781 nis
453 715 486 779 et
517 713 701 794 Quintiliani
734 713 903 778 silentium.
948 715 1160 798 Relinquntur
1192 715 1288 797 igitur
1307 715 1363 792 illi,
1385 717 1440 798 qui
1461 717 1594 782 omnino

367 818 458 882 nobis
494 817 597 901 ignoti
627 818 711 893 sunt,
744 817 877 898 Aquilus
908 817 951 904 (i)
981 818 1224 882 Marcomannus
1258 818 1418 882 Tatianus.
1466 821 1513 884 Ex
1540 821 1593 884 bis

367 919 611 985 Marcomannus
638 918 824 1000 aliquotiens
846 923 1110 986 commemoratur
1125 939 1144 984 a
1157 920 1380 985 Fortunatiano
1395 923 1438 1005 (9.
1455 923 1506 1000 98,
1523 923 1592 1005 29),

367 1022 527 1088 Victorino
555 1025 598 1107 (p.
627 1022 699 1099 113,
725 1021 774 1084 26.
798 1023 957 1106 299,15)‚
984 1023 1121 1106 89191919
1147 1023 1272 1088 Victore
1297 1027 1340 1107 (p.
1363 1025 1437 1102 341,
1458 1026 1497 1087 21
1523 1025 1590 1104 Η.).

453 1126 615 1191 Nonnulla
637 1128 823 1207 argumenta
843 1126 908 1190 iam
931 1127 1014 1210 apud
1036 1125 1218 1191 Ciceronem
1240 1127 1450 1204 inveniuntur,
1481 1128 1591 1194 velut:

368 1231 488 1306 91919,
516 1231 661 1314 aparte,
690 1246 858 1310 agenore,
886 1229 1043 1314 asnonio,
1071 1247 1090 1293 9
1112 1229 1298 1307 differentia,
1332 1230 1439 1312 91191)
1471 1233 1590 1313 ¹Argu-

367 1336 512 1397 mentum
545 1323 617 1396 ἅπὸ
644 1333 703 1417 τῆς
731 1327 884 1416 συζυγίας
917 1335 1042 1416 praeter
1069 1332 1331 1397 Fortunatisnum
1358 1352 1386 1416 p.
1411 1333 1473 1396 116
1501 1335 1589 1398 solus

368 1435 475 1500 Cicero
507 1434 633 1500 exhibet
661 1435 737 1518 Top.
766 1435 806 1496 12
829 1436 861 1498 91
883 1436 934 1500 38.
978 1438 1082 1517 Atque
1104 1433 1317 1514 Quintilianus
1340 1435 1368 1498 V
1392 1436 1445 1514 10,
1473 1437 1514 1499 85
1538 1435 1590 1502 Ci-

368 1556 512 1603 oeronem
535 1537 701 1621 vituperat,
724 1536 807 1618 quod
828 1537 908 1602 illud
929 1538 1011 1603 inter
1027 1539 1213 1620 argumenta
1234 1537 1395 1621 receperit.
1441 1536 1505 1602 Sed
1526 1539 1587 1604 boc

366 1658 551 1722 cognoscere
573 1640 656 1720 licet,
679 1640 852 1705 doctrinam
875 1641 963 1705 illam
977 1640 1194 1706 Fortunatisni
1216 1643 1248 1705 et
1268 1640 1342 1705 Iulii
1357 1640 1493 1706 Victoris
1514 1645 1589 1724 post

364 1741 593 1822 Quintilianum
630 1762 698 1808 9999
730 1743 902 1808 inventam.
960 1741 1064 1822 Quam
1101 1743 1213 1811 Stoicis
1246 1743 1352 1808 deberi
1389 1747 1587 1826 argumentis

365 1847 465 1913 evinci
486 1866 548 1912 non
571 1848 682 1930 potest
705 1845 763 1911 etsi
787 1846 864 1910 liaeo
886 1847 1020 1930 suspicio
1041 1866 1098 1930 per
1120 1865 1153 1910 se
1175 1865 1237 1910 non
1261 1849 1310 1911 est
1332 1847 1397 1911 veri
1412 1845 1587 1914 dissimilis.

365 1949 512 2016 Ceterum
539 1950 710 2014 tenendum
733 1950 782 2012 est
803 1949 861 2013 boo
882 1948 949 2014 loco
972 1948 1011 2014 de
1035 1948 1138 2016 Stoico
1159 1949 1215 2014 illo
1237 1949 1344 2032 ignoto
1367 1949 1498 2030 cogitari
1519 1967 1585 2015 non

363 2071 464 2133 99999,
486 2051 641 2133 siquidem
663 2070 765 2134 neque
788 2049 1001 2130 Quintilianus
1025 2069 1125 2133 neque
1142 2051 1300 2135 Sulpicius
1322 2051 1475 2117 eiusmodi
1498 2053 1588 2135 quic·

363 2173 459 2237 quam
480 2155 653 2238 perhibent

449 2256 558 2322 Obiter
580 2275 691 2322 moneo
714 2255 897 2322 Ciceronem
919 2277 966 2335 99,
992 2277 1074 2340 quae
1097 2257 1130 2321 in
1145 2257 1329 2340 Topicorum
1350 2259 1453 2341 999119
1474 2260 1584 2341 quinto

363 2361 401 2424 de
430 2359 606 2424 definitione
633 2360 754 2439 tradat,
789 2379 808 2424 9
837 2360 948 2426 Stoicis
976 2360 1150 2444 praeceptis
1173 2360 1361 2443 repetivisse.
1404 2361 1475 2425 Duo
1497 2361 1583 2426 enim

362 2480 480 2545 genera
501 2462 718 2526 definitionum
739 2463 864 2540 statuit,
896 2463 1032 2529 alterum
1055 2481 1163 2528 aarum
1185 2481 1292 2528 rerum
1315 2479 1394 2545 quae
1417 2465 1508 2541 sunt,
1536 2465 1584 2528 al·

361 2570 466 2630 terum
504 2583 613 2630 aarum
652 2583 732 2646 quae
771 2565 1006 2648 intelleguntur.
1069 2567 1210 2632 Eandem
1247 2565 1430 2630 divisionem
1464 2566 1583 2650 profert

361 2667 577 2750 Priscianus’)
609 2669 681 2732 inst.
715 2685 847 2749 gramm.
873 2668 977 2748 11,1
1001 2691 1030 2753 p.
1055 2669 1151 2733 511:
1187 2670 1255 2746 „est
1284 2669 1369 2750 prior
1394 2668 1534 2734 definitio
1561 2688 1582 2734 9

362 2770 539 2836 substantia
567 2772 706 2854 sumpta,
740 2771 840 2836 altera
866 2789 939 2836 vero
966 2791 986 2836 9
1014 2772 1154 2848 9911999,
1187 2789 1283 2854 quarn
1312 2770 1425 2836 Graeci
1458 2763 1582 2836 ἐὶνοιαν

362 2874 497 2940 dicunt.“
536 2872 576 2938 91.
593 2872 656 2938 Cio.
678 2873 699 2937 l.
721 2893 765 2937 c:
789 2891 944 2955 „quarum
964 2893 1071 2940 rerum
1092 2873 1216 2938 nullum
1231 2874 1321 2956 quasi
1336 2875 1445 2938 subest
1459 2893 1580 2958 corpus.

361 2979 420 3043 1191
442 2981 548 3042 tomen
571 2976 727 3058 quaedam
756 2976 1018 3044 conformatio
1046 2977 1198 3060 insignita
1225 2979 1257 3041 et
1278 2977 1432 3060 impressa
1458 2977 1582 3043 intelle-

361 3080 477 3164 gente,
506 3097 602 3161 quam
623 3080 818 3145 notionem
839 3086 944 3146 9999.“
990 3081 1173 3147 Ciceronem
1193 3079 1370 3144 Stoicorum
1392 3081 1580 3146 vocabulum

361 3176 466 3248 ἔννοια
488 3183 599 3246 Latine
622 3183 820 3248 notionem
840 3183 1037 3268 interpretari
1058 3184 1123 3249 iam
1145 3200 1240 3268 supra
1261 3182 1423 3258 adnotavi3
1450 3183 1490 3247 91.
1504 3183 1579 3267 199.

361 3286 416 3350 31:
434 3286 610 3364 „notionem
625 3285 758 3369 appello,
774 3288 857 3368 quod
874 3287 984 3354 Graeci
999 3290 1069 3352 tum
1085 3280 1209 3352 ἔννοιαν
1225 3290 1308 3368 eqs.“
1336 3286 1443 3350 litium
1457 3285 1579 3352 Graeca

359 3389 488 3455 uomina
519 3388 646 3454 illorum
684 3389 871 3454 definitionis
908 3409 1060 3473 generum
1097 3389 1266 3456 traduntur
1304 3389 1388 3472 apud
1420 3387 1579 3454 Galerium

359 3491 456 3575 (Hist.
477 3491 589 3577 philos.
612 3512 638 3559 c.
661 3494 762 3559 4991.
785 3493 832 3558 IX
853 3514 883 3578 p.
905 3495 966 3558 231
990 3493 1038 3560 99.
1061 3493 1177 3559 Kuehn
1197 3519 1240 3550 ιτ.
1258 3491 1357 3571 Diels,
1379 3491 1579 3576 Dorograpbi

359 3595 636 3680 discerptum:
669 3597 736 3662 τῶν
763 3593 801 3662 di
829 3590 915 3684 ὅρων
942 3590 974 3662 oi
1005 3593 1066 3680 μέν
1095 3589 1178 3661 εἰσιν
1211 3587 1441 3676 obnubilato,
1475 3587 1507 3660 91
1539 3592 1579 3660 δὲ

358 3693 678 3786 9999999999919)
730 3701 841 3783 Neque
867 3701 1034 3784 quisquam
1061 3700 1191 3783 negabit
1219 3701 1277 3765 boo
1304 3698 1480 3767 Stoicorum
1507 3717 1578 3764 esso

357 3806 576 3887 praeceptum,
605 3804 658 3887 qui
680 3805 858 3870 meminerit
880 3823 899 3869 a
920 3803 1084 3871 Posidonio
1107 3802 1298 3868 definitivam
1321 3803 1578 3868 constitutionem

358 3906 508 3991 appellari
528 3899 599 3972 κατ’
624 3901 756 3974 ἔννοιαν.

388 4185 390 4190 “
426 4183 447 4248 ¹)
466 4180 533 4250 Top.
551 4181 570 4236 8
586 4197 642 4251 sqq.

426 4269 446 4332 ²)
465 4265 551 4322 Hunc
566 4268 654 4324 locum
679 4272 708 4325 et
726 4267 904 4326 Galenianum
927 4266 1013 4324 debeo
1036 4265 1195 4336 Schmidtio,
1212 4267 1365 4325 Stoicorum
1389 4265 1577 4325 Grsmmttics

354 4352 446 4422 (119119
464 4353 544 4422 1889)
561 4368 588 4422 p.
607 4357 641 4410 15
657 4371 698 4424 sq.

423 4441 444 4509 Ι)
464 4440 497 4496 ct.
517 4440 646 4497 victorin.
672 4441 707 4497 sd
730 4442 786 4498 Cic.
809 4441 916 4497 99199.
941 4441 1019 4496 1126
1041 4457 1071 4511 p.
1091 4441 1151 4512 281,
1170 4441 1195 4498 t.
1227 4441 1288 4510 989,
1304 4439 1405 4496 utu:
1433 4439 1576 4510 „definitio

354 4525 563 4596 moqpcrruq‘.“
