3568 5238
921 424 961 485 82

839 511 1049 520 -.——

336 665 416 729 quae
440 648 468 710 ei
494 647 632 730 proximo
656 647 695 709 ad
717 646 882 709 veritatem
905 645 1052 708 accedere
1075 643 1271 718 videbantur,
1294 641 1419 724 proprio
1441 638 1556 704 iudicio

250 791 252 796 .
336 750 477 814 adhibito
499 749 724 832 transscripsit.

423 854 457 918 L.
480 851 596 917 Lucci
622 851 659 914 iu
684 849 892 916 Catilinam
921 850 1117 914 orationes
1156 850 1202 912 ita
1234 849 1378 912 nominat
1404 847 1557 912 Asconius

336 977 366 1040 p.
388 955 627 1032 aaronem
646 953 769 1036 abipso
789 953 890 1016 lactas
914 971 983 1016 esse
1008 955 1164 1034 appareat.
1190 950 1321 1033 Singula
1336 954 1453 1026 auteur,
1476 969 1558 1032 quae

339 1060 389 1122 his
412 1057 567 1122 Asconius
590 1056 712 1128 debeat,
745 1055 809 1118 iam
831 1057 996 1137 propterea
1018 1056 1183 1118 enucleare
1210 1055 1388 1134 nequimus,
1411 1053 1495 1135 quod
1517 1053 1557 1116 de

339 1161 478 1226 Catilina
501 1159 584 1242 apud
608 1158 802 1233 Ciceronem,
827 1175 1032 1238 quaecunque
1055 1157 1163 1232 voluit,
1185 1157 1289 1237 legere
1311 1157 1419 1239 potuit.

421 1262 565 1342 Denique
582 1261 616 1326 C.
632 1259 811 1325 Caesaris
833 1260 1034 1336 orationes,
1058 1277 1150 1340 quas
1172 1261 1210 1322 in
1233 1258 1294 1323 Cn.
1311 1258 1557 1322 Dolabellam

335 1365 511 1448 scripsit,
539 1383 573 1427 sc
599 1363 710 1445 legisse
734 1361 793 1426 etsi
821 1380 884 1425 non
917 1365 1023 1444 aperte
1046 1363 1200 1426 Asconius
1227 1363 1403 1444 profitetur,
1438 1364 1556 1434 tamen,

335 1487 407 1532 cum
430 1467 511 1530 filios
535 1485 607 1530 suos
631 1485 683 1530 eas
705 1467 808 1546 legere
832 1464 969 1540 adnotet,
985 1464 1119 1528 dilucide
1132 1464 1317 1545 significavit
1336 1483 1366 1546 p.
1379 1465 1429 1540 23,
1443 1464 1491 1524 11.
1505 1464 1557 1524 12.

422 1671 585 1736 Postremo
605 1689 642 1734 aa
659 1669 796 1744 afferam,
818 1687 899 1749 quae
922 1669 1076 1733 Asconius
1097 1668 1136 1732 de
1153 1669 1218 1732 suis
1244 1668 1343 1753 ipsius
1363 1667 1557 1751 temporibus

338 1775 455 1840 scribit.
478 1773 595 1837 Narrat
606 1773 690 1836 onim
703 1773 789 1854 p.23,
802 1773 938 1847 22-24,
951 1772 971 1834 3
987 1771 1115 1834 domurn
1125 1772 1198 1854 ι)11.
1215 1771 1332 1848 Scauri,
1345 1789 1438 1852 quem
1450 1769 1556 1834 Cicero

204 1869 207 1872 ⁴
339 1877 487 1951 defendit,
512 1893 570 1940 sna
592 1877 694 1939 aetate
718 1873 877 1957 possidere
892 1873 1032 1954 Largum
1052 1873 1227 1951 Caecinam,
1251 1874 1304 1958 qui
1328 1873 1438 1938 consul
1461 1871 1557 1936 fuerit

336 1999 409 2044 cum
422 1979 554 2044 Claudio
570 1978 651 2058 (soil.
663 1979 851 2060 imperatore
864 1994 891 2039 a.
904 1977 945 2037 42
958 1995 987 2058 p.
1004 1975 1101 2054 Chri.
1124 1977 1205 2041 Tum
1216 1977 1386 2060 sicpergit:
1402 1975 1448 2039 ‘ln
1463 1975 1557 2040 huius

338 2083 449 2146 domus
473 2081 551 2145 atrio
574 2080 703 2145 bierunt
725 2080 874 2160 quattuor
896 2078 1061 2142 columnae
1084 2097 1277 2144 marmoreae
1299 2079 1415 2160 insigni
1436 2079 1559 2160 magni-

336 2185 455 2260 tudine,
479 2202 559 2265 quae
582 2202 667 2247 nuno
695 2201 763 2248 esse
791 2182 826 2244 in
853 2182 940 2262 regia
965 2182 1081 2245 theatri
1103 2181 1245 2246 Marcelli
1272 2182 1429 2246 dicuntur.
1472 2180 1558 2244 Usus

335 2290 405 2350 erat
426 2287 464 2349 iis
489 2286 599 2350 aedilis
616 2335 622 2348 .
641 2335 671 2348 ..
701 2287 734 2349 in
764 2288 877 2348 ornatu
904 2284 1036 2359 theatri,
1072 2285 1153 2365 quod
1184 2285 1223 2348 ad
1250 2287 1376 2366 tempus
1404 2301 1559 2366 perquam

335 2388 459 2471 amplae
483 2387 712 2470 magnitudinis
737 2387 874 2451 lecerat'.
911 2385 982 2449 Iam
997 2405 1069 2450 vero
1083 2386 1204 2450 Plinius
1226 2387 1269 2468 (h.
1286 2405 1317 2448 n.
1331 2385 1424 2450 XVII
1440 2387 1458 2447 5
1474 2387 1559 2466 sqq.)

335 2492 474 2572 Largum
510 2490 677 2555 Caecinam
711 2489 869 2571 quendam
901 2489 960 2552 sihi
987 2490 1092 2552 iuveni
1125 2491 1205 2554 lotos
1233 2491 1406 2552 ostentasse
1439 2487 1559 2563 scribit,

335 2613 416 2676 quae
441 2595 473 2656 in
497 2594 587 2657 domo
603 2592 728 2670 fuerint,
753 2611 847 2673 qnam
865 2592 1033 2672 aliquando
1054 2593 1087 2658 L.
1102 2592 1235 2657 Crassus
1257 2594 1362 2656 orator
1376 2590 1558 2674 possederit,

332 2700 500 2780 praeterea
531 2697 563 2758 in
592 2695 653 2758 hac
683 2694 789 2759 Crassi
821 2694 913 2757 domo
942 2696 1091 2774 quattuor
1118 2695 1273 2772 (Urlichs
1309 2713 1377 2767 sex;
1404 2693 1443 2758 of.
1475 2691 1558 2755 Pliu.

335 2801 366 2862 h.
389 2819 421 2862 n.
444 2795 580 2862 XXXVI
604 2798 636 2873 7)
660 2799 823 2862 columnas
844 2797 998 2879 Hymettii
1021 2798 1186 2862 marmoris
1210 2797 1344 2872 stetisse,
1368 2797 1481 2877 quibus
1503 2795 1559 2857 ille

336 2901 446 2964 aedilis
469 2901 629 2964 theatrum
654 2900 831 2964 excoluerit.

422 3003 561 3084 Largum
584 3005 690 3066 autern
714 3001 892 3079 Caecinam,
917 3019 1010 3083 quern
1034 3001 1203 3066 scholiasta
1225 3004 1257 3066 et
1279 3002 1400 3066 Plinius
1423 3019 1561 3066 courme-

336 3108 476 3181 morant,
510 3124 611 3168 uuum
640 3107 837 3186 eundemque
874 3123 941 3168 osse
969 3105 1042 3168 inda
1072 3105 1172 3169 evinci
1200 3105 1279 3169 mihi
1302 3106 1441 3179 ridetur,
1475 3105 1561 3186 quod

338 3227 498 3289 nusquam
527 3208 601 3271 alibi
631 3208 759 3272 alterius
788 3209 906 3272 mentio
933 3207 981 3284 fit,
1017 3207 1128 3272 deinde
1150 3227 1237 3284 vero,
1272 3207 1356 3291 quod
1377 3205 1500 3271 Plinius
1523 3225 1560 3271 eo

336 3329 432 3388 anuo,
456 3329 517 3391 quo
538 3309 673 3374 Caecina
687 3311 883 3374 Ascouianus
900 3311 1013 3373 consul
1029 3313 1109 3386 erat,
1131 3311 1316 3374 vicesimum
1341 3328 1459 3378 anunm
1482 3311 1559 3391 egit,

335 3431 416 3494 quae
439 3431 488 3477 res
511 3413 628 3496 optime
652 3413 787 3494 quadrat
815 3413 855 3476 ad
882 3410 974 3476 Plinii
1009 3412 1104 3476 verba
1136 3433 1169 3477 se
1198 3415 1232 3476 in
1269 3413 1466 3477 iuventute
1501 3431 1560 3476 sua

335 3517 415 3580 lotos
439 3515 523 3597 apud
546 3515 713 3580 Caecinam
735 3515 849 3584 vidisse
871 3514 1035 3579 tradentis.

245 3617 250 3624 '
423 3617 484 3682 Sed
505 3616 589 3682 idern
605 3617 727 3682 Plinius
742 3618 877 3682 XXXVI
894 3619 911 3680 1
929 3619 1025 3682 etiarn
1041 3619 1083 3683 Μ.
1101 3619 1210 3684 Scauri
1234 3619 1345 3682 domus
1367 3619 1559 3684 mentionem

334 3719 412 3783 facit
436 3719 530 3801 idque
560 3721 617 3796 ita,
639 3722 676 3783 nt
702 3724 734 3784 ot
761 3721 868 3786 Scauri
899 3724 931 3785 et
960 3721 1065 3786 Crassi
1092 3723 1220 3785 domurn
1250 3723 1283 3784 iu
1306 3721 1427 3786 Palatio
1455 3741 1558 3804 neque

335 3825 444 3886 tamen
466 3823 598 3886 eandem
622 3823 718 3887 fnisse
741 3827 856 3908 pateat.
904 3823 1017 3906 Itaque
1044 3842 1118 3888 curn
1145 3825 1239 3906 Largi
1262 3824 1412 3890 Caecinae
1440 3827 1560 3888 utram-

336 3945 396 4007 que
430 3925 559 3989 domum
589 3925 684 3990 luisse
721 3929 771 3990 vix
798 3930 937 3992 statuere
961 3928 1070 4005 liceat,
1099 3931 1155 4008 aut
1191 3930 1420 3992 commentator
1445 3930 1561 3992 erravit

336 4030 393 4092 aut
423 4026 559 4104 Plinius,
598 4048 732 4109 quorum
765 4031 837 4094 huic
862 4032 966 4113 potius
996 4029 1030 4093 id
1066 4031 1218 4095 accidisse
1249 4030 1451 4108 crediderim,
1485 4051 1560 4095 cnm

336 4149 410 4194 eum
438 4131 590 4194 memoria
620 4132 724 4196 multo
756 4132 880 4196 facilius
909 4134 1067 4216 deciperet
1102 4151 1197 4214 quarn
1226 4134 1409 4210 securium,
1444 4135 1497 4216 qui
1519 4135 1559 4200 de

335 4233 513 4297 novissimis
523 4235 548 4314 ²)
572 4235 636 4298 suis
659 4235 852 4317 temporibus
880 4236 1029 4320 disputat.
1073 4236 1139 4300 Nec
1167 4235 1304 4313 difficile,
1328 4239 1482 4318 quomodo
1503 4238 1560 4301 illa

406 4405 427 4468 1)
449 4402 575 4457 Eandem
604 4402 719 4457 domum
746 4404 781 4459 de
806 4404 845 4459 M.
865 4404 970 4460 Scauro
993 4405 1093 4460 eruisse
1114 4405 1146 4460 P.
1164 4405 1295 4461 Clodium
1321 4406 1403 4461 refert
1421 4407 1560 4462 Asconius

336 4504 363 4556 p.
375 4488 419 4555 28,
436 4489 478 4542 23.
491 4489 533 4542 24.
568 4488 713 4544 Praeterea
730 4489 764 4544 cf.
783 4490 987 4559 Friedlaender,
1010 4490 1258 4562 Sittengeschichto
1275 4491 1336 4546 111⁶
1352 4509 1379 4563 p.
1397 4494 1430 4547 81
1449 4511 1476 4547 n.
1494 4493 1520 4548 2.

405 4577 428 4642 ⁹)
446 4574 510 4627 Aac.
527 4590 554 4644 p.
570 4575 613 4642 23,
630 4576 679 4631 25:
699 4578 782 4630 ‘nunc
799 4576 1041 4648 possidet'5paulo
1058 4577 1131 4631 infra
1147 4577 1234 4631 idem:
1255 4582 1335 4648 ‘quae
1347 4595 1437 4634 nunc
1454 4595 1513 4634 mse
1530 4582 1561 4636 in

336 4657 410 4727 regia
427 4658 528 4713 theatri
540 4659 664 4715 Marcelli
681 4661 822 4716 dicuntur'
840 4663 876 4717 de
892 4663 1029 4718 columnis
1047 4663 1086 4718 ibi
1104 4665 1333 4719 commemoratis.
