3568 5238
731 405 941 503 -41-

226 629 358 693 556155
393 629 593 693 subnixum
627 627 731 708 legem
765 628 876 692 tulisse
910 629 1005 708 atque
1037 626 1075 689 55
1103 643 1173 689 eam
1200 625 1233 688 in
1261 643 1448 688 summum

226 729 431 795 discrimen
454 729 576 794 venisse
598 729 704 804 tradit,
726 731 819 812 plane
842 731 950 793 autem
973 728 1057 792 idem
1080 727 1117 792 de
1141 727 1198 792 Cn.
1219 726 1337 790 Manlio
1352 729 1448 790 Asco-

223 833 295 896 nius
334 832 443 896 scribit
471 831 513 913 (p.
537 831 588 906 40,
614 831 718 912 1-6).
769 831 865 896 Ρ5555
896 830 948 912 551
978 830 1181 894 scholiastam
1204 848 1239 893 eo
1262 827 1341 911 ipso,
1365 827 1449 910 5556

227 936 324 999 515555
351 935 419 998 1555
448 936 491 1016 (p.
516 935 571 1010 58,
600 935 627 996 5.
651 933 683 1012 6)
711 934 814 1016 legem
837 939 914 998 ‘non
942 933 1026 997 ultra
1053 931 1216 996 defensam
1237 932 1327 1006 esse',
1351 931 1449 994 altero

226 1039 268 1121 (p.
283 1038 335 1114 40,
360 1035 455 1115 1-6)
477 1034 631 1099 Manlium
655 1035 841 1100 adversariis
863 1033 1139 1099 vehementissime
1161 1034 1313 1098 restitisse
1335 1032 1449 1108 tradat,

225 1141 312 1222 leges
334 1139 405 1203 illas
422 1139 561 1202 diversas
574 1135 670 1199 luisse
683 1136 838 1202 indicasse
854 1137 1046 1211 existimant,
1070 1139 1101 1198 55
1116 1135 1288 1216 neglexisse
1304 1135 1450 1198 videntur

226 1242 352 1308 Asconii
364 1245 405 1324 (p.
422 1241 473 1316 58,
486 1239 514 1300 5.
531 1238 564 1318 6)
576 1239 672 1303 55555
684 1244 772 1321 ‘quac
786 1241 865 1324 (5551.
878 1240 941 1320 lex)
953 1258 1034 1334 cum
1050 1237 1083 1304 S.
1096 1237 1130 1302 C.
1147 1237 1323 1301 damnata
1338 1237 1447 1300 esset'

226 1347 259 1410 et
281 1345 391 1408 Dionis
421 1342 599 1406 narratione
622 1340 825 1416 refelluntur,
854 1342 967 1424 quippe
992 1359 1071 1422 quae
1095 1339 1293 1403 hauddubie
1316 1339 1355 1402 ad
1378 1357 1449 1402 eam

224 1447 328 1528 legem
356 1447 489 1528 spectet,
518 1462 614 1525 quam
640 1443 812 1508 scholiasta
833 1464 863 1527 p.
887 1445 941 1520 58,
971 1444 1000 1508 5.
1024 1443 1043 1504 6
1072 1441 1182 1523 tangit.
1226 1441 1346 1506 Deinde
1370 1459 1450 1518 vero,

226 1549 253 1613 si
266 1549 321 1614 65.
333 1547 488 1612 Manlium
504 1549 542 1611 tr.
559 1547 600 1629 pl.
619 1547 691 1610 anni
705 1548 744 1609 58
757 1565 775 1610 5
787 1547 821 1612 C.
834 1547 963 1612 Manilio
979 1551 1017 1608 tr.
1033 1544 1074 1627 pl.
1091 1545 1164 1608 anni
1176 1543 1216 1606 66
1233 1544 1449 1620 discernimus,

228 1653 360 1732 uterque
384 1649 516 1714 eandem
539 1649 642 1730 legem
665 1667 727 1712 non
750 1650 853 1714 solum
875 1649 983 1713 eodem
1004 1647 1096 1711 modo
1118 1646 1201 1722 tulit,
1222 1665 1331 1710 verum
1353 1646 1449 1709 etiam

230 1753 353 1816 ratione
385 1771 513 1834 prorsus
539 1752 606 1833 pari
634 1769 778 1815 revocare
806 1753 933 1814 coactus
961 1754 1021 1825 est,
1045 1749 1076 1812 id
1104 1749 1184 1830 quod
1209 1748 1247 1813 ab
1271 1747 1356 1811 omni
1379 1765 1449 1830 pro·

229 1855 393 1919 habilitate
409 1853 548 1918 alienum
565 1857 622 1917 est.
654 1853 741 1932 Quae
757 1872 830 1917 cum
844 1854 889 1917 ita
905 1853 975 1928 sint,
992 1852 1069 1915 nihil
1084 1851 1186 1932 magis
1202 1853 1450 1914 consentaneum

227 1976 295 2023 esse
318 1961 394 2040 puto
417 1975 514 2038 quam
536 1959 816 2021 commentatorem
839 1957 971 2036 utroque
994 1955 1061 2019 loco
1085 1953 1123 2016 dc
1145 1954 1254 2017 eodem
1271 1951 1305 2016 C.
1321 1951 1450 2015 Manilio

224 2063 265 2123 tr.
290 2060 331 2142 pl.
356 2058 429 2122 anni
453 2059 494 2120 66
518 2059 614 2122 55555
635 2057 736 2122 facere
749 2059 779 2135 ¹).

314 2160 402 2240 Quae
436 2161 594 2224 sententia
625 2179 660 2224 55
688 2161 923 2242 comprobatur,
951 2159 1034 2240 5556
1062 2159 1169 2230 55555,
1201 2157 1315 2238 555555
1343 2154 1450 2220 655555

228 2267 297 2347 (pro
320 2264 385 2327 hlil.
409 2265 440 2339 8,
464 2265 518 2342 22)
542 2282 625 2326 5555
649 2265 689 2324 52
713 2263 753 2326 56
775 2263 810 2326 L.
834 2261 1008 2325 Domitium
1023 2260 1297 2337 Ahenobarbum2)
1322 2276 1355 2320 55
1379 2276 1451 2320 555-

227 2367 321 2430 55555
350 2366 490 2430 ‘dederas
528 2367 625 2440 enim,
655 2385 750 2446 quam
778 2369 993 2430 contemneres
1016 2363 1181 2446 populares
1205 2361 1358 2436 insanias,
1386 2360 1450 2424 iam

227 2469 266 2532 ab
291 2467 558 2533 adulescentia
581 2467 948 2542 documentalmcrima',
969 2466 1071 2529 multo
1094 2465 1207 2529 melius
1232 2465 1389 2547 quadrant
1411 2463 1451 2526 ad

227 2589 345 2636 annum
373 2571 413 2632 66
442 2589 539 2652 quam
561 2571 599 2634 ad
623 2590 742 2635 annum
767 2571 821 2643 58;
854 2573 922 2632 tum
945 2567 1113 2651 Pompeius
1136 2586 1249 2632 causae
1272 2566 1409 2642 Milonis,
1432 2584 1451 2628 a

227 2693 288 2755 555
312 2678 380 2737 5555
401 2675 505 2738 animo
528 2673 771 2754 averslssimol),
794 2673 843 2735 rix
858 2672 893 2735 L.
909 2671 1093 2746 Domitium,
1116 2671 1168 2750 qui
1184 2669 1290 2734 Clodio
1313 2687 1346 2732 55
1362 2687 1451 2752 prae-

228 2776 341 2840 buerat
367 2781 433 2840 tam
462 2775 626 2848 infestum,
655 2775 870 2857 praefecisset,
897 2779 1055 2857 postremo
1079 2772 1187 2837 Cicero
1215 2777 1298 2836 certe
1326 2771 1386 2834 hac
1416 2789 1450 2835 re

229 2877 269 2940 ad
291 2877 439 2941 clientem
462 2897 556 2941 suum
579 2877 865 2940 commendandum
889 2877 939 2940 vel
960 2875 1096 2939 manime
1119 2877 1205 2938 esset
1227 2876 1353 2938 abusus.

313 2978 431 3057 Quodsi
454 2997 507 3056 ea,
530 2998 610 3061 5555
633 2980 787 3043 Asconius
810 2983 842 3042 et
863 2979 922 3043 Dio
945 2978 1107 3054 exhibent,
1129 2978 1211 3042 inter
1234 2997 1267 3040 se
1291 2994 1453 3059 compara-

227 3099 309 3158 muS,
332 3099 526 3162 quamquam
554 3081 723 3144 scholiasta
745 3081 914 3164 copiosiora
930 3079 1049 3145 Graeco
1073 3081 1222 3162 scriptore
1243 3079 1349 3154 tradit,
1373 3078 1451 3142 adeo

106 3177 107 3180 ’
227 3186 337 3248 tamen
361 3185 572 3260 consentiunt,
598 3187 643 3259 ut,
665 3185 849 3266 praesertim
872 3201 945 3247 cum
968 3187 1098 3265 excepta
1120 3201 1166 3258 ea,
1190 3201 1270 3263 5555
1294 3182 1333 3245 56
1355 3181 1449 3246 Pom-

227 3279 333 3370 peium
356 3287 501 3369 pertinet
523 3287 591 3366 lege
600 3289 627 3364 4)
649 3305 807 3367 nusquam
830 3285 902 3348 alibi
925 3285 1002 3349 haec
1025 3304 1074 3349 555
1098 3287 1372 3359 commemoretur,
1400 3284 1450 3348 his

233 3407 433 3452 communem
457 3388 576 3453 iontem
601 3408 669 3452 esse
692 3389 863 3452 admodum
886 3388 1053 3451 verisimile
1075 3388 1139 3450 fiat

312 3489 380 3555 lam
415 3511 501 3565 vero,
536 3493 594 3555 etsi
630 3491 829 3555 Grassholius
864 3492 907 3573 (p.
933 3491 986 3572 16)
1021 3494 1053 3554 55
1087 3489 1126 3552 Η.
1160 3489 1320 3572 Hauptius
1352 3489 1385 3568 (l.
1409 3491 1451 3569 5.)

227 3598 322 3677 caput
344 3596 384 3656 42
409 3597 475 3674 (25)
498 3595 633 3660 Dionem
656 3595 792 3658 historiis
809 3593 950 3658 Sallustii
973 3594 1085 3658 debere
1108 3593 1256 3666 iudicant,
1280 3594 1389 3656 tamen
1412 3593 1450 3656 de

228 3695 359 3760 Liviana
396 3700 499 3780 potius
529 3699 645 3779 origine
679 3697 807 3780 cogitari
846 3715 937 3779 posse
972 3696 1112 3760 dixerim.
1171 3695 1254 3759 Nam
1289 3713 1363 3759 cum
1400 3713 1451 3759 555

227 3816 309 3864 5555
325 3799 365 3861 66
388 3805 493 3882 gestas
516 3820 578 3864 non
601 3802 664 3864 iam
686 3801 868 3864 aSallustio
885 3802 1046 3863 enarratas
1063 3817 1130 3862 esse
1147 3802 1270 3862 constet
1285 3801 1317 3861 et
1331 3798 1452 3861 Manilii

296 4044 318 4104 1)
337 4038 381 4092 De
398 4037 502 4093 5555155
521 4037 650 4092 85515551
669 4055 695 4104 p.
712 4038 773 4104 284,
790 4037 893 4091 24-33
911 4035 948 4089 55
966 4035 1087 4089 Asconio
1099 4052 1125 4105 p.
1138 4036 1182 4101 40,
1201 4037 1268 4089 1-6
1281 4035 1452 4105 discrepante

231 4124 305 4178 infra
322 4123 485 4178 videbimus.

295 4213 315 4278 *t
335 4209 407 4264 Cum
425 4209 457 4263 L.
477 4208 617 4263 Domitius
640 4225 714 4262 anno
736 4211 770 4264 58
791 4215 901 4279 praetor
923 4206 1016 4273 luerit,
1038 4205 1113 4276 apud
1131 4207 1285 4261 Aesonium
1309 4225 1335 4278 p.
1352 4209 1400 4267 39,
1417 4208 1452 4262 26

229 4311 279 4366 pro
302 4296 449 4366 ‘praetura’
472 4311 537 4349 cum
555 4293 725 4365 Nipperdeio
749 4293 814 4364 (leg.
833 4293 927 4348 55551.
946 4310 973 4363 p.
991 4294 1036 4362 85)
1062 4294 1226 4362 ‘quaestura’
1250 4293 1453 4348 restituendum

226 4387 286 4446 est;
312 4389 385 4435 certe
407 4381 516 4451 quidem
541 4397 595 4434 vox
617 4384 756 4450 'praetura
775 4379 900 4434 ’lectione
917 4379 957 4434 ‘O.
976 4377 1119 4432 Manilius'
1138 4384 1248 4448 recepta
1270 4377 1348 4433 nullo
1371 4379 1453 4433 modo

225 4473 300 4520 stare
317 4473 416 4537 potest.

296 4557 317 4618 ³}
337 4553 370 4606 ci.
389 4555 454 4608 Asc.
472 4571 499 4624 p.
517 4553 561 4620 33,
580 4553 690 4607 14-21.

298 4643 321 4708 1)
341 4640 375 4693 cf.
395 4639 516 4707 Fischer,
534 4657 609 4694 roem.
628 4638 776 4694 Zeittafeln
795 4656 820 4710 p.
839 4641 984 4694 212-214.
