3598 5226
861 377 1071 473 —me—

356 601 475 667 'lamen
491 600 636 678 eundem,
659 620 732 665 cum
747 602 807 666 hoc
828 603 928 666 metro
944 602 1093 683 uteretur,
1117 597 1154 666 rb
1175 598 1304 686 πρέπον
1326 622 1388 667 uon
1404 601 1577 684 neglexisse

357 704 433 770 dicit
454 703 583 770 Caesius
605 704 727 771 Bassus
748 725 778 788 p.
802 705 873 783 263,
890 705 932 768 26
947 705 994 769 K:
1018 705 1097 784 „hoe
1121 709 1227 772 autem
1249 707 1305 787 (sc.
1320 709 1423 788 versu)
1439 705 1577 771 Philicus

357 807 542 892 conscripsit
564 808 696 892 hymnos
719 807 824 875 Cereri
847 807 880 872 et
900 807 1045 885 Liberae,
1072 809 1128 874 tali
1150 828 1263 892 genere
1285 810 1391 888 metri,
1414 809 1498 893 quod
1520 809 1578 874 sei-

358 910 433 976 licet
455 909 614 976 sacricolis
640 911 699 993 (ita
726 911 858 976 correxit
886 911 982 975 verba
1004 911 1120 977 tradita
1152 913 1281 978 ‘scilicet
1314 916 1363 978 est
1395 914 1458 978 acri
1492 912 1576 977 salis'

356 1013 473 1093 Hense,
495 1013 533 1079 de
555 1014 636 1080 Iuba
656 1035 686 1098 p.
703 1014 743 1077 66
767 1014 851 1096 adu.)
875 1017 907 1078 et
929 1033 1060 1080 arcanae
1083 1016 1212 1081 deorum
1234 1017 1425 1081 venerationi
1448 1015 1579 1081 credidit

357 1117 552 1182 convenire.“
596 1117 675 1182 Mar.
698 1117 813 1182 Victor.
835 1139 866 1201 p.
889 1117 940 1195 86,
965 1118 1005 1181 16
1027 1118 1058 1183 Κ
1088 1119 1261 1199 (21ubae
1285 1119 1396 1202 fragm.
1421 1115 1486 1183 97*
1508 1117 1576 1198 H.):

359 1220 463 1302 „quod
485 1239 586 1304 genus
609 1218 664 1306 (se.
688 1219 946 1302 choriambicum)
973 1222 1000 1286 si
1022 1222 1242 1288 hexametrum
1264 1224 1320 1302 sit,
1356 1223 1517 1306 philicium
1539 1221 1577 1285 da

359 1323 496 1388 auctoris
533 1319 802 1407 tragoediographi
835 1325 961 1390 nomine
994 1326 1243 1408 nuncupabitur,
1281 1329 1390 1410 aptum
1428 1315 1577 1391 canendis

358 1425 504 1492 laudibus
527 1425 649 1493 (leteris
672 1428 704 1491 et
724 1426 855 1492 Liberae
877 1427 930 1509 (oi.
953 1428 1077 1493 Terent
1100 1429 1200 1494 Maur.
1224 1451 1252 1494 v.
1277 1431 1402 1511 1883).“
1417 1433 1442 1510 ι)

441 1547 480 1612 Iu
502 1565 651 1614 versuum
673 1547 823 1613 clausulis
846 1548 1043 1613 choriambus
1064 1549 1138 1632 poni
1160 1553 1269 1616 uetant
1291 1550 1401 1628 Basso,
1423 1551 1460 1613 ut
1481 1549 1577 1632 patet,

357 1652 483 1716 auctore
508 1651 715 1716 Terentianus
738 1651 838 1716 Maur.
861 1672 888 1715 v.
913 1652 1010 1714 1882:
1044 1671 1122 1729 „uec
1145 1653 1229 1718 enim
1259 1652 1356 1718 cludit
1377 1651 1577 1718 choriambus

356 1755 521 1831 honeste“,
554 1753 673 1835 Marius
695 1753 812 1819 Victor.
839 1773 869 1838 p.
894 1754 966 1831 127,
990 1755 1030 1818 20
1053 1754 1098 1818 K:
1133 1756 1230 1833 „satis
1261 1756 1377 1820 absone
1398 1752 1577 1820 choriambo

357 1857 513 1922 clauditur
535 1859 590 1940 (so.
612 1858 763 1938 uersus)“‚
786 1857 913 1923 Mallius
934 1857 1050 1923 Theod.
1071 1878 1101 1941 p.
1126 1860 1197 1936 597,
1223 1861 1262 1922 13
1285 1860 1330 1923 K:
1363 1859 1483 1936 „trihus
1506 1905 1513 1920 .
1537 1905 1544 1920 .
1569 1905 1576 1919 .

357 1959 545 2026 choriambis
568 1959 629 2025 uisi
652 1960 826 2043 dactylicus
848 1961 920 2026 linis
943 1960 1127 2038 adiceretur,
1149 1961 1229 2026 nihil
1251 1963 1284 2026 iu
1306 1963 1356 2027 his
1379 1963 1463 2026 esset
1485 1961 1576 2025 dulce

358 2065 391 2130 et
412 2067 627 2146 canorum.“²)

548 2358 566 2439 ᾗ
589 2358 640 2420 25.
684 2356 737 2421 De
759 2355 950 2440 rhythmis
973 2355 1123 2438 generis
1147 2357 1389 2440 sescuplicis.

442 2529 583 2596 Creticus
604 2548 659 2614 pes
675 2527 823 2611 quoniam
845 2527 1082 2612 hyporchemati
1097 2529 1279 2610 convenit³l
1302 2530 1418 2595 mirum
1439 2548 1502 2594 uon
1520 2530 1578 2606 est,

357 2632 440 2715 quod
473 2635 596 2698 motum
628 2632 694 2697 eius
717 2631 878 2696 concisum
906 2649 974 2695 esse
1001 2632 1034 2697 et
1062 2649 1166 2696 acrem
1194 2633 1329 2697 testatur
1352 2633 1495 2716 Ephorus
1530 2652 1578 2716 ap.

357 2735 462 2801 Strab.
484 2737 515 2800 X
537 2737 567 2813 4,
584 2735 623 2799 16
643 2756 672 2819 p.
688 2735 750 2798 480
764 2733 803 2799 0:
827 2725 873 2810 ὦς
895 2723 924 2796 d'
947 2725 1052 2812 οὕτως
1073 2731 1218 2813 καὶτοῖς
1240 2738 1382 2822 ῥυθμοῖς
1406 2737 1579 2822 Κρητικοῖς

354 2841 503 2926 χρῆσθαι
534 2828 620 2903 κατὰ
650 2827 711 2915 τὰς
748 2826 836 2924 ᾠδὰς
868 2831 1181 2915 σοντονωτοὶτοις
1215 2825 1321 2918 οὖσιν,
1356 2826 1409 2917 οὓς
1446 2834 1578 2924 Θάλητα

356 2937 528 3028 ἀνευρεῖν)
543 2939 609 3006 κτλ.
631 2942 755 3007 Terent.
771 2939 872 3005 Maur.
888 2960 916 3005 v.
935 2940 1032 3004 1436:
1059 2940 1236 3019 „Creticum
1252 2943 1413 3026 appellant
1433 2942 1577 3018 eundem,

356 3045 435 3111 forte
458 3043 610 3113 Curetum
625 3063 725 3128 genus
747 3041 816 3124 Quo
838 3042 947 3108 modos
968 3043 1044 3109 ludo
1067 3044 1126 3109 sub
1143 3045 1238 3110 armis
1254 3047 1463 3128 congruentes
1479 3044 1578 3110 succi·

356 3151 443 3214 uat.“
487 3147 606 3214 Eodem
634 3148 777 3232 spectant
802 3147 931 3211 uomina
958 3164 1115 3231 paeonum
1142 3149 1227 3213 tertii
1260 3144 1393 3234 δρόμιος
1419 3150 1452 3214 et
1474 3147 1578 3230 quarti

355 3245 618 3341 ὗπορχηματικός
639 3251 754 3335 (Aaou.
776 3251 921 3316 Ambros.
944 3271 974 3335 p.
998 3251 1061 3314 262
1084 3250 1114 3314 Ν
1135 3277 1179 3306 --
1202 3253 1274 3330 228,
1299 3252 1339 3316 10
1364 3251 1427 3327 St.;
1450 3251 1579 3317 ‘scholia

428 3529 452 3593 ¹)
469 3525 621 3594 Apollinari
644 3525 754 3580 Sidonio
777 3525 985 3581 choriambicum
1009 3529 1125 3580 metrum
1147 3525 1254 3580 ridetur
1279 3525 1417 3594 gravitate
1435 3523 1577 3590 excellere,

357 3629 380 3667 r.
398 3626 483 3682 supra
500 3628 526 3680 p.
546 3614 587 3666 96.
623 3611 723 3666 coulra
741 3611 855 3667 Ioannes
873 3611 926 3666 Sic.
944 3612 1027 3667 schol.
1046 3611 1172 3681 Hermog.
1192 3610 1232 3665 lll
1250 3611 1309 3678 666,
1327 3611 1389 3665 2111
1407 3609 1577 3665 choriambos

357 3695 494 3767 coniungit
523 3713 583 3752 oum
612 3696 732 3766 epitritla
758 3701 788 3752 et
816 3697 989 3765 antispastia,
1026 3696 1071 3766 qui
1100 3714 1153 3752 nou
1183 3696 1316 3767 quadrent
1345 3696 1381 3751 ad
1409 3692 1577 3766 yopyo'rpra:

356 3801 374 3834 s
391 3782 541 3855 οογκλᾶται
557 3783 611 3856 γὰρ
629 3787 660 3836 ἐν
674 3782 783 3839 τούτοις
806 3781 821 3837 ὁ
841 3783 948 3856 ῥυθμὸς
966 3787 1013 3837 καὶ
1029 3782 1168 3852 poleam.

426 3871 448 3938 ⁸)
467 3870 496 3926 Si
522 3869 625 3940 primus
650 3885 743 3925 versus
767 3869 938 3925 choriambus
968 3875 1091 3925 mutator
1114 3885 1175 3925 cum
1199 3868 1310 3939 epitrito
1333 3868 1419 3923 altero
1447 3897 1480 3908 -
1507 3866 1577 3936 quod

357 3955 460 4012 lactum
478 3971 539 4011 ease
556 3955 663 4023 putarit
685 3956 787 4011 Bassus
808 3955 837 4010 in
856 3971 936 4010 vorsu
953 3955 1106 4012 Horatiano
1132 3961 1184 4025 „te
1210 3954 1291 4011 deos
1317 3969 1364 4010 oro
1389 3953 1504 4024 Sybarin
1530 3969 1578 4008 rur

357 4055 488 4113 properas
507 4041 644 4097 amando“
663 4072 695 4082 —
713 4045 829 4097 metrum
849 4041 881 4096 fit
898 4045 970 4097 testa
988 4043 1073 4098 Basso
1091 4057 1118 4111 p.
1136 4043 1195 4108 alo,
1214 4043 1232 4096 8
1255 4039 1415 4110 „asperius“
1441 4039 1488 4105 (ol.
1507 4037 1576 4094 Mar.

357 4127 460 4184 Victor.
479 4144 504 4197 p.
520 4129 577 4196 166,
587 4129 630 4199 62)
649 4127 690 4184 rel
709 4128 915 4196 „durissimum‘
934 4127 1008 4196 (ibid.
1026 4143 1095 4184 vars.
1115 4129 1160 4196 143
1179 4127 1213 4183 ci.
1231 4126 1296 4182 Atil.
1316 4127 1460 4182 Fortunat.
1478 4143 1504 4196 p.
1515 4126 1576 4189 660,

425 4301 448 4370 ¹)
466 4300 552 4357 Aaou
570 4300 694 4356 Ambros.
712 4317 739 4369 p.
757 4301 816 4368 266,
837 4300 909 4356 14N
927 4325 960 4345 ==
977 4301 1037 4368 226,
1055 4301 1090 4355 29
1102 4300 1154 4356 st:
1175 4295 1269 4370 patet.
1288 4337 1294 4350 .
1313 4336 1319 4350 .
1337 4297 1373 4350 τὰ
1392 4295 1577 4367 ὑπορχήματα

357 4384 450 4454 τούτῳ
466 4387 508 4455 τῷ
531 4382 598 4439 ποδὶ
615 4387 859 4458 ααταμιτραῑσθαι.
895 4385 964 4440 Mar.
985 4385 1086 4441 Victor.
1109 4401 1135 4454 p.
1154 4387 1196 4452 46,
1214 4385 1274 4440 4Κ
1304 4387 1348 4452 (=
1373 4384 1458 4440 Iubae
1480 4383 1576 4453 fragm.

359 4471 414 4526 18*
431 4473 455 4528 A
473 4471 515 4529 ad.
533 4472 650 4543 Heracle
669 4472 737 4542 „hoc
755 4473 824 4544 pade
841 4471 1028 4542 ὑπορχήματα
1046 4475 1268 4540 componuntur.“

426 4560 448 4623 ⁴)
465 4557 534 4615 Vide
563 4557 786 4626 christophorum
813 4559 966 4614 Brasslrern
995 4558 1038 4616 ‘de
1072 4573 1162 4618 renem
1192 4557 1364 4620 maeatarum
1399 4555 1576 4632 scriptoribus

357 4645 477 4706 Graecia’
495 4645 615 4720 (Bonoso
634 4645 712 4716 1864)
729 4661 755 4725 p.
775 4648 815 4708 12.
