3634 5240
942 351 1153 448 Α...

438 597 569 644 munem
602 565 776 646 metrorum
809 580 842 644 et
868 581 1050 664 poematum
1079 579 1337 662 significationem
1370 578 1552 644 cavendum
1580 577 1664 640 nobis

438 684 512 760 erit,
545 703 585 750 ne
608 704 659 762 ea,
694 703 773 766 quae
796 683 835 748 do
862 683 938 766 ipsis
961 684 1152 748 carminibus
1182 684 1344 760 dicuntur,
1377 682 1612 764 intellegamus
1632 680 1664 744 de

437 806 637 852 numerorum
663 787 776 852 indole.
1006 789 1009 796 '

522 890 667 955 Poeticae
700 891 797 972 igitur
820 891 880 954 arti
907 891 1073 972 rhythmos
1106 893 1232 955 tautum
1254 910 1318 956 non
1340 889 1537 954 necessarios
1575 888 1664 951 fuisse

436 993 499 1058 iam
523 995 599 1058 satis
622 1012 769 1076 apparere
792 996 878 1076 puto.

523 1095 703 1162 Oratores
739 1099 844 1160 autem
871 1097 946 1179 quin
975 1115 1048 1162 suos
1075 1115 1223 1160 numeros
1247 1115 1266 1160 a
1287 1099 1387 1180 poetis
1410 1096 1502 1186 quasi
1527 1094 1666 1158 mutuati

436 1200 515 1278 sint,
546 1200 578 1264 in
603 1199 831 1264 dubitationem
854 1201 955 1264 vocari
977 1200 1095 1281 nequit
1139 1200 1249 1282 Neque
1273 1202 1381 1264 tamen
1403 1199 1498 1263 huius
1523 1199 1591 1262 loci
1614 1197 1664 1268 oa

438 1321 532 1384 quem
566 1303 605 1366 ad
638 1303 734 1367 finem
765 1321 892 1387 prosam
925 1304 1095 1368 orationem
1129 1303 1269 1367 numeris
1303 1301 1569 1384 adstringendam
1602 1317 1665 1362 esse

438 1409 576 1484 veteres,
610 1408 663 1489 qui
687 1408 724 1471 de
752 1407 812 1472 hac
834 1425 868 1471 re
891 1407 968 1471 satis
994 1406 1076 1471 inter
1098 1425 1131 1470 se
1159 1407 1347 1489 discrepant,
1381 1404 1586 1478 censuerint,
1621 1419 1666 1465 er-

438 1528 562 1591 ponero.
622 1510 684 1575 Sed
719 1530 792 1574 oum
825 1510 1044 1592 rhythmorum
1077 1510 1109 1572 iu
1143 1529 1235 1592 prosa
1268 1509 1404 1573 oratione
1438 1509 1665 1590 usurpatorum

437 1614 551 1676 natura
585 1612 695 1678 eadem
728 1615 771 1677 sit
805 1615 899 1694 atque
932 1614 1119 1688 metrorum,
1154 1613 1268 1694 quibus
1298 1612 1438 1677 carmina
1469 1610 1663 1676 efficiuntur.

439 1717 685 1782 consentaneum
708 1719 757 1780 est
778 1716 915 1780 indolem
939 1734 1060 1797 quoque
1083 1733 1191 1780 eorum
1213 1715 1277 1780 fere
1300 1735 1369 1780 esse
1391 1735 1510 1798 parem.
1562 1713 1664 1793 Quare

439 1837 504 1882 non
528 1820 630 1884 solnm
653 1820 799 1884 universa
813 1819 955 1883 brevium
978 1820 1010 1882 et
1032 1819 1196 1900 longarum
1211 1819 1416 1901 syllabarum,
1438 1817 1663 1900 rhythmorum

438 1920 674 1988 ascendentium
703 1923 735 1987 et
757 1921 1014 1986 descendentium
1036 1921 1083 1986 vis
1110 1920 1218 1986 eadem
1248 1921 1313 1986 fere
1336 1924 1386 1985 est
1412 1921 1445 1984 in
1467 1921 1663 1985 orationibus

439 2025 535 2106 atquo
558 2025 590 2088 in
608 2025 809 2103 carminibus,
833 2025 1000 2090 sedetiam
1021 2025 1211 2106 ubicumque
1234 2025 1272 2088 dc
1288 2024 1420 2106 singulis
1441 2023 1582 2108 pedibus
1599 2023 1664 2087 rhe-

438 2127 522 2192 tores
552 2126 704 2192 iudicium
736 2128 870 2206 faciunt,
905 2127 1018 2192 animis
1045 2147 1153 2192 eorum
1184 2127 1389 2192 obversantur
1410 2146 1521 2192 versus
1549 2147 1589 2194 er
1621 2126 1664 2190 his

435 2229 567 2312 pedibus
585 2231 738 2306 contexti3
760 2231 868 2314 itaque
891 2250 983 2314 saepe
1004 2232 1049 2308 fit
1071 2232 1108 2294 ut
1129 2230 1299 2296 versiculos
1316 2230 1452 2296 excitent
1474 2231 1514 2295 ad
1541 2251 1603 2296 sua
1627 2231 1661 2294 de

435 2331 567 2415 pedibus
591 2332 704 2398 iudicia
727 2335 951 2400 confirmanda.

521 2435 640 2500 Verum
664 2439 807 2519 quamvis
834 2438 955 2503 indoles
976 2437 1197 2520 rhythmorum
1223 2437 1256 2501 in
1279 2436 1470 2501 orationibus
1492 2438 1525 2500 et
1550 2437 1661 2502 carmi·

434 2537 527 2602 uibus
550 2538 660 2604 similis
684 2540 734 2618 sit,
757 2560 796 2605 na
817 2541 979 2606 rhetorum
1003 2561 1075 2605 eum
1097 2541 1300 2606 metricorum
1316 2542 1348 2604 et
1362 2540 1559 2604 musicorum
1578 2541 1662 2606 testi·

435 2640 549 2706 moniis
566 2641 743 2708 confudisse
765 2644 878 2721 videar,
902 2663 954 2708 eos
969 2643 1064 2722 locos,
1088 2644 1141 2725 qui
1163 2645 1325 2708 rhetorum
1340 2645 1507 2727 praecepta
1529 2643 1574 2708 ad
1599 2662 1661 2708 ora-

435 2743 536 2807 tiones
563 2746 737 2828 spectantia
765 2747 942 2824 coutinent,
971 2748 1029 2811 hoo
1058 2747 1206 2812 asterisco
1229 2746 1397 2828 insigniam
1421 2771 1455 2808 a.
1498 2745 1660 2812 Nimirum

435 2847 628 2911 omittendus
660 2848 718 2912 erit
745 2850 928 2928 asteriscus,
962 2849 1062 2914 sicubi
1084 2853 1140 2914 aut
1166 2850 1331 2916 universae
1359 2849 1600 2932 compositionis
1633 2853 1660 2914 et

434 2949 573 3032 poeticae
597 2953 629 3014 ct
650 2952 801 3016 oratoriae
829 2953 915 3035 leges
938 2952 1128 3016 videbuntur
1150 2971 1217 3018 esse
1241 2953 1418 3037 propositae
1446 2953 1502 3016 aut
1525 2953 1566 3018 de
1593 2973 1660 3038 poe

434 3055 540 3116 tarum
562 3054 702 3118 numeris
724 3055 864 3120 rhetores
886 3055 945 3140 ipsi
969 3055 1182 3138 disputabunt.

520 3155 639 3219 Eorum
657 3159 763 3222 autem
779 3159 918 3223 locorum
940 3155 1030 3221 nulla
1052 3158 1130 3221 mihi
1145 3159 1224 3222 ratio
1246 3156 1391 3222 habenda
1406 3161 1484 3236 erat,
1500 3159 1556 3222 ubi
1574 3159 1659 3225 uerbi

434 3253 563 3342 ῥυθμός
591 3260 637 3325 vis
669 3263 752 3345 apud
782 3260 935 3326 inferioris
963 3261 1031 3325 aevi
1058 3261 1222 3342 scriptores
1256 3261 1352 3324 latius
1379 3263 1467 3344 patet
1494 3280 1598 3342 quam
1631 3261 1659 3324 iu

433 3362 607 3426 metrorum
631 3363 804 3447 disciplina.
847 3364 931 3428 Nam
956 3367 993 3427 ut
1014 3363 1229 3445 Hermogenes
1257 3363 1365 3428 sedulo
1388 3363 1507 3428 indicat
1530 3383 1564 3427 se
1594 3369 1660 3428 tuu-

434 3465 596 3529 tummodo
618 3467 874 3551 compositionem
895 3467 1027 3550 pedibus
1051 3466 1240 3549 qmbusdam
1258 3465 1402 3531 effectam
1426 3468 1457 3530 et
1479 3465 1659 3533 clausulam

434 3568 697 3650 comprehendere
732 3569 873 3654 rhythmi
905 3569 1031 3634 nomine
1054 3572 1094 3652 (p.
1118 3570 1191 3647 209,
1207 3571 1247 3632 22
1271 3569 1311 3631 W
1342 3596 1384 3624 =
1416 3569 1487 3646 280,
1503 3569 1545 3632 2ο
1575 3569 1658 3654 Spl:

385 3657 387 3668 Α
434 3661 453 3757 ἡ
481 3667 627 3756 συνθήκη
654 3663 778 3756 ἡκαυὰ
804 3663 878 3750 τοὺς
899 3666 1007 3749 πόδας
1039 3661 1190 3758 (οὐγὰρ
1213 3665 1233 3756 ἥ
1259 3694 1300 3755 γε
1322 3665 1455 3758 ἑτέρα)
1487 3668 1546 3735 καὶ
1569 3666 1623 3738 ἔτι
1643 3665 1657 3755 ᾗ

435 3765 628 3854 ἀνάπαυσις,
655 3766 695 3840 τό
717 3797 752 3839 τε
774 3772 810 3855 ἐξ
835 3765 959 3861 ἀμφοῖν
980 3770 1100 3839 τούτων
1126 3767 1381 3856 ἀποτελούμενον
1403 3767 1422 3840 ὁ
1445 3771 1575 3858 ῥυθμός
1609 3777 1658 3854 (cl.

433 3897 463 3959 p.
495 3879 623 3955 238,15
646 3878 685 3941 W
707 3905 749 3933 =
773 3879 881 3956 301‚8
910 3879 990 3962 Sp),
1012 3879 1057 3942 ita
1083 3878 1235 3962 Iosephus
1262 3876 1488 3960 Rbacendytus
1512 3879 1551 3944 de
1575 3881 1659 3963 pedi·

434 3980 494 4044 bus
515 3999 642 4063 prorsus
665 3982 750 4046 tacet
771 3979 834 4059 (HI
862 3983 938 4058 545,
960 3981 999 4044 19
1026 3981 1095 4064 W):
1130 3975 1258 4066 ῥυθμός
1289 3977 1377 4044 ἐστιν
1410 3973 1429 4066 ἡ
1461 3977 1577 4046 τοιάδε
1611 4009 1658 4061 τις

435 4073 632 4170 ἇπήχηοις
663 4087 719 4150 τοῦ
745 4080 852 4170 λόγου,
887 4079 1008 4168 γίνεται
1032 4078 1068 4148 δὲ
1099 4079 1134 4147 ἐκ
1162 4087 1220 4168 τῆς
1246 4082 1378 4150 τοιᾶσδε
1409 4078 1579 4172 συνθήκης
1605 4083 1657 4151 καὶ

645 4339 792 4408 „Ponticus
810 4341 925 4406 heroo,
945 4339 1046 4394 Bassus
1065 4355 1169 4408 quoque
1187 4339 1276 4394 clarus
1293 4337 1416 4394 iambis

645 4427 741 4480 Dulcia
759 4426 895 4481 convictus
913 4425 1035 4479 membra
1053 4423 1206 4480 lucremei.

647 4511 770 4566 Detinuit
788 4515 895 4566 nostras
912 4526 1107 4565 numerosus
1125 4509 1257 4565 Horatius
1275 4527 1364 4578 aures,

647 4597 717 4650 Ilum
735 4596 800 4651 ferit
817 4595 937 4650 Ausonia
955 4595 1075 4650 carmina
1093 4596 1167 4651 culta
1184 4595 1269 4666 lyra.“
