3548 5256
364 977 581 1072 fulcuinus
610 974 844 1072 Sroonuuuo
873 974 1018 1070 Orrou
1046 975 1245 1070 Rossrlou
1273 971 1306 1068 S.

636 1165 659 1204 Sl
673 1165 727 1215 qut·
741 1165 836 1216 scriptis
849 1165 936 1206 nuruis
950 1165 1008 1206 altos
1022 1173 1123 1216 superne
1137 1165 1243 1214 inprimit
1256 1173 1345 1210 vanus,
1359 1164 1449 1214 priores

635 1228 724 1269 lltteru
739 1239 786 1268 non
801 1227 869 1274 toltit.
884 1227 925 1268 sed
939 1227 1069 1268 abscondit.
1097 1227 1205 1268 seneca
1219 1227 1248 1268 ds
1263 1227 1336 1268 benef.
1352 1226 1382 1266 Vl
1396 1227 1415 1271 d,
1430 1227 1450 1265 3,

312 1351 472 1430 Quoniam
505 1347 651 1420 Senecae
681 1352 867 1439 philosophi
897 1353 1051 1419 librorum
1082 1372 1146 1418 non
1178 1359 1304 1418 tantum
1332 1370 1450 1434 eorum,

218 1463 279 1548 qui
302 1461 376 1547 plus
404 1462 508 1528 minus
537 1461 656 1545 integri
684 1459 727 1526 ad
754 1467 899 1528 nostram
925 1459 1112 1525 memoriam
1139 1467 1363 1543 pervenerunt,
1392 1455 1450 1524 sed

222 1569 322 1636 etiam
345 1567 597 1652 fragmentorum
621 1574 654 1634 et
673 1573 896 1652 excerptorum
911 1565 1010 1632 crisin
1024 1565 1191 1632 codicibus
1207 1565 1451 1632 accuratissime

219 1675 354 1743 collatis
377 1675 508 1742 adiutus
533 1684 663 1741 strenue
685 1693 876 1760 promovere
899 1693 1078 1757 aggressus
1103 1693 1147 1757 es,
1172 1691 1213 1738 en
1233 1671 1361 1756 roganti
1377 1671 1451 1736 Tibi

223 1784 362 1850 libenter
390 1781 489 1848 offero
518 1802 634 1848 novum
664 1802 703 1847 ac
730 1781 866 1866 plenius,
895 1780 981 1864 quod
1009 1781 1132 1846 Romae
1160 1799 1237 1845 vere
1265 1779 1451 1846 anni18'l9

221 1890 358 1974 confeci,
373 1888 598 1975 apographum
612 1907 722 1955 earum
737 1889 1002 1971 membranarum,
1018 1887 1133 1970 quibus
1145 1886 1289 1953 Senecae
1300 1887 1453 1951 librorum

223 1995 394 2082 ‘quomodo
417 1996 563 2062 amicitia
579 1995 775 2068 continenda
791 1991 843 2062 sit’
869 2000 902 2060 et
923 1992 974 2060 ‘de
988 1993 1057 2059 vita
1071 1991 1184 2078 patris'
1205 1993 1363 2076 reliquiae
1379 2011 1453 2058 con·

221 2106 381 2186 tinentur3
410 2122 492 2186 quas
515 2102 566 2168 Tu
589 2102 660 2187 ipse
683 2121 810 2186 quoque
834 2120 919 2167 anno
946 2102 1031 2167 1885
1056 2099 1262 2184 examinasti,
1286 2097 1358 2182 sed,
1382 2119 1454 2164 cum

226 2211 380 2296 temporis
404 2210 565 2294 angustiis
588 2208 800 2294 impedireris,
830 2208 955 2292 aliquot
983 2213 1107 2272 tantum
1131 2207 1311 2292 particulas
1334 2207 1453 2272 rectius

225 2318 337 2401 legere
364 2317 439 2382 Tibi
471 2304 563 2381 licuit
595 2335 690 2398 quam
721 2312 900 2382 Bartholdo
934 2313 1076 2397 Georgia
1104 2313 1261 2398 Niebuhr,
1293 2313 1348 2396 qui
1379 2321 1455 2398 post

224 2423 432 2510 imperfectos
461 2421 611 2488 Caietani
638 2421 788 2506 Migliore
817 2427 952 2488 conatus
979 2422 1160 2486 Annaeana
1186 2420 1245 2486 illa
1272 2420 1455 2504 fragmenta

224 2532 348 2617 primus
372 2529 544 2614 diligenter
567 2529 742 2614 descripsit
765 2535 798 2594 et
819 2527 978 2594 laudabili
993 2547 1070 2594 cura
1087 2527 1190 2594 edidit
1203 2535 1278 2614 post
1291 2526 1341 2592 bt.
1355 2526 1455 2592 Tullii

228 2638 394 2705 Ciceronis
418 2637 599 2702 orationum
622 2655 681 2721 pro
704 2635 746 2702 M.
763 2635 898 2702 Fonteio
923 2644 955 2701 et
978 2653 1037 2719 pro
1057 2633 1091 2700 C.
1106 2635 1238 2700 Rabirio
1263 2629 1453 2718 fragmenta'

226 2747 349 2812 Romae
371 2746 457 2810 1820
478 2764 553 2829 pag.
569 2745 724 2810 99-104
747 2741 843 2825 (conf.
868 2743 966 2808 etiam
980 2761 1055 2827 pag.
1072 2744 1227 2822 13-15).
1264 2740 1455 2808 Niebuhria·

226 2872 304 2918 nam
340 2849 514 2917 editionem
551 2849 702 2935 repetivit
739 2848 876 2916 Carolus
908 2846 1098 2933 Rudolpbus
1130 2848 1263 2914 Fickert
1296 2847 1456 2934 (Senecae

224 2979 316 3044 oper.
339 2956 402 3023 vol.
425 2957 472 3020 111
497 2953 642 3043 [Lipsiae
668 2953 765 3044 1845]
794 2975 870 3041 pag.
896 2957 1095 3038 tta-745),
1123 2975 1187 3020 non
1214 2961 1338 3020 tantum
1366 2974 1455 3039 repe·

226 3065 303 3130 tivit
331 3062 390 3130 sad
418 3063 516 3130 etiam
544 3063 737 3128 coniecturis
765 3062 889 3145 aliquot
917 3061 1075 3144 felicibus,
1103 3062 1248 3146 pluribus
1276 3060 1457 3127 infelicibus

228 3169 414 3236 emendavit
436 3168 622 3236 Fridericus
641 3169 754 3234 Haase
777 3169 938 3254 (Senecae
952 3188 1040 3254 oper.
1056 3168 1119 3235 vol.
1135 3168 1182 3232 Ill
1198 3165 1342 3255 [Lipsiae
1362 3165 1455 3254 1853]

227 3298 307 3364 pag.
331 3275 539 3360 435-437);
576 3275 782 3342 membranas
809 3275 979 3342 Palatinas
1010 3275 1043 3341 in
1075 3274 1272 3341 bibliotheca
1300 3275 1459 3340 Vaticana

225 3383 426 3451 adservatae
450 3401 543 3448 nemo
567 3391 642 3467 post
659 3380 868 3448 Niebuhrium
892 3381 1001 3464 legare
1025 3387 1160 3448 conatus
1184 3387 1242 3448 est.
1279 3381 1391 3448 Facile
1414 3379 1458 3464 fit,

230 3499 267 3558 ut
294 3510 335 3557 ex
362 3489 453 3556 libris
479 3489 648 3574 rescriptis
679 3488 774 3574 plura
807 3495 840 3554 et
870 3488 1011 3555 rectiora
1043 3489 1254 3574 expiscemur‚
1286 3487 1458 3555 dummodo

227 3598 320 3664 docti
349 3597 487 3663 alicuius
516 3595 654 3664 bominis
683 3595 855 3662 lectionem
884 3595 1032 3679 quamvis
1060 3594 1282 3681 imperfectam
1310 3597 1459 3662 manibus

231 3715 409 3772 teneamus.
454 3702 493 3769 Id
521 3723 582 3787 ago
612 3723 683 3769 cum
711 3703 744 3768 in
772 3702 847 3768 aliis
874 3700 1098 3788 palimpsestis
1122 3711 1274 3788 expertus
1298 3710 1458 3770 sumtum

229 3815 267 3878 in
299 3811 351 3877 bis
382 3809 586 3895 membranis,
618 3829 703 3896 quae
735 3808 779 3874 ad
812 3809 970 3876 Senecam
1006 3809 1181 3894 pertinent3
1220 3830 1294 3875 nam
1326 3811 1460 3894 egregia

227 3917 400 3988 Niebuhrii
433 3937 546 4001 opera,
580 3916 634 4000 qui
666 3923 699 3982 et
726 3914 1006 4001 hydrosulphureo
1036 3915 1124 4000 quod
1155 3924 1274 3983 vocant
1304 3924 1460 4002 potassae

229 4046 311 4094 usus
344 4024 517 4092 evanidam
550 4025 743 4110 scripturam
774 4044 838 4091 non
870 4025 1042 4092 infeliciter
1074 4025 1281 4092 resuscitavit
1313 4035 1346 4092 et
1379 4026 1461 4091 bene

227 4133 396 4200 oculatum
419 4153 456 4198 se
479 4132 651 4218 praestitit,
675 4131 759 4199 adeo
783 4131 915 4200 adiutus
939 4152 1018 4217 sum,
1042 4141 1163 4198 utnon
1186 4133 1301 4218 paucis
1324 4132 1405 4198 loeis
1429 4141 1461 4198 et

229 4240 327 4326 plura
351 4240 545 4306 arrectiora
568 4239 678 4324 legere
701 4258 840 4325 possem.
886 4236 980 4315 Quae
1007 4240 1036 4305 si
1064 4248 1097 4306 et
1126 4239 1200 4304 Tibi
1228 4247 1261 4306 et
1290 4239 1365 4306 aliis
1388 4258 1461 4324 pro·

233 4345 344 4414 banda
366 4345 569 4430 ridebantur,
592 4353 746 4429 quantum
771 4345 893 4412 laboris
917 4344 1003 4412 oculi
1026 4344 1089 4410 mei
1104 4346 1228 4410 Romae
1243 4344 1462 4428 sustinuerint,

229 4473 298 4524 non
320 4472 371 4518 me
393 4451 582 4538 paenitebit

324 4557 477 4624 Efficiunt
509 4564 617 4624 autem
655 4577 713 4625 sex
745 4557 836 4643 illae,
873 4557 915 4625 de
948 4559 1065 4642 quibus
1098 4557 1219 4642 agitur,
1254 4557 1461 4625 membranae

232 4665 416 4751 rescriptae
440 4663 562 4732 codicis
583 4664 828 4732 celebratissimi
844 4664 995 4731 Vaticani
1010 4663 1153 4730 Palatini
1169 4667 1212 4732 24
1227 4685 1267 4730 ex
1281 4662 1463 4730 diversissi-

1269 4771 1302 4825 a·
