3480 5230
922 315 964 377 44

337 544 489 610 vocabula
504 541 676 619 sollemnia,
700 560 780 624 quse
796 542 871 605 sunt
887 535 1122 628 προηγούμενος
1137 541 1169 604 et
1183 529 1362 625 ἀναγκαῖος,
1380 540 1420 606 ad
1437 539 1563 606 Stoicos

336 666 403 712 esse
425 646 595 712 referende.
638 645 882 712 Fortunatiauus
906 646 989 711 enim
1011 648 1052 730 (p.
1069 646 1131 710 108
1152 644 1207 726 H.)
1229 644 1327 710 etiam
1341 647 1450 712 nostra
1464 664 1563 730 argu-

335 753 445 816 menta
466 767 547 833 quae
570 749 793 814 confirmentur
816 748 912 814 tradit
927 743 1153 836 προηγούμενα
1168 751 1282 828 vocari,
1298 749 1561 816 ‘adversariorum

334 872 414 936 quae
436 853 621 920 refellantur
642 845 809 936 ἀναγκαῖα.
855 852 966 935 Νοηαε
990 853 1082 919 aliter
1104 873 1135 937 p.
1160 853 1220 917 117
1245 846 1378 940 ζὴιησιν
1398 875 1561 942 προηγων-

333 953 433 1044 μένην
455 959 488 1022 et
510 949 688 1042 ἀναγκαίαν
710 956 884 1039 distinguit.
927 957 1032 1038 Atque
1054 957 1212 1022 consentit
1233 975 1307 1022 cum
1329 958 1424 1036 cols,
1447 959 1561 1042 quiet
1700 1004 1701 1007 ,

333 1059 400 1143 ipse
422 1060 562 1143 aliquam
583 1062 706 1144 partem
726 1059 845 1126 Stoicos
868 1061 1020 1142 sequitur,
1043 1059 1201 1144 Sulpicius
1216 1059 1324 1126 Victor
1337 1058 1383 1145 (p.
1400 1063 1464 1126 324
1484 1062 1557 1143 Η.);

335 1182 463 1240 „eorum
486 1164 801 1247 argumentorum
823 1164 917 1245 atque
932 1183 1041 1229 aarum
1056 1164 1285 1247 quaestionum,
1300 1182 1381 1248 quae
1397 1183 1434 1230 ex
1448 1167 1559 1230 nostra

333 1268 422 1348 parte
456 1269 539 1344 sunt,
573 1285 654 1349 quac
688 1266 799 1332 Graeci
833 1262 1056 1354 προηγούμενα
1088 1267 1279 1352 appellant.“
1328 1267 1398 1332 Hoc
1430 1287 1555 1351 qnoque

335 1368 437 1435 Stoico
463 1370 508 1434 illi
535 1371 707 1448 tribuerim,
735 1389 830 1452 quem
857 1369 1029 1436 identidem
1057 1372 1219 1435 auctorem
1242 1370 1370 1454 Sulpicii
1392 1371 1555 1454 appellavi

334 1472 429 1538 Porro
461 1474 539 1538 haec
570 1473 680 1538 eadem
713 1473 866 1539 vocabula
900 1473 939 1538 de
972 1473 1165 1554 argumentis
1198 1474 1282 1538 dicta
1318 1473 1556 1557 deprehendun-

333 1575 384 1640 tur
428 1576 510 1660 apud
546 1576 697 1660 Apsinem
733 1576 762 1652 (Ι
795 1595 824 1659 p.
858 1576 936 1653 385,
973 1577 1001 1639 9.
1037 1575 1085 1639 10.
1115 1577 1155 1640 21
1190 1575 1258 1660 Sp.)
1293 1578 1326 1640 et
1367 1575 1555 1660 Gregorium

333 1677 529 1744 Corinthium
557 1679 633 1764 (VH
659 1700 688 1763 p.
712 1679 811 1756 1225,
835 1679 873 1742 17
898 1679 971 1762 W.).
1021 1679 1179 1744 Deserto
1208 1680 1316 1744 autem
1344 1697 1382 1743 ae
1409 1679 1555 1744 sollemni

332 1779 478 1846 venabuli
511 1776 747 1869 προηγούμενος
779 1801 838 1846 usu
870 1783 1072 1864 cogitandum
1103 1803 1167 1847 non
1201 1799 1270 1847 esse
1302 1799 1415 1846 censeo
1445 1781 1479 1846 in
1503 1782 1555 1846 his

331 1883 474 1966 Dionysii
485 1885 587 1952 Halia.
610 1885 726 1951 verbis:
749 1881 832 1968 μετὰ
854 1875 913 1962 τὰς
928 1881 1093 1972 διηγήσεις
1106 1876 1167 1964 τὰς
1182 1877 1282 1963 οὕτως
1296 1873 1555 1972 ᾠκονομημένας,

331 1977 386 2050 οὐκ
408 1979 457 2051 ἔτι
472 1980 531 2066 τὰς
553 1985 855 2074 προηγουμένας
876 1979 1060 2069 ἀποδείξεις
1082 1986 1218 2065 πολλοῖς
1238 1989 1431 2070 βεβαιοῦται
1446 1981 1556 2071 λόγοις

332 2081 400 2153 οὐδ’
421 2083 508 2156 ἔδειν
524 2085 637 2174 ὅμοιος
651 2095 722 2170 τοῖς
744 2089 828 2169 νέοις
850 2087 1087 2178 τεχνογράφοις,
1110 2081 1193 2156 ἀλλὰ
1214 2081 1283 2170 τὰς
1303 2092 1382 2156 τῶν
1403 2082 1554 2155 ἀντιδί-

331 2215 406 2256 κων
429 2188 590 2274 πύστεις
611 2185 755 2280 ἀναιρεῖν
777 2187 879 2260 οῖειαι
903 2193 978 2259 δεῖν.
991 2197 1015 2276 ²)

419 2296 488 2362 Hoc
511 2295 636 2376 addam,
660 2298 842 2364 Ciceronem
865 2298 903 2362 de
926 2299 987 2363 inv.
1010 2297 1085 2362 Ι33
1094 2297 1219 2380 gloriari
1238 2297 1366 2381 quidem
1382 2317 1416 2362 se
1433 2317 1553 2376 eorum,

332 2418 413 2481 quae
441 2401 478 2465 de
501 2401 669 2484 partitione
690 2401 880 2479 tradidisset,
906 2401 986 2466 nihil
1007 2400 1040 2464 in
1062 2401 1182 2466 artibus
1205 2399 1367 2467 rhetoricis
1389 2399 1553 2466 invenisse

330 2503 480 2569 Attamen
503 2523 611 2571 versor
631 2507 667 2570 ut
689 2504 718 2570 ei
739 2504 832 2570 fidem
856 2504 972 2570 habere
993 2504 1102 2580 liceat;
1125 2523 1200 2570 nam
1221 2504 1286 2570 iam
1309 2503 1493 2571 Cornificius
1515 2523 1554 2569 ex

330 2605 436 2688 aliqua
466 2609 556 2691 parte
589 2607 700 2674 eadem
734 2608 838 2674 tradit
882 2607 952 2673 Nisi
984 2607 1064 2673 forte
1097 2607 1171 2672 hinc
1202 2606 1371 2673 concludas
1395 2607 1554 2674 Ciceronis

329 2709 445 2776 librum
473 2714 546 2776 ante
570 2710 713 2776 Cornifici
741 2710 897 2776 rhetorica
929 2729 997 2776 esse
1024 2711 1241 2795 compositum.
1292 2711 1399 2776 Etiam
1420 2709 1554 2776 Herma-

330 2832 439 2896 goram
473 2816 721 2879 consentaneum
754 2814 804 2878 est
835 2821 1002 2898 praecepta
1035 2813 1158 2878 dedisse
1192 2814 1230 2878 de
1258 2809 1429 2897 διαιρέσει,
1457 2833 1553 2896 quam

328 2918 452 2999 partem
476 2936 545 2982 esse
562 2916 660 2982 voluit
674 2915 847 2982 rhetoricae
863 2909 1031 3003 οἰκονομίᾳ
1047 2916 1247 2982 subiunctam
1262 2917 1343 2980 teste
1359 2914 1553 2996 Quintiliano

330 3017 392 3102 (HI
420 3020 448 3096 3,
476 3021 518 3102 9),
548 3020 601 3102 qui
628 3021 660 3085 et
686 3020 752 3102 ipse
780 3019 1042 3084 honorationem
1071 3021 1184 3104 probat
1209 3018 1259 3084 111
1287 3021 1316 3096 9,
1344 3020 1552 3103 2:·„partitio

329 3141 402 3189 vero
430 3123 641 3207 dispositionis
668 3124 717 3188 est
743 3122 873 3206 species,
896 3122 965 3206 ipsa
987 3121 1149 3206 dispositio
1171 3140 1247 3204 psra
1268 3121 1442 3188 rhetoricas
1466 3127 1550 3206 eqs.“

270 3336 275 3344 '
415 3328 625 3394 fienseamus
648 3327 688 3394 ad
710 3327 827 3404 locos,
850 3345 867 3392 a
889 3327 1003 3410 quibus
1025 3329 1213 3412 argumenta
1233 3327 1403 3394 ducuntur.
1425 3327 1553 3411 Inque

330 3431 489 3498 doctrinae
504 3433 593 3515 parte
609 3429 714 3508 Stoici,
730 3431 757 3496 si
772 3429 985 3512 Ciceronem2)
1002 3431 1170 3514 sequimur,
1182 3431 1306 3495 nullam
1317 3429 1465 3496 videntur
1479 3450 1552 3515 ope·

330 3553 399 3602 ram
424 3534 609 3600 collocasse:
639 3533 742 3612 „Nem
758 3553 775 3598 e
792 3533 905 3617 quibus
927 3533 1003 3600 locis
1020 3534 1111 3617 qussi
1124 3535 1280 3600 thesauris
1295 3535 1483 3616 argumenta
1498 3533 1553 3600 de-

275 3711 280 3721 ,
329 3639 557 3722 promerentur,
579 3638 674 3704 vest'
698 3637 754 3720 (sc.
779 3637 888 3716 Stoici)
909 3655 949 3702 ne
965 3636 1114 3720 suspicati
1131 3637 1258 3721 quidem
1272 3639 1357 3714 sunt,
1376 3637 1552 3721 superiores

329 3743 386 3822 (ec.
409 3740 619 3824 Peripatetici)
647 3742 753 3806 autem
780 3739 909 3806 artificio
937 3741 971 3806 et
998 3741 1050 3806 via
1071 3740 1298 3806 tradiderunt“.
1341 3739 1411 3804 Iam
1432 3740 1551 3806 Aristo·

329 3846 409 3910 telas
430 3844 497 3928 ipss
521 3844 559 3908 de
579 3838 700 3922 τόποις
722 3843 956 3910 accuratissime
978 3843 1012 3908 in
1034 3845 1101 3909 arte
1130 3843 1285 3910 rhetorica
1310 3845 1343 3908 et
1368 3843 1402 3908 in
1427 3841 1552 3928 Topicis

331 3948 486 4014 disseruit.
530 3948 635 4030 Atque
657 3947 740 4012 hano
763 3947 944 4012 dialecticae
966 3949 1099 4030 partem,
1114 3945 1291 4012 inveniendi
1308 3946 1386 4023 dico,
1403 3943 1551 4011 sStoieis

330 4069 399 4117 osse
424 4051 695 4134 praetermissam,
722 4049 880 4116 iudicandi
907 4049 1007 4116 solam
1030 4051 1195 4130 excultam,
1218 4048 1390 4115 identidem
1413 4047 1553 4115 affirmat

330 4153 438 4220 Cicero
448 4153 490 4236 8);
514 4171 607 4233 „oum
630 4153 734 4218 omnia
755 4153 835 4218 ratio
858 4153 991 4238 diligens
1013 4152 1186 4220 disserendi
1209 4151 1288 4218 duas
1304 4151 1421 4219 habeat
1434 4155 1551 4239 partes,

400 4410 420 4476 ¹)
439 4408 517 4464 Dion.
536 4408 598 4462 Hel.
617 4409 651 4464 de
668 4410 745 4464 Isaeo
764 4425 785 4463 e.
807 4409 846 4462 14.

399 4495 421 4560 ⁸)
439 4493 472 4548 de
490 4494 534 4548 fin.
554 4494 592 4549 lv
612 4497 658 4562 1ος
677 4495 711 4549 cf.
731 4495 764 4548 de
782 4510 819 4548 or.
839 4492 871 4548 ΙΙ
892 4496 947 4549 158.

400 4581 422 4649 ⁸)
440 4578 507 4653 Top.
525 4581 556 4650 6·,
574 4579 608 4634 de
625 4595 663 4636 or.
683 4577 714 4638 11
734 4581 792 4638 157.
