3634 5240
860 331 899 391 a?

772 419 978 428 --—--

266 551 400 616 libertus
431 569 495 614 non
522 550 631 633 paucis
654 551 804 616 librorum
828 553 866 617 de
890 554 1012 618 musica
1039 555 1115 618 locis
1139 573 1331 637 anonymum
1353 553 1487 635 exscrip-

265 653 307 718 sit
327 654 505 733 auctorem,
529 654 582 736 qui
603 653 721 737 dactyli
747 655 872 720 nomine
893 656 939 720 ita
964 675 1040 721 usus
1069 658 1149 734 erat,
1174 659 1210 721 ut
1236 676 1254 721 a
1279 656 1399 738 vulgari
1426 674 1486 720 usu

264 755 356 838 longe
379 757 547 821 recederat
590 757 682 822 Teste
706 757 789 821 enirn
805 758 942 824 Aristide
965 759 1031 839 (lib.
1044 757 1061 822 Ι
1076 777 1141 842 cap.
1159 760 1211 840 15)
1235 777 1410 844 anonymus
1433 759 1485 822 ille

265 858 305 924 ad
328 877 427 940 genus
442 859 633 943 dactylicum
649 859 706 924 hos
723 863 792 925 octo
807 861 901 944 pedes
916 861 1096 927 rettulerat:
1125 911 1140 930 c
1157 889 1193 942 „‚·
1220 911 1235 929 c
1252 911 1267 930 c
1288 911 1303 930 υ
1320 889 1356 942 „3
1380 917 1401 924 -
1415 910 1430 928 a
1446 887 1485 942 υς

269 987 367 1042 „„-,·
390 988 461 1042 --ς
480 980 538 1025 ·.-
564 1018 616 1025 --
641 963 1011 1045 (autum)‚·-„·
1038 967 1291 1046 vv-,·stque
1315 964 1485 1029 abeodem

265 1083 419 1147 anonymo
453 1063 504 1146 (cf.
538 1064 624 1128 Arist
610 1063 664 1128 tid.
698 1084 765 1186 cep.
791 1067 844 1152 17)
875 1068 1039 1231 praeterea
1071 1067 1105 1130 hi
1135 1086 1187 1131 ser
1222 1064 1345 1152 ῥυθμοὶ
1376 1063 1486 1148 μικτοί

265 1167 439 1232 enumerati
473 1169 579 1231 erant:
615 1163 834 1281 κρητικός
907 1163 1137 1248 awannam
1174 1161 1244 1234 κατ’
1277 1163 1398 1252 ἴαμβον
1419 1219 1433 1237 υ
1448 1216 1484 1245 -,

328 1265 536 1348 5dotxrvtog
568 1259 651 1334 κατὰ
684 1273 834 1390 βακχεῖον
870 1263 927 1336 τὸν
965 1261 1035 1335 ἀπὸ
1067 1266 1218 1358 τροχαίου
1237 1327 1255 1335 -
1270 1321 1302 1352 c,
1330 1321 1344 1339 a
1359 1293 1397 1348 -;
1424 1266 1485 1334 dd-

264 1370 379 1449 arctor
413 1367 495 1436 κατὰ
523 1373 670 1454 βακχεῖον
702 1368 759 1438 τὸν
794 1363 865 1439 ἀπὸ
899 1367 1021 1456 ἰάμβου
1041 1426 1056 1443 ν
1070 1423 1104 1452 -,
1128 1429 1146 1437 -
1161 1402 1196 1454 „‚·
1223 1371 1378 1451 δάκτυλος
1403 1363 1487 1436 κατὰ

263 1477 385 1560 χορεῖον
418 1465 474 1540 τὸν
501 1468 671 1560 ἰαμβοειδῆ
689 1529 708 1538 -
723 1526 738 1544 c
754 1521 782 1556 c,
807 1531 826 1540 -
840 1525 855 1544 c
871 1477 957 1558 v(?),·
986 1473 1142 1554 δάκτυλος
1168 1468 1251 1542 κατὰ
1277 1477 1401 1562 χορεῖον
1428 1465 1485 1538 τὸν

262 1575 575 1663 τροχαεοειδῆουἻ
596 1577 748 1662 vv.(.2).

346 1680 418 1746 Non
445 1678 578 1745 eandem
605 1679 740 1761 quidem,
769 1684 802 1746 at
834 1682 969 1746 similem
998 1683 1172 1748 doctrinam
1200 1685 1225 1747 si
1249 1685 1393 1747 secutum
1415 1699 1484 1746 esse

263 1785 421 1851 sumimus
444 1783 775 1864 Pseudo-Longinum,
800 1786 924 1868 poterat
950 1786 1024 1850 huic
1052 1787 1250 1850 enuntiatum
1272 1785 1347 1850 illud
1370 1785 1486 1849 Demo-

263 1889 383 1953 sthenis
406 1887 458 1968 (de
474 1905 536 1952 cor.
555 1887 628 1964 188)
654 1879 727 1951 ὅλον
749 1881 808 1950 ἐπὶ
830 1891 895 1952 τῶν
913 1885 1113 1952 δακτυλικῶν
1128 1890 1264 1975 ῥυθμῶν
1279 1888 1399 1952 dictum
1415 1905 1483 1950 esse

262 1990 372 2070 videri,
411 1990 530 2056 scilicet
559 1988 693 2072 pedibus
727 1989 895 2080 schematis
928 1991 1013 2056 illius
1046 1992 1106 2056 hoc
1139 1991 1203 2056 fere
1237 1991 1329 2055 modo
1361 1989 1482 2055 diuisis.

265 2143 397 2174 .....
424 2139 1006 2173 -,-„‚„-„-‚„--„,--‚-
1021 2142 1119 2172 „--,
1160 2092 1484 2173 t--m--mid

263 2200 326 2263 est.
353 2199 449 2262 τοῦτο
470 2185 508 2259 τὸ
531 2184 755 2322 φήχφιαμα
721 2216 777 2258 τον
797 2190 876 2282 ro'jrc
897 2199 938 2282 τῇ
959 2191 1062 2282 πόλει)
1089 2192 1290 2282 περιστάντα
1310 2193 1314 2283 t
1334 2191 1485 2283 aiedolvov

264 2295 486 2387 capsideiall
487 2295 623 2386 ποίησεν
643 2291 688 2382 i‘
667 2291 782 2384 ω’σντερ
796 2295 901 2384 νέφος.
935 2300 1030 2365 Neot
1016 2305 1123 2366 tamen
1139 2319 1247 2365 omnes
1263 2302 1319 2366 hos
1332 2300 1427 2384 pedes
1444 2299 1484 2364 ad

263 2395 471 2482 δακτυλικοὺς
496 2397 642 2490 ῥυθμούς
663 2401 838 2466 rettulisset
825 2403 1025 2482 tAristides‚
1055 2404 1111 2469 sed
1135 2403 1192 2468 hos
1215 2406 1362 2486 quattuor
1385 2401 1482 2469 solos:

354 2557 436 2586 ,
448 2562 501 2570 --
746 2524 868 2584 ‚non
883 2506 939 2570 hos
955 2508 1010 2589 qui
1023 2509 1147 2573 restent
1162 2507 1253 2572 duos·
1246 2555 1389 2575 .....
1416 2506 1484 2588 (qui

263 2611 301 2676 ab
330 2611 416 2674 Arist
402 2610 466 2674 tide
501 2607 626 2692 quidem
657 2603 807 2694 κρητικός
846 2609 1037 2692 appellatur,
1068 2630 1178 2676 verum
1210 2604 1367 2686 δάκτυλος
1398 2630 1482 2673 κατα

262 2714 408 2798 τροχαῖον
432 2732 495 2777 non
516 2711 623 2776 minus
639 2714 711 2794 apte
727 2729 746 2774 s
761 2710 910 2795 quopiam
932 2714 1084 2796 appellari
1100 2716 1232 2799 peterat,
1256 2731 1420 2795 qnam-

263 2817 301 2880 ab
325 2816 412 2880 Arist
397 2816 462 2880 tide
485 2810 643 2892 δάκτυλος
665 2804 736 2878 κατ’
758 2807 878 2897 ἴαμβον
901 2816 1076 2899 appellatus
1098 2817 1215 2899 ast)tet
1238 2871 1259 2878 -
1272 2863 1351 2881 c„
1379 2761 1482 2893 (cutus

263 2919 351 3003 pedis
362 2919 389 2984 si
401 2917 500 2984 altera
510 2937 583 3002 pars
595 2919 759 3000 tamquam
769 2908 884 3001 ἄλογος
896 2919 1052 3001 spondeus
1062 2918 1314 3001 intellegebatur,
1325 2919 1431 2983 nescio
1443 2937 1482 2981 an

204 3027 206 3031 ’
263 3023 321 3088 hoo
329 3041 453 3105 quoque
463 3022 592 3087 schema
601 3021 641 3085 ad
649 3012 858 3099 δακτυλικοὺς
870 3017 1199 3106 ῥεθμοῦςεραομίεια
1207 3021 1317 3086 referri
1325 3019 1483 3104 potuerit).

262 3125 381 3208 Itaque,
402 3142 595 3207 quamquam
618 3124 708 3189 arioli
730 3144 798 3189 esse
820 3144 931 3191 censeo
951 3127 984 3190 in
1003 3147 1036 3192 re
1057 3125 1266 3191 incertissima
1287 3125 1482 3188 coniecturas

262 3230 377 3306 venari,
394 3231 511 3305 tamen,
528 3227 675 3310 quoniam
690 3226 988 3312 Pseudo-Longinus
1010 3229 1177 3294 manifesto
1194 3227 1274 3292 dixit
1298 3219 1386 3292 ὅλον
1408 3227 1440 3308 (i.
1456 3245 1481 3291 e.

262 3334 462 3399 enuntiatum
486 3329 724 3414 Demosthenis)
748 3325 807 3394 ἐπὶ
833 3333 899 3396 τῶν
922 3331 1165 3397 tenacitatis
1190 3323 1313 3416 εἴρηται
1335 3330 1479 3415 ῥυθμῶν,

153 3423 156 3434 ’
263 3435 415 3520 suspicari
435 3435 510 3499 licet
523 3433 839 3515 Pseudo-Longinum
855 3434 894 3497 ad
910 3424 1119 3512 dcacoiaxodg
1141 3428 1285 3522 ῥυθμούς
1299 3433 1356 3497 has
1373 3450 1481 3496 omnes

261 3540 378 3688 pedum
413 3537 530 3603 formas
561 3537 789 3602 rettulissem
1059 3585 1160 3614 ψ,
1194 3585 1317 3616 cuc,
1349 3585 1431 3604 -.c
1440 3584 1478 3615 -,

360 3639 522 3720 .Quod
555 3640 581 3705 si
611 3639 789 3717 credideris,
799 3585 961 3705 statim'
952 3661 985 3704 1n
986 3641 1130 3723 telleges,
1157 3659 1218 3722 quo
1247 3639 1314 3703 inre
1343 3639 1481 3703 Pseudo-

262 3746 423 3828 Longinus
445 3743 640 3810 contenderit
625 3744 718 3828 trhy
721 3745 826 3808 thmos
843 3743 1012 3827 dactylicos
1026 3743 1234 3828 pessumdari,
1257 3743 1285 3808 si
1299 3761 1354 3826 pro
1369 3733 1480 3826 ὥσπερ

389 3897 470 3917 --c
486 3898 501 3917 c
535 3848 569 3912 in
601 3847 755 3912 enuntiati
797 3847 939 3912 clausula
987 3847 1175 3912 scriberetur
1207 3839 1351 3930 ὡσπερεὶ
1385 3840 1481 3931 νέφος

350 4057 502 4122 Attamen
534 4072 575 4118 ne
607 4052 652 4118 sic
686 4055 812 4137 quidem
846 4054 922 4120 satis
956 4053 1125 4136 expeditur,
1160 4051 1315 4135 quomodo
1341 4050 1480 4114 Pseudo-

262 4161 423 4242 Longinus
439 4158 627 4224 contendere
643 4157 778 4240 potuerit
794 4158 959 4242 rhythmos
971 4156 1003 4220 in
1018 4156 1106 4240 peius
1121 4155 1237 4220 mutari
1254 4154 1359 4231 etiam,
1383 4153 1409 4218 si
1423 4172 1479 4237 pro

264 4257 379 4351 ὥσπερ
400 4258 497 4348 νέφος
525 4315 575 4325 --
589 4309 604 4328 o
620 4309 635 4326 c
671 4260 703 4324 in
737 4261 891 4325 enuntiati
919 4260 1062 4326 clausula
1090 4258 1279 4324 scriberetur
1311 4253 1354 4334 ὠς
1383 4253 1479 4343 νέφος

265 4423 284 4431 -
299 4419 314 4438 υ
329 4415 358 4436 a.
387 4365 469 4432 Sane
490 4364 643 4431 Aristides
666 4363 778 4448 pedem
802 4417 821 4426 -
836 4413 851 4432 c
867 4413 882 4431 ν
908 4365 1012 4448 ipsum
1040 4380 1163 4446 quoque
1186 4362 1224 4425 ad
1248 4379 1348 4442 genus
1371 4359 1479 4444 dacty-

262 4471 360 4536 licum
381 4488 445 4535 non
459 4469 565 4533 minus
584 4467 708 4533 rettulit
723 4485 819 4548 quam
834 4468 946 4550 pedem
964 4519 982 4530 .
995 4521 1013 4530 -
1027 4517 1042 4535 c
1060 4514 1088 4536 c.
1126 4465 1326 4547 Quamquam
1341 4463 1479 4529 Pseudo·

263 4575 424 4657 Longinus
446 4591 508 4638 non
531 4571 608 4636 dixit
622 4571 788 4656 rhythmos
812 4570 1026 4655 dactylicos
1048 4569 1254 4653 pessumdari,
1279 4569 1305 4632 si
1321 4559 1366 4646 ὠς
1382 4563 1478 4652 νέφος
