3634 5240
242 686 423 750 astantem
439 705 547 750 versus
559 685 709 769 Priapeus
726 687 898 750 secundum
914 684 1180 768 Hephaestionem
1195 684 1382 747 tetrameter

156 778 383 871 antispasticus
418 788 633 866 catalecticus,
667 790 720 870 qui
753 809 808 870 pro
843 789 981 852 secundo
1009 787 1182 870 antispasto
1209 786 1379 850 iambicam

155 890 315 972 dipodiam
338 892 485 956 continet.
517 889 586 955 Iam
609 911 682 956 cunr
704 893 809 957 omnia
823 895 924 956 metra
940 891 1145 972 antispastioa
1166 890 1304 954 habeant
1318 888 1377 952 has

155 995 271 1075 primi
294 995 381 1077 pedis
404 994 601 1076 tetrasyllabi
624 994 751 1059 formas:
777 1043 904 1071 νην,
937 1042 1070 1069 ---.‚
1102 1039 1236 1069 -„-.‚

154 1096 271 1180 (Heph.
299 1115 366 1179 cap.
392 1097 421 1160 X
449 1097 509 1160 iu.:
537 1087 575 1160 τὸ
606 1088 867 1162 δντισποιστικδν
893 1087 950 1182 τὴν
976 1093 1037 1177 μὲν
1070 1091 1202 1182 προίτην
1226 1088 1380 1178 συζυγίαν

155 1192 217 1278 ίβηει
252 1195 454 1286 τρεπομένην
490 1195 573 1262 κατὰ
606 1190 663 1264 τὸν
693 1196 853 1285 πρότερον
886 1194 976 1264 πόδα
1010 1192 1056 1276 είς
1083 1190 1125 1262 τὰ
1149 1197 1295 1282 τέσσαρα
1320 1196 1389 1259 τοῦ1

155 1298 355 1385 δισυλλάβου
378 1298 556 1387 σχήματα),
580 1302 762 1385 Priapeum,
787 1307 894 1387 utpote
919 1298 1233 1387 πολυσχημυίτιστον,
1256 1302 1379 1383 praeter

154 1404 210 1469 illa
248 1406 328 1470 haec
365 1424 488 1487 quoque
526 1405 664 1468 admittit
702 1406 879 1471 schemata:
924 1459 940 1476 υ
956 1453 1052 1480 ---,
1092 1452 1223 1479 ----‚

156 1507 273 1591 (Heph.
302 1528 369 1591 cap.
396 1507 454 1571 XV
483 1528 512 1590 p.
541 1507 591 1584 57,
620 1509 659 1571 15
689 1508 745 1572 W:
780 1507 835 1572 καί
862 1500 919 1573 τὸν
952 1499 1175 1572 ἀντίσπαστον
1209 1496 1282 1570 ἔσθ’
1313 1499 1378 1581 ὅτε,

154 1601 211 1674 τὸν
240 1613 372 1698 πρῶτον
393 1613 450 1674 roi·
475 1607 600 1689 παντὸς
620 1607 752 1695 μέτρου,
778 1604 824 1688 είς
846 1610 1019 1676 σπονδεῖον
1042 1614 1244 1695 περαιοῢσιν,
1267 1604 1323 1672 εὀίν
1344 1629 1379 1670 τε

156 1703 226 1777 ἀπὸ
255 1707 380 1796 ἰάμβου
405 1706 557 1801 δίρχηται,
592 1709 647 1777 ἐάν
674 1735 709 1777 τε
736 1704 807 1780 ἀπὸ
834 1709 1000 1800 τροχαίου,
1029 1705 1113 1777 κατὰ
1134 1705 1171 1776 τὸ
1195 1708 1378 1794 δεδομένον,

156 1811 212 1878 δάν
234 1837 270 1880 τε
293 1807 364 1880 ἀπὸ
387 1813 585 1902 σπονδείου).
625 1817 820 1880 Secundae
836 1817 958 1900 Priapei
979 1817 1044 1880 sedi
1067 1819 1190 1898 praeter
1206 1816 1379 1880 diiambum

156 1919 356 1984 choriambus
373 1921 554 1986 conceditur
569 1921 607 1984 ab
623 1919 855 2002 Hephaestione
877 1941 907 2002 p.
925 1921 974 1992 57,
993 1922 1032 1981 14
1047 1919 1101 1982 W:
1124 1909 1163 1984 τὸ
1179 1914 1377 2004 Πριάπειον,

157 2012 191 2084 οί·
218 2017 321 2105 μόνον
347 2016 482 2111 ίαμβικῇ
506 2025 546 2109 τῇ
577 2019 712 2108 δευτέρᾳ
737 2019 911 2107 χρώμενον,
945 2013 1027 2086 ἀλλὰ
1052 2019 1107 2085 καί
1135 2023 1339 2108 χοριαμβικῄ.
1355 2020 1379 2102 ¹)

160 2126 314 2191 Tertiae
337 2127 481 2209 syzygiae
504 2145 648 2191 normam
672 2126 827 2209 explicant
850 2127 943 2190 verba
965 2125 1204 2207 Hephaestionis
1226 2124 1379 2207 p.32,19

157 2228 210 2291 W:
235 2221 292 2292 ἐὰν
316 2226 352 2292 δὲ·
375 2220 590 2316 δνομίσγηται
614 2233 669 2310 (sc.
696 2219 735 2293 τὸ
757 2219 1025 2310 δντισπαστικδν)
1047 2230 1119 2303 ταῖς
1140 2221 1317 2310 ίαμβικαῖς,
1342 2216 1380 2290 οδ

156 2327 256 2412 μόνον
283 2323 341 2416 τὴν
367 2327 501 2416 πρυίτην
528 2327 681 2416 συζυγίαν
707 2324 772 2411 ἔχει
798 2327 997 2417 τρεπομένην
1024 2321 1107 2395 κατὰ
1139 2324 1196 2394 τὸν
1221 2326 1380 2414 πρότερον

159 2431 262 2512 πόδα,
301 2424 384 2498 ἀλλὰ
409 2431 464 2498 καί
492 2425 550 2519 τὴν
577 2435 651 2510 ταῖς
679 2427 848 2517 ίαμβικαῖς
876 2427 1046 2521 ἑπομένην.
1080 2427 1150 2498 ἔστι
1178 2430 1214 2496 δὲ
1245 2425 1298 2496 ὅτε
1324 2427 1380 2495 καὶ

158 2532 265 2602 λε’-παι
288 2529 306 2600 ὁ
329 2532 488 2622 πρότερος
508 2527 589 2613 ποὺς
610 2531 657 2615 εἰς
678 2531 857 2621 τρίβραχυν.
902 2537 1026 2620 Recipit
1047 2537 1144 2619 igitur
1165 2536 1223 2600 has
1247 2534 1379 2599 formas:

385 2671 515 2701 ων,
542 2671 668 2700 ---,,
696 2671 824 2701 -.-.,
852 2670 979 2700 wa,
1007 2669 1158 2693 „„„„„„

241 2743 314 2807 ¹Iam
351 2744 519 2820 habemus,
562 2745 655 2825 prout
692 2743 791 2807 altera
827 2744 954 2825 syzygia
988 2747 1044 2807 aut
1082 2741 1211 2807 diiambi
1248 2741 1380 2805 formam

160 2848 288 2926 praehet
312 2849 367 2910 aut
389 2846 575 2922 choriambi,
599 2847 676 2910 haec
699 2845 822 2928 Priapei
846 2847 1023 2910 schemata:

482 2981 613 3027 ῦὲ--ῦ,
640 2996 765 3026 υ-υ-,
793 2960 944 3026 νῦνΞ-υ,
971 2983 1047 3016 με

481 3084 611 3130 who,
637 3100 765 3129 -υυ-,
794 3067 942 3131 νῦ“’Ξ-υ,
973 3085 1062 3121 υ-Ξ-

245 3171 366 3250 Quibus
389 3190 462 3237 cum
485 3171 595 3236 formis
618 3174 720 3236 sicas
743 3172 979 3256 comparaveris,
1003 3191 1080 3253 quas
1104 3172 1256 3254 praebent
1272 3188 1381 3235 versus

163 3292 181 3335 a
206 3273 356 3358 Dionysio
379 3276 557 3358 compositi:

472 3480 512 3544 Il·
680 3530 775 3558 ---,
802 3529 929 3556 -..-‚

457 3582 515 3645 IH·
541 3632 668 3662 ---c,
696 3633 823 3660 υ-υ-,
849 3633 977 3662 -υυ-,
1005 3613 1096 3660 υ“-ῦ,

164 3719 201 3764 oe
237 3722 337 3766 unum
371 3703 498 3784 quidem
527 3703 655 3768 schema
681 3705 773 3786 plane
804 3703 889 3786 leges
919 3704 957 3768 ah
986 3703 1219 3785 Hephaestione
1248 3701 1381 3764 traditas

165 3807 252 3886 sequi
282 3806 452 3890 apparebit.
504 3805 566 3870 Sed
593 3807 626 3869 in
648 3807 742 3870 tertia
764 3807 897 3889 syzygia¹
914 3807 1061 3887 quioniam
1086 3803 1243 3868 secundus
1267 3807 1298 3866 et
1320 3806 1382 3867 ter-

164 3906 227 3972 tius
248 3929 359 3974 versus
384 3910 601 3974 choriambum
625 3909 772 3973 exhibent
794 3912 826 3973 et
847 3909 879 3972 in
904 3909 972 3972 aliis
996 3927 1119 3990 quoque
1140 3906 1382 3972 versibus'Pria-
1459 3904 1464 3911 '

165 4078 376 4096 Ἣ

166 4194 359 4268 Hermogenem
379 4207 433 4254 tres
454 4201 642 4255 tautummodo
662 4200 772 4254 Sotadei
795 4200 929 4266 leguntur.
966 4199 1059 4267 Neque
1072 4198 1158 4261 video,
1177 4213 1230 4265 qua
1247 4197 1280 4251 de
1299 4213 1382 4252 eausa

167 4283 300 4346 glossator
318 4287 367 4340 ills
385 4285 516 4341 intulerit.
552 4287 622 4340 Nam
642 4285 784 4353 signarus
804 4291 865 4340 erat
884 4286 924 4338 rei
941 4285 1079 4350 metricae,
1099 4299 1184 4351 neque
1204 4284 1382 4353 Priapeorum

166 4381 250 4436 neque
267 4371 445 4427 Sotadeorum
464 4372 491 4425 in
510 4381 629 4426 mentem
647 4371 737 4426 venire
761 4373 850 4441 potuit
876 4387 967 4426 versus
994 4369 1174 4438 Dionysianos
1199 4369 1313 4437 lagoum
1342 4370 1382 4422 sin

166 4450 281 4523 ignarus,
299 4457 368 4512 haec
385 4463 474 4512 metra
491 4473 587 4526 parurn
607 4458 674 4512 trita
691 4457 734 4511 vix
752 4457 833 4512 novit.

228 4545 248 4608 ¹)
261 4544 311 4597 ‘De
325 4544 479 4598 choriambo
492 4549 521 4598 ct
536 4543 622 4598 ionico
636 4543 768 4598 aminare
781 4543 894 4598 diiambi
908 4544 966 4596 loco
980 4541 1085 4610 positia*
1099 4547 1226 4595 accurate
1239 4543 1384 4608 multisque

168 4630 295 4696 axampHs
321 4629 442 4685 collectis
468 4629 526 4697 egit
548 4631 661 4684 loannes
685 4628 815 4682 Luthmer
838 4630 865 4681 iu
889 4629 1005 4682 Dissert.
1024 4627 1116 4696 philol.
1137 4630 1311 4694 argentorat.
1331 4629 1384 4681 vol.

168 4707 231 4764 Vlll
249 4718 285 4782 (a.
307 4715 394 4783 1884).
1072 4720 1073 4724 ’

1139 4799 1175 4854 3*
