3634 5240
207 638 307 731 ρίχη,
331 636 389 709 εἴτ’
411 637 583 734 Ἀθηνᾶς
605 643 736 733 ιτριιίτης
760 644 818 711 bct
846 642 992 711 Τιτάνων
1014 635 1189 732 ἆιρανισμῷ
1212 641 1351 729 χορεύειν
1373 643 1428 710 καί

207 739 380 832 ὀρχεῖσθαι
405 740 461 812 σὺν
493 753 562 826 τοῖς
584 744 702 826 ὅπλοις
723 741 896 814 τάπινίκια
918 741 984 813 dard
1008 751 1109 833 χαρᾶς
1134 741 1329 834 ἀρξαμένης,
1366 741 1430 812 εἴτε

208 845 407 935 παλαίτερον
438 844 486 914 lte
519 848 729 937 Κουρήτων
752 843 850 939 αἰτίην
871 847 1179 937 καταστησαμένων,
1207 845 1260 914 ὅτε
1282 847 1339 914 τὸν
1362 847 1430 915 Δία

206 949 433 1037 τιθηνούμενοι
458 952 589 1037 θέλγειν
611 950 781 1036 ἐβούλοντο
806 951 919 1039 κτύπῳ
947 975 983 1017 τε
1009 948 1122 1017 ὅπλων
1143 950 1199 1017 καὶ
1227 948 1349 1038 κινήσει
1377 975 1431 1035 με·

207 1053 273 1118 λῶν
296 1051 463 1140 ἐνρύθμῳ,
493 1051 649 1140 καθάπερ
671 1051 688 1121 ὁ
709 1059 819 1140 μῦθος
841 1051 914 1138 ἔχει.
963 1056 1094 1122 Curetes
1118 1060 1238 1134 autem,
1261 1057 1315 1137 qui
1337 1057 1431 1121 iidem

207 1157 333 1240 Dactyli
361 1163 393 1222 et
421 1159 616 1241 Corybantes
644 1161 859 1243 appellantur,
894 1179 956 1224 non
987 1160 1171 1243 pyrrhichii,
1204 1159 1258 1224 sed
1286 1159 1429 1242 dactyli

154 1243 161 1260 ⁸
207 1264 351 1325 auctores
379 1281 448 1326 esse
479 1263 627 1326 dicuntur
655 1282 674 1327 a
701 1264 862 1328 Clemente
890 1263 1099 1328 Alexandrino
1125 1262 1236 1327 Strom.
1259 1262 1276 1326 I
1298 1282 1365 1347 cap.
1391 1264 1430 1326 15

208 1369 284 1429 sect.
314 1367 354 1428 73
381 1386 410 1449 p.
441 1366 503 1427 360
531 1365 908 1441 Potc.:cc,201)ind.:
940 1363 1025 1442 τινὲς
1051 1362 1088 1428 δὲ
1115 1359 1339 1450 μυθικώτερον
1366 1369 1432 1430 τῶν

206 1457 334 1531 Ἰδαίων
344 1463 550 1550 καλουμένων
561 1465 736 1531 Δακτύλων
751 1465 870 1555 σοφούς
883 1491 976 1546 τινας
990 1463 1136 1552 πρώτους
1151 1464 1305 1551 γενέσθαι
1320 1465 1431 1553 λέχου-

207 1592 270 1650 σιν,
294 1565 341 1648 εἷς
361 1559 414 1647 οὓς
436 1620 543 1637 .....
564 1569 619 1636 καὶ
642 1565 661 1656 ἡ
684 1573 751 1635 τῶν
772 1568 855 1636 κατὰ
878 1562 1035 1656 μουσικὴν
1057 1564 1179 1656 εἱίρεσις
1201 1573 1336 1658 ῥυθμῶν
1357 1563 1432 1634 οίνα-

207 1669 355 1758 φίρεται·
371 1666 413 1737 dc’
437 1662 476 1760 ἣν
499 1668 608 1737 αἰτίαν
631 1669 660 1737 οὶ
684 1670 777 1757 παρὰ
799 1677 868 1753 τοῖς
881 1675 1048 1757 μουσικοῖς
1063 1669 1213 1737 δάκτυλοι
1229 1665 1287 1760 τὴν
1303 1694 1430 1759 ιτροση-

208 1771 319 1859 γορίαν
341 1769 504 1862 εἰλήφασι.
538 1777 651 1840 lhsius
674 1797 723 1842 res
747 1780 912 1842 enarratur
927 1778 965 1841 ab
983 1780 1147 1860 Anonymo
1162 1777 1369 1840 Ambrosiano
1393 1776 1431 1840 de

208 1879 325 1961 pedum
348 1881 528 1944 nominibus
552 1881 569 1962 η’
593 1881 612 1942 6
635 1901 664 1963 p.
682 1881 743 1942 257
767 1881 797 1944 N
818 1907 862 1935 =
887 1882 1002 1957 224,32
1020 1879 1080 1944 St:
1105 1866 1195 1943 οὗτοι
1218 1865 1271 1942 οἷν
1292 1878 1429 1962 (Dactyli

208 1981 388 2062 daemones)
411 1977 553 2046 ε”σκειτόν
574 2004 610 2046 τε
631 1979 669 2047 τὸ
691 1978 811 2068 βρέφος
829 1984 962 2064 (Iovem)
978 1979 1033 2046 καὶ
1058 1980 1134 2065 περὶ
1157 1972 1236 2045 αὐτὸ
1253 1977 1433 2066 χορεύοντες

209 2077 350 2148 ἔτυπτον
371 2081 431 2163 τὰς
452 2077 599 2163 ἀσπίδας
621 2077 795 2168 είκόσμως,
818 2083 873 2150 καὶ
896 2078 1074 2149 ἀπετέλουν
1096 2079 1225 2170 ῥυθμὸν
1247 2079 1433 2169 ἐναρμόνιον

210 2177 343 2272 ᾅδοντες
372 2185 427 2251 καὶ
459 2185 542 2275 μέλη
569 2187 657 2265 τινοί,
687 2187 741 2253 καί
771 2181 807 2252 ού
836 2185 1033 2272 συνεχώρουν
1060 2179 1196 2251 ἀκοῦσαι
1225 2179 1283 2252 τὸν
1306 2183 1432 2271 Κρόνον

209 2395 274 2454 κῶν
300 2386 409 2478 ἔλαχον
434 2395 504 2470 τοῖς
532 2390 702 2473 δακτύλοις
729 2397 1001 2478 καταμετροῦντες
1028 2385 1124 2458 αἰτοί·
1153 2385 1204 2458 διὸ
1230 2390 1285 2457 καὶ
1309 2387 1326 2457 ὁ
1350 2390 1432 2470 ποὺς

208 2489 244 2556 ἐκ
266 2497 324 2580 τῆς
346 2490 455 2574 αἰτίας
469 2493 586 2583 ταύτης
602 2493 757 2577 δάκτυλος
772 2491 964 2582 ὠνομάσθη.
998 2496 1086 2563 Cous.
1102 2497 1244 2561 Diomed.
1259 2519 1290 2582 p.
1306 2498 1378 2574 478,
1392 2495 1431 2558 10

208 2597 256 2660 K:
278 2599 454 2681 „ldactylus
477 2648 533 2663 ...
556 2601 704 2666 dictus..
722 2605 742 2684 .)
765 2603 804 2666 ab
820 2601 922 2666 Idaeis
941 2600 1095 2684 Dactylis,
1119 2619 1197 2682 quos
1212 2600 1344 2666 Curetas
1367 2601 1431 2665 sive

209 2699 404 2782 Corybantes
426 2705 535 2786 poetae
559 2705 766 2788 appellabant.
802 2705 842 2768 Hi
866 2723 1003 2787 namque
1025 2705 1057 2768 in
1080 2704 1184 2767 insula
1206 2703 1300 2770 Creta
1326 2703 1433 2768 Iovem

129 2795 132 2802 '
209 2803 422 2882 custodiendo,
443 2823 484 2868 ne
500 2806 606 2887 vagitu
630 2827 663 2872 se
679 2807 828 2891 parvulus
849 2808 1002 2890 proderet,
1022 2807 1110 2871 lusus
1126 2807 1299 2891 excogitato
1315 2825 1429 2890 genere

210 2906 347 2988 clipeolis
376 2908 481 2972 aeneis
508 2909 590 2972 inter
619 2929 652 2974 se
680 2913 901 2975 concurrentes
928 2910 1044 2975 tinnitu
1071 2909 1152 2974 aeris
1180 2910 1228 2974 usi
1252 2911 1431 2993 rhythmica

210 3010 306 3073 etiam
335 3010 423 3092 pedis
447 3011 563 3092 dactyli
586 3015 795 3096 conpositione
818 3013 957 3078 celavere
981 3031 1088 3078 socam
1111 3011 1274 3086 infantis“;
1297 3013 1433 3078 bodacis

210 3114 355 3196 excerpta
377 3132 407 3196 p.
425 3115 551 3191 334,18
567 3115 613 3179 K:
638 3117 808 3200 „Dactylus
824 3113 940 3184 (unde)
966 3115 1090 3180 dictos?
1123 3107 1213 3180 Ἀπὸ
1227 3117 1294 3179 τῶν
1308 3107 1434 3179 Ἰδαίων

90 3213 92 3220 ’
211 3212 404 3295 Δακτύλων,
437 3216 490 3298 qui
524 3237 560 3280 eo
594 3219 643 3283 usi
677 3221 752 3283 sunt
779 3219 935 3301 [musae],
970 3218 1023 3301 qui
1050 3221 1082 3283 et
1109 3217 1240 3284 Curetes
1268 3219 1432 3298 vocantur,

210 3318 322 3382 matris
345 3318 439 3382 deum
462 3321 608 3399 comites,
638 3322 692 3403 qui
715 3321 858 3388 feruntur
880 3326 975 3387 cantu
999 3322 1134 3404 quodam
1158 3325 1189 3386 et
1211 3321 1329 3386 tinnitu
1351 3321 1430 3386 aeris

211 3421 353 3502 vagitum
374 3420 456 3486 Iovis
480 3423 632 3488 celasse.“
676 3423 766 3489 Idem
789 3425 827 3489 de
851 3425 985 3490 cretici
1008 3425 1096 3508 pedis
1119 3425 1298 3489 inventione
1322 3427 1432 3488 namot

210 3523 331 3588 Marius
359 3524 439 3588 Plot.
469 3525 594 3590 Sacerd.
617 3549 647 3612 p.
671 3528 774 3602 499,3
797 3526 842 3591 K:
865 3529 986 3606 ,dictus
1009 3531 1057 3592 est
1079 3527 1329 3603 ....cretious,
1358 3545 1434 3608 quo-

210 3628 298 3691 niam
325 3629 357 3691 in
387 3627 480 3693 Creta
506 3630 611 3696 insula
634 3629 841 3714 Corybantes,
869 3634 906 3696 nt
933 3631 1074 3714 vagitum
1096 3629 1179 3695 Iovis
1206 3629 1272 3693 nati
1295 3630 1434 3693 celarent

212 3729 395 3811 Salumum,
417 3734 515 3798 scutis
538 3735 603 3800 suis
626 3736 671 3800 sic
693 3737 882 3800 sonuerunt:
905 3733 1041 3818 grauiter
1063 3732 1201 3798 breviter
1223 3733 1389 3816 graviter.“

712 3955 848 4059 Caput
878 3959 935 4040 ll.

255 4116 325 4197 §3.
369 4111 465 4194 Quid
493 4114 695 4197 rhythmus
724 4113 763 4177 in
792 4114 942 4180 artibus
969 4113 1140 4178 saltandi
1169 4113 1201 4176 et
1227 4113 1391 4177 canendi

757 4219 894 4284 valeat.

299 4354 422 4420 Clarius
450 4375 546 4439 quam
575 4355 697 4422 axillis
720 4354 834 4420 fabulis
856 4355 997 4440 rhythmi
1020 4353 1191 4419 auctoritas
1219 4371 1257 4417 es
1280 4352 1325 4417 eis
1347 4353 1436 4417 testi·

213 4459 326 4525 moniis
361 4459 477 4539 elucet,
509 4460 622 4544 quibus
651 4459 726 4543 quid
759 4458 929 4543 rhythmus
955 4458 989 4522 in
1017 4457 1149 4540 singulis
1178 4456 1299 4521 artibus
1332 4456 1437 4521 valeat

213 4561 444 4646 comprobatur.

300 4665 426 4734 Etenim
454 4688 527 4736 cum
555 4671 619 4736 tres
647 4667 711 4734 sint
736 4666 875 4734 musicae
904 4667 1023 4753 partes,
1050 4662 1171 4731 musica
1199 4663 1321 4750 proprie
1350 4663 1433 4732 dicta

1191 4767 1226 4821 η.
