3522 5248
839 299 1049 396 „65⁵-

418 493 581 579 μεσόδμη
609 491 625 556 6
654 498 706 579 μὲν
727 491 838 558 Ἀπίων
860 497 892 557 τὸ
916 492 1001 565 Εὖλον
1023 497 1056 557 τὸ
1084 491 1143 558 ἀπὸ
1166 505 1219 580 της
1241 500 1371 576 τρόπεως
1393 504 1445 559 τοῦ
1468 493 1562 563 ἱστοῦ.

330 599 354 684 ᾧ
378 601 488 694 δέδεται
518 597 534 663 6
562 599 654 675 ἱστός,
683 598 770 666 οἱονεὶ
797 597 816 686 6
847 599 877 664 ἐν
903 613 944 685 τῷ
971 605 1052 688 μέσῳ
1079 612 1132 686 της
1155 605 1226 675 νεὼς
1250 601 1445 687 δεδομημένη.
1492 601 1562 668 seh.

329 704 417 783 EQT
441 727 480 771 zu
503 709 522 790 β
544 709 624 772 424:
649 703 812 794 μεσόδμης)
836 705 1004 793 ἱστοδόκης,
1028 705 1063 771 ἐκ
1085 717 1136 771 τοῦ
1159 713 1248 794 μέσον
1271 708 1464 794 δεδομησθοιι
1493 709 1563 775 seh.

328 812 418 891 BHQ
441 835 480 879 zu
502 838 519 880 τ
542 815 598 879 37ι
624 811 778 900 μεσόδμαι]
811 811 827 878 6
853 813 1052 901 Ἀρίσταρχος
1082 818 1121 879 τὰ
1151 816 1323 900 μεσόστυλσ,
1369 815 1437 880 ἔνιοι
1463 817 1495 880 δὲ
1520 821 1564 882 τὰ

329 921 437 1008 μεταξὺ
460 933 516 986 τῶν
539 922 635 985 δοκῶν
658 921 852 1007 διαστηματα.

418 1028 570 1114 ἄβρομοι
597 1029 648 1092 σὺν
680 1030 781 1115 βρόμῳ
813 1030 924 1112 πολλῶ.
973 1026 1037 1093 seh.
1061 1028 1091 1092 A
1113 1049 1152 1093 zu
1177 1026 1207 1090 N
1229 1031 1288 1094 41:
1321 1026 1349 1094 οἱ
1380 1028 1457 1110 ἄγαν
1488 1032 1563 1114 βρο-

330 1146 458 1221 μουντες.
504 1134 578 1200 EM:
603 1132 631 1199 οἱ
654 1133 730 1216 ἄγαν
752 1137 926 1221 βρομοῦντες
949 1132 966 1199 6
990 1132 1064 1200 ἐστιν
1087 1133 1239 1222 ἠχοῦνιες.
1285 1140 1368 1222 παρὰ
1388 1140 1423 1201 τὸ
1447 1139 1563 1222 βρόμος

330 1245 346 1308 6
370 1249 503 1330 σημαίνει
524 1247 573 1306 τὀν
595 1241 682 1329 ηχον,
707 1245 781 1328 μετὰ
803 1251 855 1306 τοῦ
879 1239 1043 1306 ἐπιτατιιιοώ
1058 1265 1086 1306 α
1119 1240 1178 1308 ἔστι
1200 1247 1253 1307 καί
1275 1248 1441 1330 στερητικὸν
1462 1253 1562 1316 τοῦτο,

329 1353 411 1434 παρὰ
432 1354 465 1413 τὸ
489 1352 595 1436 βρέμω.

418 1455 589 1541 ἐπίουρος.
635 1453 660 1518 εἰ
682 1460 734 1541 μὲν
757 1452 776 1542 6
801 1459 900 1542 πρώτη
919 1453 1086 1538 βόίυτονοίτο
1109 1453 1154 1540 (d.
1169 1455 1199 1521 h.
1222 1454 1269 1520 ἐπι
1291 1453 1393 1543 οὖρος)
1417 1458 1469 1521 δόο
1483 1463 1562 1544 μέρη

329 1565 417 1646 λόγου
440 1561 523 1627 είσίν·
546 1562 657 1628 ἔπεστιν
679 1559 778 1647 οὖρος,
802 1561 819 1628 6
838 1561 898 1627 ἔστι
920 1561 1025 1650 φώλαέ.
1054 1560 1150 1648 (fehlt
1163 1560 1188 1627 εἰ
1203 1563 1255 1627 δὲ.
1271 1611 1277 1626 .
1295 1562 1386 1648 .)ώς
1402 1585 1562 1651 μεταφορι-

329 1682 391 1744 κῶς
414 1667 431 1734 6
456 1669 567 1743 Εὖλινυς
590 1669 730 1754 ἐπίουρος.
754 1669 871 1736 Dieser
890 1669 1009 1735 artiksl
1032 1669 1093 1753 gilt
1111 1668 1215 1736 Lehrs
1229 1671 1299 1736 Ar.¹
1317 1674 1379 1737 115
1403 1670 1454 1737 als
1468 1669 1562 1736 loeus

331 1777 600 1862 corruptissimus,
634 1797 696 1860 quo
730 1776 776 1841 uti
807 1796 940 1861 prorsus
972 1797 1037 1842 non
1066 1777 1151 1843 licet.
1196 1777 1283 1842 Αὖον
1310 1798 1386 1842 man
1413 1778 1471 1843 hat
1499 1797 1562 1843 nur

330 1884 431 1969 n6tig‚
455 1905 497 1949 an
521 1883 579 1950 der
600 1904 665 1950 von
687 1883 748 1948 mir
760 1883 991 1950 bezeichneten
1007 1883 1101 1951 stelle
1125 1885 1197 1950 eine
1215 1883 1313 1950 lfloke
1328 1885 1560 1966 anzunehmen,

218 2004 221 2010 '
331 2011 368 2058 so
396 1992 440 2058 ist
468 1991 551 2057 alles
579 1991 612 2056 in
637 1990 798 2074 ordnung;
821 1990 887 2056 viel
912 1990 1063 2057 oonfuser
1089 1991 1133 2057 ist
1160 1991 1219 2057 der
1242 2012 1305 2056 von
1327 1992 1431 2058 Lehrs
1453 1992 1562 2058 oifirte

330 2098 450 2164 artikel
474 2098 532 2164 des
556 2097 696 2183 Hesyeh‚
720 2097 778 2164 der
791 2098 953 2164 nattirlieh
976 2098 1037 2164 auf
1055 2097 1199 2164 disselbe
1220 2099 1325 2182 quelle
1344 2099 1560 2182 zuruckgeht:

329 2205 474 2291 ἐπίουροςι
489 2203 515 2269 εί
528 2211 579 2292 μὲν
593 2211 881 2290 προπερισπωμένως,
897 2210 1017 2292 περισσὴ
1033 2203 1052 2292 6
1068 2208 1221 2290 πρόθεσις·
1245 2203 1332 2290 οὖρος
1349 2210 1406 2290 γὰρ
1421 2204 1437 2270 6
1453 2206 1559 2293 ρι’)λαξ.

327 2310 354 2376 εἰ
377 2313 408 2377 δὲ
431 2312 692 2398 προπαροξυτόνως
715 2314 801 2377 πάλιν
822 2311 839 2377 6
864 2313 969 2400 φώλαξ.
1018 2313 1077 2378 ἀπὸ
1100 2313 1211 2386 ξυλίνου
1234 2311 1375 2398 ἐπιοόρου.
1422 2312 1486 2378 Die
1509 2333 1561 2378 ur-

330 2419 541 2505 sprungliohe
569 2418 706 2504 fassung
728 2419 894 2486 vielleioht
921 2440 957 2486 so
987 2419 1340 2488 wiederherzustellen:
1364 2417 1388 2484 εί
1411 2425 1463 2507 μὲν
1485 2440 1561 2504 προ-

199 2565 201 2571 =
328 2531 563 2613 περισπωμένως,
594 2524 648 2612 (--
674 2525 701 2590 τί
722 2532 774 2614 μὲν
797 2525 816 2614 6
840 2532 941 2612 πρώτη
969 2524 1146 2600 ὀξυτονοῐτοι
1179 2527 1226 2591 ἐπι
1254 2524 1371 2612 οὖρος),
1404 2528 1456 2592 δῦο
1483 2533 1560 2614 μέρη

327 2635 418 2714 λόγου
453 2631 536 2699 εἰσίν·
573 2632 682 2700 ἔπεσαν
719 2631 821 2719 οὖρος,
858 2633 875 2699 6
912 2633 986 2699 ἐστιν
1018 2635 1123 2722 φόλαΕ.
1168 2633 1193 2698 εί
1226 2636 1257 2699 δὲ
1287 2635 1560 2719 προπαροξυτόνως,

328 2745 449 2827 περισσὴ
477 2739 497 2827 6
521 2744 673 2826 πρόθεσις,
701 2738 789 2827 οὖρος
816 2745 873 2827 γὰρ
901 2739 917 2806 6
946 2742 1042 2828 ρώλαξ
1069 2746 1122 2806 καί
1149 2740 1281 2827 ἐπίουρος
1304 2745 1390 2806 πόλιν
1412 2739 1429 2805 6
1453 2741 1560 2827 ρόλαί,

329 2847 370 2921 ώς
394 2860 597 2936 μεταφορικῶς
620 2846 636 2912 6
660 2849 772 2922 ξίλινος
795 2848 939 2934 ἐπίουρος.
977 2847 1059 2916 Sehr
1072 2848 1231 2914 lehrreioh
1254 2848 1298 2914 ist
1321 2847 1382 2915 das
1406 2848 1506 2915 schol.
1519 2849 1558 2912 Α.

328 2975 369 3020 zu
392 2953 421 3018 N
446 2956 526 3021 450:
559 2953 665 3041 Κρητη
689 2955 833 3041 ἐπίουρονι
857 2966 942 3021 τοῦτο
964 2967 1071 3042 τριχῶς
1098 2955 1279 3041 ἀνεγνώσθη.
1318 2954 1481 3041 Ζηνόδοτος
1503 2959 1560 3038 γὰρ

328 3062 371 3136 ώς
394 3061 546 3147 ἐπίκουρον
568 3061 602 3143 (ἱ.
621 3082 648 3128 ο.
672 3061 960 3150 προπαροξυτόνως),
984 3061 1180 3150 ἐκδεχόμενος
1203 3063 1325 3145 βασιλέα
1347 3066 1401 3126 καὶ
1424 3064 1558 3148 ριἰλαιια;

326 3172 382 3233 καί
403 3167 601 3255 Ἀρίσταρχος
628 3171 660 3233 δὲ
682 3167 789 3244 οὖτως,
815 3168 1011 3256 ἐκδεχόμενος
1037 3174 1087 3235 τόν
1115 3171 1250 3257 ρι’)λακα·
1278 3175 1422 3255 μέμνηται
1448 3169 1480 3232 δὲ
1506 3171 1560 3233 καὶ

328 3273 487 3362 ὁΔίδιμος
509 3288 563 3364 της
587 3276 758 3349 ἀποδόσεως
779 3281 833 3341 καί
856 3275 988 3363 Τρῦρων.
1025 3275 1119 3341 ἐκεῖνο
1142 3277 1174 3340 δὲ
1190 3278 1380 3361 προστίθησιν
1394 3273 1410 3340 6
1426 3274 1558 3362 Τρώρων.

328 3381 373 3447 ἄιι
396 3380 413 3447 6
436 3381 570 3468 ἐπίουρος
597 3383 639 3457 ώς
666 3383 825 3458 ἐπίσκοπος
853 3380 888 3448 οὖ
910 3388 1027 3457 πάντως
1054 3382 1116 3470 ἔχει
1142 3381 1307 3468 ἐγκείμενον
1332 3386 1381 3446 τὸν
1403 3379 1489 3467 οὖρον
1510 3387 1560 3447 τὸν

328 3491 452 3577 φώλακα
474 3493 553 3554 κατὰ
566 3493 738 3577 ταῦτηντην
752 3489 904 3555 ἀπόδοσιν·
927 3495 954 3556 τί
976 3495 1033 3575 γὰρ
1050 3491 1203 3554 κεκώλυκε
1225 3493 1320 3574 παρὰ
1341 3493 1380 3554 τὸ
1403 3486 1471 3574 ὁρῶ
1490 3487 1560 3554 εἶναι

329 3595 446 3682 ἐπίορον
476 3601 529 3661 καί
560 3596 693 3680 ἐπίουρον
723 3603 771 3662 τὸν
803 3596 974 3682 ἐπιορῶντα,
1006 3596 1171 3683 ἐψιλῶσθαι
1197 3597 1228 3660 δὲ
1256 3597 1304 3660 διὰ
1329 3600 1382 3682 την
1412 3593 1559 3661 ἐπένθεσιν

329 3713 380 3770 τοῦ
402 3727 433 3786 υς
457 3710 510 3768 καὶ
533 3702 617 3792 ἡμεῖς
641 3703 686 3791 (d.
700 3705 720 3771 i.
743 3703 923 3790 Herodian)
947 3706 979 3769 δὲ
1001 3705 1278 3789 συγκατατιθέμεθα
1300 3705 1421 3776 τοῦτοις.
1460 3700 1515 3766 εἰσὶ
1528 3705 1559 3767 δὲ

331 3813 359 3877 οἳ
382 3810 556 3898 ἀνέστρεψαν
582 3816 636 3898 την
658 3815 808 3898 πρόθεσιν,
837 3810 942 3899 Κρήτη
967 3811 1022 3875 ἔτι
1069 3808 1086 3875 ὁ
1110 3813 1141 3874 δὲ
1163 3808 1385 3897 Ἀσκαλωνίτης
1407 3813 1559 3895 παρέλκειν

331 3917 442 4006 ἡγεῖται
462 3923 517 4005 τὴν
539 3917 599 3992 ἐπί,
623 3920 666 3984 διὸ
690 3924 743 3984 καί
765 3924 813 3984 τὸν
834 3926 918 3985 τόνον
941 3920 1080 4004 φυλάσσει
1101 3930 1154 4003 της
1177 3920 1360 4002 προθέσεως,
1387 3914 1497 4003 ὁμοίως
1520 3930 1574 4001 τῷ,

332 4029 430 4110 ,βοῶν
461 4025 654 4110 ἐπιβουκόλος
686 4025 780 4112 ἄνηρ“
815 4024 868 4112 (er
899 4025 1010 4091 wollte
1041 4024 1112 4091 also
1145 4023 1370 4110 accentuisren
1400 4022 1558 4109 ἐπιοῶρος).

203 4118 208 4127 ’
333 4133 404 4217 Vgl.
427 4131 529 4199 Lehrs
553 4133 623 4199 Ar.¹
650 4136 713 4199 114
736 4134 767 4198 ff.

420 4241 527 4326 ἄωροι
549 4241 634 4328 ώμοί,
657 4239 720 4304 ἐπεὶ
742 4243 864 4327 λέγομεν
887 4240 1013 4325 ώρίμους
1036 4239 1168 4323 καρποῦς
1190 4239 1259 4312 τσῦς
1282 4243 1432 4323 πεπείρους
1452 4287 1459 4302 .
1485 4290 1493 4306 .
1518 4285 1525 4302 .
1551 4285 1559 4301 .

331 4353 403 4422 τινὲς
426 4351 458 4414 δὲ
479 4347 571 4432 ἄωροι
594 4347 759 4436 ἀμίιλακτοι
782 4346 833 4420 οὖς
857 4343 912 4411 οὖκ
930 4345 990 4411 ἔστι
1012 4345 1210 4434 φυλάξασθαι.
1247 4343 1348 4411 Diese
1365 4351 1436 4418 τινές
1451 4364 1561 4410 waren

333 4455 417 4522 nach
441 4455 506 4522 sch.
530 4453 591 4532 HQ
620 4475 659 4520 zu
682 4479 704 4540 μ
728 4457 769 4520 89
794 4453 847 4519 die
870 4454 1054 4537 Krateteer‚
1082 4451 1239 4518 wahrend
1264 4451 1432 4518 Αιίοίοιοίι
1464 4451 1562 4536 ἄωρος

333 4564 384 4630 als
407 4563 527 4636 ἄιιωλος
550 4562 702 4646 σιλίώηο,
725 4563 793 4635 τοὺς
816 4565 872 4646 γὰρ
888 4561 997 4634 Ἴωνας
1020 4562 1111 4642 λέγειν
1134 4564 1207 4648 φασὶ
1223 4565 1277 4646 τήν
1295 4561 1396 4646 κωλην
1417 4557 1563 4645 ώρηνιιαὶ
