<?xml version="1.0" encoding="UTF-8"?>
<!DOCTYPE html PUBLIC "-//W3C//DTD XHTML 1.0 Transitional//EN"
    "http://www.w3.org/TR/xhtml1/DTD/xhtml1-transitional.dtd">
<html xmlns="http://www.w3.org/1999/xhtml" xml:lang="en" lang="en">
 <head>
  <title>
</title>
<meta http-equiv="Content-Type" content="text/html;charset=utf-8" />
  <meta name='ocr-system' content='tesseract 3.04.00' />
  <meta name='ocr-capabilities' content='ocr_page ocr_carea ocr_par ocr_line ocrx_word'/>
</head>
<body>
  <div class='ocr_page' id='page_1' title='image "./destoicorumstud00strigoog_0859.png"; bbox 0 0 3546 5236; ppageno 0'>
   <div class='ocr_carea' id='block_1_1' title="bbox 974 432 1037 495">
    <p class='ocr_par' dir='ltr' id='par_1_1' title="bbox 974 432 1037 495">
     <span class='ocr_line' id='line_1_1' title="bbox 974 432 1037 495; baseline 0 0"><span class='ocrx_word' id='word_1_1' title='bbox 974 432 1037 495; x_wconf 80' lang='grc'><strong>156</strong></span> 
     </span>
    </p>
   </div>
   <div class='ocr_carea' id='block_1_2' title="bbox 328 624 1621 2652">
    <p class='ocr_par' dir='ltr' id='par_1_2' title="bbox 328 624 1621 2652">
     <span class='ocr_line' id='line_1_2' title="bbox 495 624 1617 709; baseline 0 -21"><span class='ocrx_word' id='word_1_2' title='bbox 495 643 549 708; x_wconf 91' lang='lat' dir='ltr'><strong>ep.</strong></span> <span class='ocrx_word' id='word_1_3' title='bbox 573 643 658 689; x_wconf 90' lang='lat' dir='ltr'><strong>mor.</strong></span> <span class='ocrx_word' id='word_1_4' title='bbox 682 624 742 688; x_wconf 90' lang='lat' dir='ltr'><strong>XV</strong></span> <span class='ocrx_word' id='word_1_5' title='bbox 767 627 795 708; x_wconf 83' lang='lat'><strong>2,</strong></span> <span class='ocrx_word' id='word_1_6' title='bbox 825 627 881 690; x_wconf 80' lang='lat'><strong>38:</strong></span> <span class='ocrx_word' id='word_1_7' title='bbox 917 629 950 689; x_wconf 87' lang='lat' dir='ltr'><strong>in</strong></span> <span class='ocrx_word' id='word_1_8' title='bbox 976 628 1033 690; x_wconf 82' lang='lat' dir='ltr'><strong>hoo</strong></span> <span class='ocrx_word' id='word_1_9' title='bbox 1059 649 1094 690; x_wconf 85' lang='lat' dir='ltr'><strong>re</strong></span> <span class='ocrx_word' id='word_1_10' title='bbox 1120 629 1266 691; x_wconf 83' lang='lat' dir='ltr'><strong>dissentio</strong></span> <span class='ocrx_word' id='word_1_11' title='bbox 1295 649 1315 691; x_wconf 90' lang='lat' dir='ltr'><strong>o</strong></span> <span class='ocrx_word' id='word_1_12' title='bbox 1342 627 1516 706; x_wconf 84' lang='lat' dir='ltr'><strong>Posidonio,</strong></span> <span class='ocrx_word' id='word_1_13' title='bbox 1551 627 1617 709; x_wconf 83' lang='lat' dir='ltr'><strong>qai:</strong></span> 
     </span>
     <span class='ocr_line' id='line_1_3' title="bbox 494 733 1619 816; baseline 0.001 -22"><span class='ocrx_word' id='word_1_14' title='bbox 494 753 579 812; x_wconf 85' lang='lat' dir='ltr'><strong>non,</strong></span> <span class='ocrx_word' id='word_1_15' title='bbox 604 735 737 816; x_wconf 79' lang='lat' dir='ltr'><strong>iraqail,</strong></span> <span class='ocrx_word' id='word_1_16' title='bbox 763 733 894 816; x_wconf 80' lang='lat' dir='ltr'><strong>probo,</strong></span> <span class='ocrx_word' id='word_1_17' title='bbox 924 735 1005 816; x_wconf 83' lang='lat' dir='ltr'><strong>qnod</strong></span> <span class='ocrx_word' id='word_1_18' title='bbox 1027 735 1166 798; x_wconf 87' lang='lat' dir='ltr'><strong>Plutonis</strong></span> <span class='ocrx_word' id='word_1_19' title='bbox 1190 734 1302 815; x_wconf 73' lang='lat' dir='ltr'><strong>lepidas</strong></span> <span class='ocrx_word' id='word_1_20' title='bbox 1325 735 1443 798; x_wconf 85' lang='lat' dir='ltr'><strong>adiecta</strong></span> <span class='ocrx_word' id='word_1_21' title='bbox 1460 735 1619 816; x_wconf 83' lang='lat' dir='ltr'><strong>principio</strong></span> 
     </span>
     <span class='ocr_line' id='line_1_4' title="bbox 495 840 1620 924; baseline 0 -22"><span class='ocrx_word' id='word_1_22' title='bbox 495 847 575 902; x_wconf 79' lang='lat' dir='ltr'><strong>saort</strong></span> <span class='ocrx_word' id='word_1_23' title='bbox 624 841 715 920; x_wconf 77' lang='lat' dir='ltr'><strong>tepent</strong></span> <span class='ocrx_word' id='word_1_24' title='bbox 744 841 824 904; x_wconf 82' lang='lat' dir='ltr'><strong>eninr</strong></span> <span class='ocrx_word' id='word_1_25' title='bbox 853 841 971 905; x_wconf 82' lang='lat' dir='ltr'><strong>breuem</strong></span> <span class='ocrx_word' id='word_1_26' title='bbox 1005 861 1070 904; x_wconf 85' lang='lat' dir='ltr'><strong>esse</strong></span> <span class='ocrx_word' id='word_1_27' title='bbox 1097 848 1227 924; x_wconf 78' lang='lat' dir='ltr'><em>oportet,</em></span> <span class='ocrx_word' id='word_1_28' title='bbox 1260 861 1319 924; x_wconf 74' lang='lat' dir='ltr'><strong>pao</strong></span> <span class='ocrx_word' id='word_1_29' title='bbox 1340 841 1471 923; x_wconf 84' lang='lat' dir='ltr'><strong>facilius</strong></span> <span class='ocrx_word' id='word_1_30' title='bbox 1497 840 1535 904; x_wconf 80' lang='lat' dir='ltr'><strong>ub</strong></span> <span class='ocrx_word' id='word_1_31' title='bbox 1564 841 1620 902; x_wconf 86' lang='lat' dir='ltr'><strong>im-</strong></span> 
     </span>
     <span class='ocr_line' id='line_1_5' title="bbox 490 948 772 1028; baseline 0.011 -21"><span class='ocrx_word' id='word_1_32' title='bbox 490 948 601 1028; x_wconf 86' lang='lat' dir='ltr'><strong>peritis</strong></span> <span class='ocrx_word' id='word_1_33' title='bbox 624 953 772 1010; x_wconf 84' lang='lat' dir='ltr'><strong>teneatur.</strong></span> 
     </span>
     <span class='ocr_line' id='line_1_6' title="bbox 388 1053 1619 1138; baseline 0.002 -24"><span class='ocrx_word' id='word_1_34' title='bbox 388 1070 446 1135; x_wconf 91' lang='lat' dir='ltr'><strong>pro</strong></span> <span class='ocrx_word' id='word_1_35' title='bbox 475 1055 541 1134; x_wconf 81' lang='lat' dir='ltr'><strong>qai:</strong></span> <span class='ocrx_word' id='word_1_36' title='bbox 569 1073 640 1133; x_wconf 88' lang='lat' dir='ltr'><strong>non,</strong></span> <span class='ocrx_word' id='word_1_37' title='bbox 665 1055 763 1136; x_wconf 78' lang='lat' dir='ltr'><strong>iriqnit</strong></span> <span class='ocrx_word' id='word_1_38' title='bbox 781 1056 889 1137; x_wconf 81' lang='lat' dir='ltr'><strong>probo,</strong></span> <span class='ocrx_word' id='word_1_39' title='bbox 918 1056 1008 1138; x_wconf 78' lang='lat' dir='ltr'><strong>qaod,</strong></span> <span class='ocrx_word' id='word_1_40' title='bbox 1037 1074 1122 1136; x_wconf 87' lang='lat' dir='ltr'><strong>quae</strong></span> <span class='ocrx_word' id='word_1_41' title='bbox 1150 1061 1201 1120; x_wconf 86' lang='lat' dir='ltr'><strong>cst</strong></span> <span class='ocrx_word' id='word_1_42' title='bbox 1228 1053 1344 1119; x_wconf 87' lang='lat' dir='ltr'><strong>Mureti</strong></span> <span class='ocrx_word' id='word_1_43' title='bbox 1369 1054 1565 1135; x_wconf 86' lang='lat' dir='ltr'><strong>coniectura,</strong></span> <span class='ocrx_word' id='word_1_44' title='bbox 1593 1053 1619 1116; x_wconf 91' lang='lat' dir='ltr'>B</span> 
     </span>
     <span class='ocr_line' id='line_1_7' title="bbox 388 1157 1619 1244; baseline 0.002 -24"><span class='ocrx_word' id='word_1_45' title='bbox 388 1157 490 1241; x_wconf 91' lang='lat' dir='ltr'><strong>primo</strong></span> <span class='ocrx_word' id='word_1_46' title='bbox 516 1158 660 1242; x_wconf 77' lang='lat' dir='ltr'>scripsit:</span> <span class='ocrx_word' id='word_1_47' title='bbox 689 1163 741 1243; x_wconf 79' lang='lat' dir='ltr'><strong>qni</strong></span> <span class='ocrx_word' id='word_1_48' title='bbox 758 1182 819 1244; x_wconf 86' lang='lat' dir='ltr'><strong>pro</strong></span> <span class='ocrx_word' id='word_1_49' title='bbox 844 1162 925 1244; x_wconf 80' lang='lat' dir='ltr'><strong>qaod</strong></span> <span class='ocrx_word' id='word_1_50' title='bbox 947 1160 1077 1227; x_wconf 90' lang='lat' dir='ltr'><strong>omissis</strong></span> <span class='ocrx_word' id='word_1_51' title='bbox 1099 1161 1244 1244; x_wconf 85' lang='lat' dir='ltr'><strong>reliquis.</strong></span> <span class='ocrx_word' id='word_1_52' title='bbox 1293 1161 1363 1226; x_wconf 90' lang='lat' dir='ltr'><strong>sine</strong></span> <span class='ocrx_word' id='word_1_53' title='bbox 1387 1159 1485 1225; x_wconf 92' lang='lat' dir='ltr'><strong>dubio</strong></span> <span class='ocrx_word' id='word_1_54' title='bbox 1509 1167 1619 1224; x_wconf 88' lang='lat' dir='ltr'><strong>autem</strong></span> 
     </span>
     <span class='ocr_line' id='line_1_8' title="bbox 389 1263 1621 1351; baseline 0.002 -24"><span class='ocrx_word' id='word_1_55' title='bbox 389 1264 431 1327; x_wconf 87' lang='lat' dir='ltr'><strong>ab</strong></span> <span class='ocrx_word' id='word_1_56' title='bbox 454 1263 516 1329; x_wconf 90' lang='lat' dir='ltr'><strong>hae</strong></span> <span class='ocrx_word' id='word_1_57' title='bbox 544 1264 682 1330; x_wconf 86' lang='lat' dir='ltr'><strong>lectione</strong></span> <span class='ocrx_word' id='word_1_58' title='bbox 709 1265 980 1350; x_wconf 88' lang='lat' dir='ltr'><strong>proficiscendum</strong></span> <span class='ocrx_word' id='word_1_59' title='bbox 1008 1275 1072 1351; x_wconf 90' lang='lat' dir='ltr'><strong>est,</strong></span> <span class='ocrx_word' id='word_1_60' title='bbox 1100 1287 1172 1332; x_wconf 89' lang='lat' dir='ltr'><strong>cum</strong></span> <span class='ocrx_word' id='word_1_61' title='bbox 1200 1289 1244 1348; x_wconf 89' lang='lat' dir='ltr'><strong>eo,</strong></span> <span class='ocrx_word' id='word_1_62' title='bbox 1274 1265 1361 1350; x_wconf 90' lang='lat' dir='ltr'><strong>quod</strong></span> <span class='ocrx_word' id='word_1_63' title='bbox 1388 1267 1421 1331; x_wconf 94' lang='lat' dir='ltr'><strong>in</strong></span> <span class='ocrx_word' id='word_1_64' title='bbox 1447 1266 1474 1330; x_wconf 94' lang='lat' dir='ltr'><strong>B</strong></span> <span class='ocrx_word' id='word_1_65' title='bbox 1503 1273 1621 1351; x_wconf 83' lang='lat' dir='ltr'><strong>postea</strong></span> 
     </span>
     <span class='ocr_line' id='line_1_9' title="bbox 389 1370 1620 1458; baseline 0.002 -24"><span class='ocrx_word' id='word_1_66' title='bbox 389 1370 517 1437; x_wconf 90' lang='lat' dir='ltr'><strong>demum</strong></span> <span class='ocrx_word' id='word_1_67' title='bbox 540 1379 615 1438; x_wconf 88' lang='lat' dir='ltr'><strong>ante</strong></span> <span class='ocrx_word' id='word_1_68' title='bbox 639 1375 719 1457; x_wconf 81' lang='lat' dir='ltr'><strong>qaod</strong></span> <span class='ocrx_word' id='word_1_69' title='bbox 746 1373 900 1440; x_wconf 87' lang='lat' dir='ltr'><strong>insertum</strong></span> <span class='ocrx_word' id='word_1_70' title='bbox 929 1382 980 1440; x_wconf 87' lang='lat' dir='ltr'><strong>est</strong></span> <span class='ocrx_word' id='word_1_71' title='bbox 1007 1381 1040 1440; x_wconf 87' lang='lat' dir='ltr'><strong>et</strong></span> <span class='ocrx_word' id='word_1_72' title='bbox 1068 1373 1100 1439; x_wconf 90' lang='lat' dir='ltr'><strong>in</strong></span> <span class='ocrx_word' id='word_1_73' title='bbox 1128 1375 1157 1438; x_wconf 82' lang='lat' dir='ltr'>A</span> <span class='ocrx_word' id='word_1_74' title='bbox 1189 1375 1298 1439; x_wconf 87' lang='lat' dir='ltr'><strong>statim</strong></span> <span class='ocrx_word' id='word_1_75' title='bbox 1331 1374 1494 1458; x_wconf 87' lang='lat' dir='ltr'><strong>scriptum,</strong></span> <span class='ocrx_word' id='word_1_76' title='bbox 1514 1371 1620 1457; x_wconf 56' lang='lat' dir='ltr'><strong>guldi-</strong></span> 
     </span>
     <span class='ocr_line' id='line_1_10' title="bbox 389 1477 1621 1564; baseline 0.002 -23"><span class='ocrx_word' id='word_1_77' title='bbox 389 1486 566 1543; x_wconf 80' lang='lat' dir='ltr'><strong>tomentum</strong></span> <span class='ocrx_word' id='word_1_78' title='bbox 595 1478 718 1544; x_wconf 91' lang='lat' dir='ltr'><strong>librarii</strong></span> <span class='ocrx_word' id='word_1_79' title='bbox 746 1477 884 1547; x_wconf 86' lang='lat' dir='ltr'><strong>alieuiu&#39;s</strong></span> <span class='ocrx_word' id='word_1_80' title='bbox 913 1500 987 1548; x_wconf 88' lang='lat' dir='ltr'><strong>essa</strong></span> <span class='ocrx_word' id='word_1_81' title='bbox 1014 1480 1191 1548; x_wconf 86' lang='lat' dir='ltr'><strong>verisimile</strong></span> <span class='ocrx_word' id='word_1_82' title='bbox 1219 1481 1270 1547; x_wconf 80' lang='lat' dir='ltr'><strong>sit</strong></span> <span class='ocrx_word' id='word_1_83' title='bbox 1320 1500 1514 1564; x_wconf 87' lang='lat' dir='ltr'><strong>quamquam</strong></span> <span class='ocrx_word' id='word_1_84' title='bbox 1542 1498 1621 1562; x_wconf 86' lang='lat' dir='ltr'><strong>quo·</strong></span> 
     </span>
     <span class='ocr_line' id='line_1_11' title="bbox 389 1584 1619 1674; baseline 0.002 -26"><span class='ocrx_word' id='word_1_85' title='bbox 389 1584 484 1649; x_wconf 91' lang='lat' dir='ltr'><strong>modo</strong></span> <span class='ocrx_word' id='word_1_86' title='bbox 509 1605 557 1667; x_wconf 86' lang='lat' dir='ltr'><strong>ea,</strong></span> <span class='ocrx_word' id='word_1_87' title='bbox 581 1607 666 1669; x_wconf 85' lang='lat' dir='ltr'><strong>quae</strong></span> <span class='ocrx_word' id='word_1_88' title='bbox 688 1587 832 1654; x_wconf 89' lang='lat' dir='ltr'><strong>Muretus</strong></span> <span class='ocrx_word' id='word_1_89' title='bbox 856 1588 1033 1674; x_wconf 87' lang='lat' dir='ltr'><strong>supplevit,</strong></span> <span class='ocrx_word' id='word_1_90' title='bbox 1058 1587 1210 1655; x_wconf 84' lang='lat' dir='ltr'><strong>excidere</strong></span> <span class='ocrx_word' id='word_1_91' title='bbox 1232 1588 1405 1673; x_wconf 89' lang='lat' dir='ltr'><strong>potuerint,</strong></span> <span class='ocrx_word' id='word_1_92' title='bbox 1428 1607 1533 1670; x_wconf 87' lang='lat' dir='ltr'><strong>neque</strong></span> <span class='ocrx_word' id='word_1_93' title='bbox 1557 1605 1619 1670; x_wconf 85' lang='lat' dir='ltr'><strong>ego</strong></span> 
     </span>
     <span class='ocr_line' id='line_1_12' title="bbox 328 1691 1620 1780; baseline -0.003 -20"><span class='ocrx_word' id='word_1_94' title='bbox 328 1753 331 1760; x_wconf 91' lang='lat'>.</span> <span class='ocrx_word' id='word_1_95' title='bbox 390 1691 544 1774; x_wconf 84' lang='lat' dir='ltr'><strong>intellego</strong></span> <span class='ocrx_word' id='word_1_96' title='bbox 573 1713 678 1776; x_wconf 89' lang='lat' dir='ltr'><strong>neque</strong></span> <span class='ocrx_word' id='word_1_97' title='bbox 706 1694 907 1760; x_wconf 81' lang='lat' dir='ltr'><strong>intellexisse</strong></span> <span class='ocrx_word' id='word_1_98' title='bbox 934 1693 1062 1762; x_wconf 87' lang='lat' dir='ltr'><strong>videtur</strong></span> <span class='ocrx_word' id='word_1_99' title='bbox 1089 1693 1321 1779; x_wconf 86' lang='lat' dir='ltr'><strong>Buechelarus,</strong></span> <span class='ocrx_word' id='word_1_100' title='bbox 1354 1694 1475 1780; x_wconf 88' lang='lat' dir='ltr'><strong>quippe</strong></span> <span class='ocrx_word' id='word_1_101' title='bbox 1503 1693 1559 1776; x_wconf 89' lang='lat' dir='ltr'><strong>qui</strong></span> <span class='ocrx_word' id='word_1_102' title='bbox 1588 1693 1620 1756; x_wconf 91' lang='lat' dir='ltr'><strong>in</strong></span> 
     </span>
     <span class='ocr_line' id='line_1_13' title="bbox 389 1797 1620 1890; baseline 0.001 -28"><span class='ocrx_word' id='word_1_103' title='bbox 389 1797 601 1866; x_wconf 85' lang='lat' dir='ltr'><strong>adnotatione</strong></span> <span class='ocrx_word' id='word_1_104' title='bbox 633 1801 769 1866; x_wconf 89' lang='lat' dir='ltr'><strong>Useneri</strong></span> <span class='ocrx_word' id='word_1_105' title='bbox 803 1801 968 1890; x_wconf 85' lang='lat' dir='ltr'><strong>inventum</strong></span> <span class='ocrx_word' id='word_1_106' title='bbox 998 1806 1135 1888; x_wconf 85' lang='lat' dir='ltr'><strong>vitupero</strong></span> <span class='ocrx_word' id='word_1_107' title='bbox 1169 1809 1403 1868; x_wconf 85' lang='lat' dir='ltr'><strong>commemoret.</strong></span> <span class='ocrx_word' id='word_1_108' title='bbox 1449 1808 1484 1866; x_wconf 89' lang='lat' dir='ltr'><strong>at</strong></span> <span class='ocrx_word' id='word_1_109' title='bbox 1512 1819 1620 1864; x_wconf 87' lang='lat' dir='ltr'><strong>nonne</strong></span> 
     </span>
     <span class='ocr_line' id='line_1_14' title="bbox 391 1906 1621 1994; baseline 0.002 -25"><span class='ocrx_word' id='word_1_110' title='bbox 391 1906 521 1972; x_wconf 84' lang='lat' dir='ltr'><strong>facilius</strong></span> <span class='ocrx_word' id='word_1_111' title='bbox 554 1907 746 1973; x_wconf 82' lang='lat' dir='ltr'><strong>restituitur:</strong></span> <span class='ocrx_word' id='word_1_112' title='bbox 780 1913 847 1992; x_wconf 79' lang='lat' dir='ltr'><strong>qai:</strong></span> <span class='ocrx_word' id='word_1_113' title='bbox 881 1911 1212 1994; x_wconf 83' lang='lat' dir='ltr'><strong>&lt;tm&gt;pro&lt;bo,</strong></span> <span class='ocrx_word' id='word_1_114' title='bbox 1240 1911 1410 1993; x_wconf 80' lang='lat' dir='ltr'><strong>inquit&gt;</strong></span> <span class='ocrx_word' id='word_1_115' title='bbox 1439 1911 1551 1993; x_wconf 74' lang='lat' dir='ltr'><strong>quodi</strong></span> <span class='ocrx_word' id='word_1_116' title='bbox 1588 1908 1621 1970; x_wconf 92' lang='lat' dir='ltr'><strong>in</strong></span> 
     </span>
     <span class='ocr_line' id='line_1_15' title="bbox 390 2014 1620 2102; baseline -0.001 -24"><span class='ocrx_word' id='word_1_117' title='bbox 390 2014 507 2096; x_wconf 88' lang='lat' dir='ltr'><strong>quibus</strong></span> <span class='ocrx_word' id='word_1_118' title='bbox 531 2015 666 2098; x_wconf 85' lang='lat' dir='ltr'><strong>primam</strong></span> <span class='ocrx_word' id='word_1_119' title='bbox 690 2015 779 2080; x_wconf 90' lang='lat' dir='ltr'><strong>verbi</strong></span> <span class='ocrx_word' id='word_1_120' title='bbox 809 2017 974 2100; x_wconf 83' lang='lat' dir='ltr'><strong>improbo</strong></span> <span class='ocrx_word' id='word_1_121' title='bbox 999 2014 1095 2102; x_wconf 78' lang='lat' dir='ltr'><strong>(pto)</strong></span> <span class='ocrx_word' id='word_1_122' title='bbox 1125 2015 1286 2101; x_wconf 83' lang='lat' dir='ltr'><strong>syllabam</strong></span> <span class='ocrx_word' id='word_1_123' title='bbox 1313 2015 1420 2081; x_wconf 86' lang='lat' dir='ltr'><strong>vicino</strong></span> <span class='ocrx_word' id='word_1_124' title='bbox 1444 2017 1497 2100; x_wconf 79' lang='lat' dir='ltr'><strong>psi</strong></span> <span class='ocrx_word' id='word_1_125' title='bbox 1519 2021 1553 2079; x_wconf 90' lang='lat' dir='ltr'><strong>et</strong></span> <span class='ocrx_word' id='word_1_126' title='bbox 1576 2017 1620 2077; x_wconf 82' lang='lat' dir='ltr'><strong>in-</strong></span> 
     </span>
     <span class='ocr_line' id='line_1_16' title="bbox 389 2120 1469 2208; baseline 0.002 -24"><span class='ocrx_word' id='word_1_127' title='bbox 389 2124 454 2204; x_wconf 84' lang='lat' dir='ltr'><strong>quit</strong></span> <span class='ocrx_word' id='word_1_128' title='bbox 479 2120 555 2204; x_wconf 74' lang='lat' dir='ltr'><strong>(iod)</strong></span> <span class='ocrx_word' id='word_1_129' title='bbox 581 2142 628 2206; x_wconf 90' lang='lat' dir='ltr'><strong>eo,</strong></span> <span class='ocrx_word' id='word_1_130' title='bbox 653 2121 740 2205; x_wconf 88' lang='lat' dir='ltr'><strong>quod</strong></span> <span class='ocrx_word' id='word_1_131' title='bbox 764 2123 909 2206; x_wconf 89' lang='lat' dir='ltr'><strong>sequitur</strong></span> <span class='ocrx_word' id='word_1_132' title='bbox 931 2125 1012 2207; x_wconf 84' lang='lat' dir='ltr'><strong>qaod</strong></span> <span class='ocrx_word' id='word_1_133' title='bbox 1034 2121 1120 2208; x_wconf 83' lang='lat' dir='ltr'><strong>(qd&#39;),</strong></span> <span class='ocrx_word' id='word_1_134' title='bbox 1143 2123 1262 2189; x_wconf 86' lang='lat' dir='ltr'><strong>hausta</strong></span> <span class='ocrx_word' id='word_1_135' title='bbox 1284 2142 1360 2189; x_wconf 90' lang='lat' dir='ltr'><strong>esse</strong></span> <span class='ocrx_word' id='word_1_136' title='bbox 1382 2129 1469 2207; x_wconf 89' lang='lat' dir='ltr'><strong>puto.</strong></span> 
     </span>
     <span class='ocr_line' id='line_1_17' title="bbox 499 2247 1620 2334; baseline -0.001 -23"><span class='ocrx_word' id='word_1_137' title='bbox 499 2268 553 2331; x_wconf 77' lang='lat' dir='ltr'><strong>ep,</strong></span> <span class='ocrx_word' id='word_1_138' title='bbox 579 2267 667 2313; x_wconf 88' lang='lat' dir='ltr'><strong>mor.</strong></span> <span class='ocrx_word' id='word_1_139' title='bbox 689 2247 751 2312; x_wconf 89' lang='lat' dir='ltr'><strong>XV</strong></span> <span class='ocrx_word' id='word_1_140' title='bbox 774 2250 804 2332; x_wconf 87' lang='lat'><strong>3,</strong></span> <span class='ocrx_word' id='word_1_141' title='bbox 831 2251 885 2314; x_wconf 82' lang='lat'><strong>16:</strong></span> <span class='ocrx_word' id='word_1_142' title='bbox 919 2250 990 2314; x_wconf 83' lang='lat' dir='ltr'><strong>inde</strong></span> <span class='ocrx_word' id='word_1_143' title='bbox 1018 2247 1074 2334; x_wconf 82' lang='lat' dir='ltr'><strong>(ex</strong></span> <span class='ocrx_word' id='word_1_144' title='bbox 1101 2248 1173 2313; x_wconf 90' lang='lat' dir='ltr'><strong>cibo</strong></span> <span class='ocrx_word' id='word_1_145' title='bbox 1200 2267 1258 2332; x_wconf 89' lang='lat' dir='ltr'><strong>per</strong></span> <span class='ocrx_word' id='word_1_146' title='bbox 1282 2253 1384 2313; x_wconf 88' lang='lat' dir='ltr'><strong>artem</strong></span> <span class='ocrx_word' id='word_1_147' title='bbox 1406 2247 1620 2331; x_wconf 85' lang='lat' dir='ltr'><strong>voluptatem-</strong></span> 
     </span>
     <span class='ocr_line' id='line_1_18' title="bbox 499 2351 1619 2440; baseline 0 -22"><span class='ocrx_word' id='word_1_148' title='bbox 499 2373 560 2436; x_wconf 89' lang='lat' dir='ltr'><strong>que</strong></span> <span class='ocrx_word' id='word_1_149' title='bbox 593 2353 756 2440; x_wconf 86' lang='lat' dir='ltr'><strong>corrupto)</strong></span> <span class='ocrx_word' id='word_1_150' title='bbox 793 2353 972 2438; x_wconf 55' lang='lat' dir='ltr'><strong>suffusioffl)</strong></span> <span class='ocrx_word' id='word_1_151' title='bbox 1010 2357 1130 2420; x_wconf 75' lang='lat' dir='ltr'><strong>luridae</strong></span> <span class='ocrx_word' id='word_1_152' title='bbox 1160 2356 1228 2420; x_wconf 83' lang='lat' dir='ltr'><strong>bilis</strong></span> <span class='ocrx_word' id='word_1_153' title='bbox 1259 2362 1288 2420; x_wconf 89' lang='lat' dir='ltr'><strong>et</strong></span> <span class='ocrx_word' id='word_1_154' title='bbox 1319 2355 1440 2420; x_wconf 76' lang='lat' dir='ltr'><strong>docoltu</strong></span> <span class='ocrx_word' id='word_1_155' title='bbox 1471 2351 1619 2436; x_wconf 78' lang='lat' dir='ltr'><strong>outtas³⁰)</strong></span> 
     </span>
     <span class='ocr_line' id='line_1_19' title="bbox 498 2461 1621 2546; baseline -0.001 -23"><span class='ocrx_word' id='word_1_156' title='bbox 498 2463 638 2544; x_wconf 79' lang='lat' dir='ltr'><strong>tabesqtte</strong></span> <span class='ocrx_word' id='word_1_157' title='bbox 673 2465 707 2525; x_wconf 89' lang='lat' dir='ltr'><strong>in</strong></span> <span class='ocrx_word' id='word_1_158' title='bbox 742 2485 775 2526; x_wconf 89' lang='lat' dir='ltr'><strong>se</strong></span> <span class='ocrx_word' id='word_1_159' title='bbox 805 2465 1047 2546; x_wconf 73' lang='lat' dir='ltr'><strong>putrescentium</strong></span> <span class='ocrx_word' id='word_1_160' title='bbox 1078 2461 1262 2540; x_wconf 80' lang='lat' dir='ltr'><strong>dentiam³¹)</strong></span> <span class='ocrx_word' id='word_1_161' title='bbox 1296 2469 1325 2526; x_wconf 85' lang='lat' dir='ltr'><strong>et</strong></span> <span class='ocrx_word' id='word_1_162' title='bbox 1357 2462 1505 2526; x_wconf 73' lang='lat' dir='ltr'><strong>retorridi</strong></span> <span class='ocrx_word' id='word_1_163' title='bbox 1537 2462 1621 2542; x_wconf 76' lang='lat' dir='ltr'><strong>dipiti</strong></span> 
     </span>
     <span class='ocr_line' id='line_1_20' title="bbox 498 2570 1618 2652; baseline -0.002 -20"><span class='ocrx_word' id='word_1_164' title='bbox 498 2570 637 2632; x_wconf 79' lang='lat' dir='ltr'><strong>articulis</strong></span> <span class='ocrx_word' id='word_1_165' title='bbox 673 2570 928 2651; x_wconf 80' lang='lat' dir='ltr'><strong>obripesccntibns</strong></span> <span class='ocrx_word' id='word_1_166' title='bbox 963 2590 1188 2652; x_wconf 78' lang='lat' dir='ltr'><strong>nervorumque</strong></span> <span class='ocrx_word' id='word_1_167' title='bbox 1228 2571 1295 2634; x_wconf 88' lang='lat' dir='ltr'><strong>sine</strong></span> <span class='ocrx_word' id='word_1_168' title='bbox 1330 2590 1423 2633; x_wconf 84' lang='lat' dir='ltr'><strong>sensu</strong></span> <span class='ocrx_word' id='word_1_169' title='bbox 1458 2571 1618 2632; x_wconf 76' lang='lat' dir='ltr'><strong>intestinus</strong></span> 
     </span>
    </p>
   </div>
   <div class='ocr_carea' id='block_1_3' title="bbox 500 2676 1725 2759">
    <p class='ocr_par' dir='ltr' id='par_1_3' title="bbox 500 2676 1725 2759">
     <span class='ocr_line' id='line_1_21' title="bbox 500 2676 1725 2759; baseline -0.004 -21"><span class='ocrx_word' id='word_1_170' title='bbox 500 2683 606 2759; x_wconf 86' lang='lat' dir='ltr'><strong>torpor</strong></span> <span class='ocrx_word' id='word_1_171' title='bbox 628 2683 682 2740; x_wconf 87' lang='lat' dir='ltr'><strong>out</strong></span> <span class='ocrx_word' id='word_1_172' title='bbox 700 2677 861 2759; x_wconf 79' lang='lat' dir='ltr'><strong>palpitatio</strong></span> <span class='ocrx_word' id='word_1_173' title='bbox 886 2697 1079 2759; x_wconf 85' lang='lat' dir='ltr'><strong>corporum</strong></span> <span class='ocrx_word' id='word_1_174' title='bbox 1102 2679 1169 2741; x_wconf 89' lang='lat' dir='ltr'><strong>sine</strong></span> <span class='ocrx_word' id='word_1_175' title='bbox 1187 2679 1413 2740; x_wconf 79' lang='lat' dir='ltr'><strong>intermissione</strong></span> <span class='ocrx_word' id='word_1_176' title='bbox 1426 2676 1618 2739; x_wconf 80' lang='lat' dir='ltr'><strong>oibrurstium.</strong></span> <span class='ocrx_word' id='word_1_177' title='bbox 1724 2723 1725 2732; x_wconf 71' lang='grc'>,</span> 
     </span>
    </p>
   </div>
   <div class='ocr_carea' id='block_1_4' title="bbox 391 2780 1619 3186">
    <p class='ocr_par' dir='ltr' id='par_1_4' title="bbox 391 2780 1619 3186">
     <span class='ocr_line' id='line_1_22' title="bbox 391 2780 1619 2868; baseline -0.002 -21"><span class='ocrx_word' id='word_1_178' title='bbox 391 2781 722 2864; x_wconf 84' lang='lat' dir='ltr'><strong>Schweighaeuserus</strong></span> <span class='ocrx_word' id='word_1_179' title='bbox 746 2803 816 2847; x_wconf 90' lang='lat' dir='ltr'><strong>cum</strong></span> <span class='ocrx_word' id='word_1_180' title='bbox 841 2781 892 2847; x_wconf 90' lang='lat' dir='ltr'><strong>hic</strong></span> <span class='ocrx_word' id='word_1_181' title='bbox 916 2802 980 2847; x_wconf 94' lang='lat' dir='ltr'><strong>non</strong></span> <span class='ocrx_word' id='word_1_182' title='bbox 999 2781 1040 2847; x_wconf 90' lang='lat' dir='ltr'><strong>de</strong></span> <span class='ocrx_word' id='word_1_183' title='bbox 1062 2783 1138 2848; x_wconf 90' lang='lat' dir='ltr'><strong>totis</strong></span> <span class='ocrx_word' id='word_1_184' title='bbox 1160 2783 1356 2868; x_wconf 76' lang='lat' dir='ltr'><strong>corporibus,</strong></span> <span class='ocrx_word' id='word_1_185' title='bbox 1381 2780 1442 2848; x_wconf 92' lang='lat' dir='ltr'><strong>sed</strong></span> <span class='ocrx_word' id='word_1_186' title='bbox 1457 2780 1499 2846; x_wconf 86' lang='lat' dir='ltr'><strong>de</strong></span> <span class='ocrx_word' id='word_1_187' title='bbox 1514 2781 1619 2863; x_wconf 82' lang='lat' dir='ltr'><strong>singu-</strong></span> 
     </span>
     <span class='ocr_line' id='line_1_23' title="bbox 392 2885 1618 2974; baseline -0.002 -22"><span class='ocrx_word' id='word_1_188' title='bbox 392 2889 433 2954; x_wconf 90' lang='lat' dir='ltr'><strong>lis</strong></span> <span class='ocrx_word' id='word_1_189' title='bbox 457 2908 566 2953; x_wconf 86' lang='lat' dir='ltr'><strong>eorum</strong></span> <span class='ocrx_word' id='word_1_190' title='bbox 589 2889 736 2972; x_wconf 76' lang='lat' dir='ltr'><strong>partibus</strong></span> <span class='ocrx_word' id='word_1_191' title='bbox 761 2889 816 2971; x_wconf 85' lang='lat' dir='ltr'><strong>agi</strong></span> <span class='ocrx_word' id='word_1_192' title='bbox 840 2888 986 2972; x_wconf 85' lang='lat' dir='ltr'><strong>vidisset,</strong></span> <span class='ocrx_word' id='word_1_193' title='bbox 1010 2889 1136 2954; x_wconf 85' lang='lat' dir='ltr'><strong>induxit</strong></span> <span class='ocrx_word' id='word_1_194' title='bbox 1155 2911 1329 2974; x_wconf 71' lang='lat' dir='ltr'><strong>corporata.</strong></span> <span class='ocrx_word' id='word_1_195' title='bbox 1364 2885 1424 2954; x_wconf 88' lang='lat' dir='ltr'><strong>sed</strong></span> <span class='ocrx_word' id='word_1_196' title='bbox 1439 2907 1511 2952; x_wconf 88' lang='lat' dir='ltr'><strong>oum</strong></span> <span class='ocrx_word' id='word_1_197' title='bbox 1526 2886 1618 2951; x_wconf 84' lang='lat' dir='ltr'><strong>ditto-</strong></span> 
     </span>
     <span class='ocr_line' id='line_1_24' title="bbox 392 2990 1617 3081; baseline -0.002 -22"><span class='ocrx_word' id='word_1_198' title='bbox 392 2994 531 3079; x_wconf 82' lang='lat' dir='ltr'><strong>graphia</strong></span> <span class='ocrx_word' id='word_1_199' title='bbox 555 3015 669 3059; x_wconf 90' lang='lat' dir='ltr'><strong>vocum</strong></span> <span class='ocrx_word' id='word_1_200' title='bbox 693 3004 798 3079; x_wconf 86' lang='lat' dir='ltr'><strong>torpor</strong></span> <span class='ocrx_word' id='word_1_201' title='bbox 821 3004 874 3061; x_wconf 88' lang='lat' dir='ltr'><strong>out</strong></span> <span class='ocrx_word' id='word_1_202' title='bbox 897 2995 950 3060; x_wconf 87' lang='lat' dir='ltr'><strong>vix</strong></span> <span class='ocrx_word' id='word_1_203' title='bbox 975 3015 1049 3061; x_wconf 89' lang='lat' dir='ltr'><strong>esse</strong></span> <span class='ocrx_word' id='word_1_204' title='bbox 1078 2997 1190 3081; x_wconf 89' lang='lat' dir='ltr'><strong>possit,</strong></span> <span class='ocrx_word' id='word_1_205' title='bbox 1220 2994 1382 3062; x_wconf 87' lang='lat' dir='ltr'><strong>assentior</strong></span> <span class='ocrx_word' id='word_1_206' title='bbox 1405 2990 1617 3059; x_wconf 88' lang='lat' dir='ltr'><strong>Windhausio</strong></span> 
     </span>
     <span class='ocr_line' id='line_1_25' title="bbox 395 3100 1618 3186; baseline -0.004 -19"><span class='ocrx_word' id='word_1_207' title='bbox 395 3110 578 3186; x_wconf 75' lang='lat' dir='ltr'><strong>corruptam</strong></span> <span class='ocrx_word' id='word_1_208' title='bbox 604 3123 675 3166; x_wconf 84' lang='lat' dir='ltr'><strong>cum</strong></span> <span class='ocrx_word' id='word_1_209' title='bbox 699 3122 809 3166; x_wconf 89' lang='lat' dir='ltr'><strong>vocem</strong></span> <span class='ocrx_word' id='word_1_210' title='bbox 834 3101 963 3168; x_wconf 88' lang='lat' dir='ltr'><strong>dicenti.</strong></span> <span class='ocrx_word' id='word_1_211' title='bbox 1002 3100 1089 3186; x_wconf 89' lang='lat' dir='ltr'><strong>quod</strong></span> <span class='ocrx_word' id='word_1_212' title='bbox 1112 3111 1221 3167; x_wconf 64' lang='lat' dir='ltr'><strong>nmen</strong></span> <span class='ocrx_word' id='word_1_213' title='bbox 1245 3100 1350 3168; x_wconf 89' lang='lat' dir='ltr'><strong>eidem</strong></span> <span class='ocrx_word' id='word_1_214' title='bbox 1374 3101 1451 3166; x_wconf 91' lang='lat' dir='ltr'><strong>olim</strong></span> <span class='ocrx_word' id='word_1_215' title='bbox 1474 3100 1618 3166; x_wconf 86' lang='lat' dir='ltr'><strong>extitisse</strong></span> 
     </span>
    </p>
   </div>
   <div class='ocr_carea' id='block_1_5' title="bbox 394 3207 1723 3294">
    <p class='ocr_par' dir='ltr' id='par_1_5' title="bbox 394 3207 1723 3294">
     <span class='ocr_line' id='line_1_26' title="bbox 394 3207 1723 3294; baseline -0.005 -18"><span class='ocrx_word' id='word_1_216' title='bbox 394 3230 585 3294; x_wconf 87' lang='lat' dir='ltr'><strong>persuasum</strong></span> <span class='ocrx_word' id='word_1_217' title='bbox 616 3219 667 3274; x_wconf 87' lang='lat' dir='ltr'><strong>cst</strong></span> <span class='ocrx_word' id='word_1_218' title='bbox 693 3213 829 3293; x_wconf 83' lang='lat' dir='ltr'><strong>corduru,</strong></span> <span class='ocrx_word' id='word_1_219' title='bbox 861 3208 896 3273; x_wconf 93' lang='lat' dir='ltr'><strong>id</strong></span> <span class='ocrx_word' id='word_1_220' title='bbox 929 3207 1003 3275; x_wconf 93' lang='lat' dir='ltr'><strong>ideo</strong></span> <span class='ocrx_word' id='word_1_221' title='bbox 1035 3207 1233 3275; x_wconf 80' lang='lat' dir='ltr'><strong>reiciendum</strong></span> <span class='ocrx_word' id='word_1_222' title='bbox 1263 3217 1324 3287; x_wconf 89' lang='lat' dir='ltr'><strong>est,</strong></span> <span class='ocrx_word' id='word_1_223' title='bbox 1356 3207 1452 3292; x_wconf 90' lang='lat' dir='ltr'><strong>quod,</strong></span> <span class='ocrx_word' id='word_1_224' title='bbox 1484 3215 1520 3272; x_wconf 87' lang='lat' dir='ltr'><strong>nt</strong></span> <span class='ocrx_word' id='word_1_225' title='bbox 1547 3213 1619 3271; x_wconf 88' lang='lat' dir='ltr'><strong>ante</strong></span> <span class='ocrx_word' id='word_1_226' title='bbox 1722 3215 1723 3218; x_wconf 75' lang='grc'>’</span> 
     </span>
    </p>
   </div>
   <div class='ocr_carea' id='block_1_6' title="bbox 392 3314 1619 3721">
    <p class='ocr_par' dir='ltr' id='par_1_6' title="bbox 392 3314 1619 3721">
     <span class='ocr_line' id='line_1_27' title="bbox 392 3314 1618 3399; baseline -0.004 -18"><span class='ocrx_word' id='word_1_227' title='bbox 392 3326 504 3398; x_wconf 81' lang='lat' dir='ltr'><strong>uenter,</strong></span> <span class='ocrx_word' id='word_1_228' title='bbox 529 3319 606 3398; x_wconf 84' lang='lat' dir='ltr'><strong>tilis,</strong></span> <span class='ocrx_word' id='word_1_229' title='bbox 632 3319 730 3381; x_wconf 82' lang='lat' dir='ltr'><strong>uoltus</strong></span> <span class='ocrx_word' id='word_1_230' title='bbox 754 3315 875 3381; x_wconf 87' lang='lat' dir='ltr'><strong>dictum</strong></span> <span class='ocrx_word' id='word_1_231' title='bbox 899 3323 983 3398; x_wconf 89' lang='lat' dir='ltr'><strong>erat,</strong></span> <span class='ocrx_word' id='word_1_232' title='bbox 1012 3316 1060 3383; x_wconf 91' lang='lat' dir='ltr'><strong>sic</strong></span> <span class='ocrx_word' id='word_1_233' title='bbox 1088 3315 1184 3382; x_wconf 86' lang='lat' dir='ltr'><strong>huius</strong></span> <span class='ocrx_word' id='word_1_234' title='bbox 1209 3335 1336 3399; x_wconf 85' lang='lat' dir='ltr'><strong>quoque</strong></span> <span class='ocrx_word' id='word_1_235' title='bbox 1358 3314 1450 3381; x_wconf 87' lang='lat' dir='ltr'><strong>vocis</strong></span> <span class='ocrx_word' id='word_1_236' title='bbox 1472 3331 1618 3380; x_wconf 88' lang='lat' dir='ltr'><strong>numerus</strong></span> 
     </span>
     <span class='ocr_line' id='line_1_28' title="bbox 394 3420 1619 3507; baseline -0.006 -17"><span class='ocrx_word' id='word_1_237' title='bbox 394 3423 568 3507; x_wconf 86' lang='lat' dir='ltr'><strong>singularis</strong></span> <span class='ocrx_word' id='word_1_238' title='bbox 601 3423 807 3488; x_wconf 87' lang='lat' dir='ltr'><strong>necessarius</strong></span> <span class='ocrx_word' id='word_1_239' title='bbox 840 3431 919 3488; x_wconf 87' lang='lat' dir='ltr'><strong>erat.</strong></span> <span class='ocrx_word' id='word_1_240' title='bbox 965 3443 1026 3506; x_wconf 85' lang='lat' dir='ltr'><strong>ego</strong></span> <span class='ocrx_word' id='word_1_241' title='bbox 1059 3432 1229 3489; x_wconf 83' lang='lat' dir='ltr'><strong>tororum</strong></span> <span class='ocrx_word' id='word_1_242' title='bbox 1262 3420 1497 3488; x_wconf 88' lang='lat' dir='ltr'><strong>emendandum</strong></span> <span class='ocrx_word' id='word_1_243' title='bbox 1536 3426 1619 3507; x_wconf 89' lang='lat' dir='ltr'><strong>puto,</strong></span> 
     </span>
     <span class='ocr_line' id='line_1_29' title="bbox 393 3525 1617 3614; baseline -0.004 -19"><span class='ocrx_word' id='word_1_244' title='bbox 393 3530 480 3614; x_wconf 89' lang='lat' dir='ltr'><strong>quod</strong></span> <span class='ocrx_word' id='word_1_245' title='bbox 496 3529 696 3613; x_wconf 86' lang='lat' dir='ltr'><strong>vocabulum,</strong></span> <span class='ocrx_word' id='word_1_246' title='bbox 722 3550 792 3594; x_wconf 90' lang='lat' dir='ltr'><strong>oum</strong></span> <span class='ocrx_word' id='word_1_247' title='bbox 809 3528 903 3594; x_wconf 93' lang='lat' dir='ltr'><strong>modo</strong></span> <span class='ocrx_word' id='word_1_248' title='bbox 919 3549 1086 3595; x_wconf 81' lang='lat' dir='ltr'><strong>neruorum</strong></span> <span class='ocrx_word' id='word_1_249' title='bbox 1103 3530 1223 3594; x_wconf 89' lang='lat' dir='ltr'><strong>mentio</strong></span> <span class='ocrx_word' id='word_1_250' title='bbox 1239 3528 1329 3594; x_wconf 86' lang='lat' dir='ltr'><strong>lacta</strong></span> <span class='ocrx_word' id='word_1_251' title='bbox 1348 3528 1400 3612; x_wconf 81' lang='lat' dir='ltr'><strong>sit,</strong></span> <span class='ocrx_word' id='word_1_252' title='bbox 1423 3526 1476 3592; x_wconf 91' lang='lat' dir='ltr'><strong>hic</strong></span> <span class='ocrx_word' id='word_1_253' title='bbox 1492 3525 1617 3613; x_wconf 86' lang='lat' dir='ltr'><strong>aptissi-</strong></span> 
     </span>
     <span class='ocr_line' id='line_1_30' title="bbox 394 3634 1129 3721; baseline 0 -19"><span class='ocrx_word' id='word_1_254' title='bbox 394 3659 478 3703; x_wconf 88' lang='lat' dir='ltr'><strong>mum</strong></span> <span class='ocrx_word' id='word_1_255' title='bbox 503 3645 552 3702; x_wconf 90' lang='lat' dir='ltr'><strong>est</strong></span> <span class='ocrx_word' id='word_1_256' title='bbox 576 3646 608 3702; x_wconf 87' lang='lat' dir='ltr'><strong>ct</strong></span> <span class='ocrx_word' id='word_1_257' title='bbox 632 3638 778 3702; x_wconf 89' lang='lat' dir='ltr'><strong>crebrum</strong></span> <span class='ocrx_word' id='word_1_258' title='bbox 801 3634 888 3721; x_wconf 90' lang='lat' dir='ltr'><strong>apud</strong></span> <span class='ocrx_word' id='word_1_259' title='bbox 913 3635 1129 3721; x_wconf 56' lang='lat' dir='ltr'><strong>Senecamw).</strong></span> 
     </span>
    </p>
   </div>
   <div class='ocr_carea' id='block_1_7' title="bbox 494 3760 1620 3955">
    <p class='ocr_par' dir='ltr' id='par_1_7' title="bbox 494 3760 1620 3955">
     <span class='ocr_line' id='line_1_31' title="bbox 502 3760 1618 3847; baseline -0.007 -19"><span class='ocrx_word' id='word_1_260' title='bbox 502 3784 555 3847; x_wconf 89' lang='lat' dir='ltr'><strong>ep.</strong></span> <span class='ocrx_word' id='word_1_261' title='bbox 571 3782 655 3827; x_wconf 91' lang='lat' dir='ltr'><strong>mor.</strong></span> <span class='ocrx_word' id='word_1_262' title='bbox 669 3761 747 3826; x_wconf 86' lang='lat' dir='ltr'><strong>XVI</strong></span> <span class='ocrx_word' id='word_1_263' title='bbox 763 3763 793 3845; x_wconf 78' lang='lat'><strong>2,</strong></span> <span class='ocrx_word' id='word_1_264' title='bbox 811 3763 865 3827; x_wconf 87' lang='lat'><strong>10:</strong></span> <span class='ocrx_word' id='word_1_265' title='bbox 890 3783 980 3826; x_wconf 80' lang='lat' dir='ltr'><strong>ornne</strong></span> <span class='ocrx_word' id='word_1_266' title='bbox 1002 3769 1121 3846; x_wconf 81' lang='lat' dir='ltr'><strong>ternpus</strong></span> <span class='ocrx_word' id='word_1_267' title='bbox 1147 3761 1279 3841; x_wconf 80' lang='lat' dir='ltr'><strong>Clodios,</strong></span> <span class='ocrx_word' id='word_1_268' title='bbox 1303 3781 1366 3826; x_wconf 85' lang='lat' dir='ltr'><strong>non</strong></span> <span class='ocrx_word' id='word_1_269' title='bbox 1388 3781 1478 3825; x_wconf 85' lang='lat' dir='ltr'><strong>ornne</strong></span> <span class='ocrx_word' id='word_1_270' title='bbox 1494 3760 1618 3826; x_wconf 75' lang='lat' dir='ltr'><strong>Catonn</strong></span> 
     </span>
     <span class='ocr_line' id='line_1_32' title="bbox 494 3868 1620 3955; baseline -0.004 -20"><span class='ocrx_word' id='word_1_271' title='bbox 494 3877 587 3955; x_wconf 65' lang='lat' dir='ltr'><strong>teret.</strong></span> <span class='ocrx_word' id='word_1_272' title='bbox 632 3873 673 3934; x_wconf 83' lang='lat' dir='ltr'><strong>od</strong></span> <span class='ocrx_word' id='word_1_273' title='bbox 696 3868 895 3945; x_wconf 54' lang='lat' dir='ltr'><strong>serenandi</strong></span> <span class='ocrx_word' id='word_1_274' title='bbox 912 3872 1027 3953; x_wconf 79' lang='lat' dir='ltr'><strong>sunites</strong></span> <span class='ocrx_word' id='word_1_275' title='bbox 1050 3891 1167 3950; x_wconf 77' lang='lat' dir='ltr'><strong>saturus,</strong></span> <span class='ocrx_word' id='word_1_276' title='bbox 1192 3872 1264 3953; x_wconf 82' lang='lat' dir='ltr'><strong>qnia</strong></span> <span class='ocrx_word' id='word_1_277' title='bbox 1286 3891 1341 3934; x_wconf 86' lang='lat' dir='ltr'><strong>nec</strong></span> <span class='ocrx_word' id='word_1_278' title='bbox 1363 3871 1429 3934; x_wconf 76' lang='lat' dir='ltr'><strong>dan</strong></span> <span class='ocrx_word' id='word_1_279' title='bbox 1449 3875 1549 3952; x_wconf 83' lang='lat' dir='ltr'><strong>potest</strong></span> <span class='ocrx_word' id='word_1_280' title='bbox 1569 3883 1620 3929; x_wconf 80' lang='lat' dir='ltr'><strong>nst</strong></span> 
     </span>
    </p>
   </div>
   <div class='ocr_carea' id='block_1_8' title="bbox 393 3999 607 4008">
    <p class='ocr_par' dir='ltr' id='par_1_8' title="bbox 393 3999 607 4008">
     <span class='ocr_line' id='line_1_33' title="bbox 393 3999 607 4008; baseline -0.014 0"><span class='ocrx_word' id='word_1_281' title='bbox 393 3999 607 4008; x_wconf 49' lang='grc' dir='ltr'>...μ-</span> 
     </span>
    </p>
   </div>
   <div class='ocr_carea' id='block_1_9' title="bbox 390 4079 1617 4768">
    <p class='ocr_par' dir='ltr' id='par_1_9' title="bbox 392 4079 1616 4242">
     <span class='ocr_line' id='line_1_34' title="bbox 486 4079 1616 4153; baseline -0.004 -15"><span class='ocrx_word' id='word_1_282' title='bbox 486 4083 521 4153; x_wconf 79' lang='lat'><strong>²⁹)</strong></span> <span class='ocrx_word' id='word_1_283' title='bbox 539 4103 565 4138; x_wconf 84' lang='lat' dir='ltr'><strong>v.</strong></span> <span class='ocrx_word' id='word_1_284' title='bbox 585 4085 616 4140; x_wconf 80' lang='lat' dir='ltr'><strong>G.</strong></span> <span class='ocrx_word' id='word_1_285' title='bbox 637 4083 794 4138; x_wconf 86' lang='lat' dir='ltr'><strong>Windhaus</strong></span> <span class='ocrx_word' id='word_1_286' title='bbox 822 4083 948 4138; x_wconf 78' lang='lat' dir='ltr'><strong>Varistae</strong></span> <span class='ocrx_word' id='word_1_287' title='bbox 975 4085 1096 4137; x_wconf 82' lang='lat' dir='ltr'><strong>lectionis</strong></span> <span class='ocrx_word' id='word_1_288' title='bbox 1120 4085 1157 4136; x_wconf 82' lang='lat' dir='ltr'><strong>od</strong></span> <span class='ocrx_word' id='word_1_289' title='bbox 1180 4083 1295 4137; x_wconf 83' lang='lat' dir='ltr'><strong>Senecae</strong></span> <span class='ocrx_word' id='word_1_290' title='bbox 1316 4085 1394 4151; x_wconf 81' lang='lat' dir='ltr'><strong>epist.</strong></span> <span class='ocrx_word' id='word_1_291' title='bbox 1417 4099 1431 4136; x_wconf 80' lang='lat' dir='ltr'><strong>s</strong></span> <span class='ocrx_word' id='word_1_292' title='bbox 1454 4083 1511 4136; x_wconf 77' lang='lat' dir='ltr'><strong>sod.</strong></span> <span class='ocrx_word' id='word_1_293' title='bbox 1531 4079 1616 4136; x_wconf 75' lang='lat' dir='ltr'><strong>Boni·</strong></span> 
     </span>
     <span class='ocr_line' id='line_1_35' title="bbox 392 4173 912 4242; baseline -0.012 -11"><span class='ocrx_word' id='word_1_294' title='bbox 392 4184 511 4242; x_wconf 81' lang='lat' dir='ltr'><strong>enotata,</strong></span> <span class='ocrx_word' id='word_1_295' title='bbox 530 4173 714 4234; x_wconf 82' lang='lat' dir='ltr'><strong>Damnstodtii</strong></span> <span class='ocrx_word' id='word_1_296' title='bbox 736 4173 804 4226; x_wconf 82' lang='lat'>1879</span> <span class='ocrx_word' id='word_1_297' title='bbox 823 4191 850 4241; x_wconf 91' lang='lat' dir='ltr'><strong>p.</strong></span> <span class='ocrx_word' id='word_1_298' title='bbox 873 4175 912 4227; x_wconf 83' lang='grc'><strong>15.</strong></span> 
     </span>
    </p>

    <p class='ocr_par' dir='ltr' id='par_1_10' title="bbox 487 4263 821 4333">
     <span class='ocr_line' id='line_1_36' title="bbox 487 4263 821 4333; baseline -0.009 -15"><span class='ocrx_word' id='word_1_299' title='bbox 487 4263 522 4333; x_wconf 78' lang='lat'><strong>⁸⁰)</strong></span> <span class='ocrx_word' id='word_1_300' title='bbox 541 4282 566 4318; x_wconf 88' lang='lat' dir='ltr'><strong>v.</strong></span> <span class='ocrx_word' id='word_1_301' title='bbox 587 4263 744 4318; x_wconf 86' lang='lat' dir='ltr'><strong>Windhaus</strong></span> <span class='ocrx_word' id='word_1_302' title='bbox 763 4263 781 4319; x_wconf 90' lang='lat' dir='ltr'><strong>l.</strong></span> <span class='ocrx_word' id='word_1_303' title='bbox 801 4279 821 4316; x_wconf 87' lang='lat' dir='ltr'><strong>s.</strong></span> 
     </span>
    </p>

    <p class='ocr_par' dir='ltr' id='par_1_11' title="bbox 390 4343 1617 4516">
     <span class='ocr_line' id='line_1_37' title="bbox 486 4343 1617 4422; baseline -0.008 -15"><span class='ocrx_word' id='word_1_304' title='bbox 486 4353 522 4422; x_wconf 80' lang='lat'><strong>³¹)</strong></span> <span class='ocrx_word' id='word_1_305' title='bbox 547 4357 666 4407; x_wconf 80' lang='lat' dir='ltr'><strong>dentium</strong></span> <span class='ocrx_word' id='word_1_306' title='bbox 694 4353 770 4408; x_wconf 82' lang='lat' dir='ltr'><strong>deest</strong></span> <span class='ocrx_word' id='word_1_307' title='bbox 797 4351 827 4406; x_wconf 90' lang='lat' dir='ltr'><strong>iu</strong></span> <span class='ocrx_word' id='word_1_308' title='bbox 855 4351 945 4417; x_wconf 85' lang='lat' dir='ltr'><strong>codd,</strong></span> <span class='ocrx_word' id='word_1_309' title='bbox 972 4350 1123 4406; x_wconf 86' lang='lat' dir='ltr'><strong>rectissime</strong></span> <span class='ocrx_word' id='word_1_310' title='bbox 1151 4349 1291 4420; x_wconf 83' lang='lat' dir='ltr'><strong>supplevit</strong></span> <span class='ocrx_word' id='word_1_311' title='bbox 1317 4349 1438 4404; x_wconf 88' lang='lat' dir='ltr'><strong>Kochius</strong></span> <span class='ocrx_word' id='word_1_312' title='bbox 1464 4349 1494 4402; x_wconf 90' lang='lat' dir='ltr'><strong>in</strong></span> <span class='ocrx_word' id='word_1_313' title='bbox 1523 4343 1617 4401; x_wconf 75' lang='lat' dir='ltr'><strong>Annali</strong></span> 
     </span>
     <span class='ocr_line' id='line_1_38' title="bbox 390 4443 715 4516; baseline 0.006 -20"><span class='ocrx_word' id='word_1_314' title='bbox 390 4447 487 4516; x_wconf 79' lang='lat' dir='ltr'><strong>philol.</strong></span> <span class='ocrx_word' id='word_1_315' title='bbox 516 4443 583 4497; x_wconf 80' lang='lat'>1875</span> <span class='ocrx_word' id='word_1_316' title='bbox 607 4461 634 4512; x_wconf 89' lang='lat' dir='ltr'><strong>p.</strong></span> <span class='ocrx_word' id='word_1_317' title='bbox 655 4443 715 4498; x_wconf 73' lang='lat'><strong>723.</strong></span> 
     </span>
    </p>

    <p class='ocr_par' dir='ltr' id='par_1_12' title="bbox 487 4529 906 4596">
     <span class='ocr_line' id='line_1_39' title="bbox 487 4529 906 4596; baseline -0.007 -10"><span class='ocrx_word' id='word_1_318' title='bbox 487 4530 524 4596; x_wconf 77' lang='lat' dir='ltr'><strong>”l</strong></span> <span class='ocrx_word' id='word_1_319' title='bbox 544 4550 570 4586; x_wconf 88' lang='lat' dir='ltr'><strong>v.</strong></span> <span class='ocrx_word' id='word_1_320' title='bbox 590 4531 686 4587; x_wconf 86' lang='lat' dir='ltr'><strong>Haasii</strong></span> <span class='ocrx_word' id='word_1_321' title='bbox 704 4531 824 4586; x_wconf 88' lang='lat' dir='ltr'><strong>indicem</strong></span> <span class='ocrx_word' id='word_1_322' title='bbox 844 4529 861 4586; x_wconf 91' lang='lat' dir='ltr'><strong>i.</strong></span> <span class='ocrx_word' id='word_1_323' title='bbox 881 4548 906 4584; x_wconf 86' lang='lat' dir='ltr'><strong>v.</strong></span> 
     </span>
    </p>

    <p class='ocr_par' dir='ltr' id='par_1_13' title="bbox 395 4616 1615 4768">
     <span class='ocr_line' id='line_1_40' title="bbox 487 4616 1615 4691; baseline -0.004 -16"><span class='ocrx_word' id='word_1_324' title='bbox 487 4621 522 4688; x_wconf 81' lang='lat'><strong>⁸⁸)</strong></span> <span class='ocrx_word' id='word_1_325' title='bbox 541 4640 563 4688; x_wconf 78' lang='lat' dir='ltr'><strong>e,</strong></span> <span class='ocrx_word' id='word_1_326' title='bbox 583 4621 657 4690; x_wconf 90' lang='lat' dir='ltr'><strong>quod</strong></span> <span class='ocrx_word' id='word_1_327' title='bbox 675 4624 738 4691; x_wconf 88' lang='lat' dir='ltr'><strong>post</strong></span> <span class='ocrx_word' id='word_1_328' title='bbox 755 4622 829 4676; x_wconf 84' lang='lat' dir='ltr'><strong>huuc</strong></span> <span class='ocrx_word' id='word_1_329' title='bbox 847 4637 940 4674; x_wconf 84' lang='lat' dir='ltr'><strong>vocem</strong></span> <span class='ocrx_word' id='word_1_330' title='bbox 959 4619 990 4672; x_wconf 91' lang='lat' dir='ltr'><strong>in</strong></span> <span class='ocrx_word' id='word_1_331' title='bbox 1009 4619 1031 4671; x_wconf 90' lang='lat' dir='ltr'><strong>B</strong></span> <span class='ocrx_word' id='word_1_332' title='bbox 1050 4618 1107 4687; x_wconf 78' lang='lat' dir='ltr'><strong>legi</strong></span> <span class='ocrx_word' id='word_1_333' title='bbox 1125 4617 1282 4672; x_wconf 86' lang='lat' dir='ltr'><strong>Windhaus</strong></span> <span class='ocrx_word' id='word_1_334' title='bbox 1301 4635 1327 4686; x_wconf 86' lang='lat' dir='ltr'><strong>p.</strong></span> <span class='ocrx_word' id='word_1_335' title='bbox 1347 4616 1494 4680; x_wconf 68' lang='lat' dir='ltr'><strong>sorssors,</strong></span> <span class='ocrx_word' id='word_1_336' title='bbox 1514 4616 1615 4671; x_wconf 66' lang='lat' dir='ltr'><strong>fortan</strong></span> 
     </span>
     <span class='ocr_line' id='line_1_41' title="bbox 395 4714 705 4768; baseline -0.01 0"><span class='ocrx_word' id='word_1_337' title='bbox 395 4731 430 4768; x_wconf 86' lang='lat' dir='ltr'><strong>ex</strong></span> <span class='ocrx_word' id='word_1_338' title='bbox 447 4717 519 4768; x_wconf 82' lang='lat' dir='ltr'><strong>enim</strong></span> <span class='ocrx_word' id='word_1_339' title='bbox 537 4714 635 4766; x_wconf 85' lang='lat' dir='ltr'><strong>natum</strong></span> <span class='ocrx_word' id='word_1_340' title='bbox 656 4715 705 4766; x_wconf 86' lang='lat' dir='ltr'><strong>est.</strong></span> 
     </span>
    </p>
   </div>
   <div class='ocr_carea' id='block_1_10' title="bbox 0 0 1783 5236">
    <p class='ocr_par' dir='ltr' id='par_1_14' title="bbox 0 0 1783 5236">
     <span class='ocr_line' id='line_1_42' title="bbox 0 0 1783 5236; baseline 0 0"><span class='ocrx_word' id='word_1_341' title='bbox 0 0 1783 5236; x_wconf 95' lang='lat' dir='ltr'><strong> </strong></span> 
     </span>
    </p>
   </div>
  </div>
 </body>
</html>
