3560 5242
949 523 990 586 82

863 611 1073 621 ψ--η-

357 745 479 810 tineant
508 746 649 812 veritatis
672 747 918 830 superlationem
941 749 1035 830 atque
1058 747 1286 822 traiectionem‚
1315 765 1395 829 quae
1418 746 1579 811 rhetorum

359 849 482 914 scholas
517 851 613 933 sapit,
648 850 726 914 nihil
754 851 904 915 momenti
931 851 1133 916 tribuendum
1162 853 1219 916 est.
1269 849 1374 914 Verba
1402 851 1508 914 autern
1536 852 1580 914 ‘et

360 953 428 1016 tam
454 953 562 1034 magni
590 953 712 1037 imperii
738 955 815 1018 diros
844 953 971 1018 fortuna
998 973 1060 1017 non
1089 953 1180 1037 cepit'
1210 973 1272 1018 non
1302 954 1346 1018 sie
1367 952 1579 1034 intellegenda

358 1073 436 1132 esse,
458 1059 495 1119 ut
516 1056 731 1139 interpreteris
754 1056 830 1120 ‘und
852 1057 908 1121 das
932 1077 1038 1140 grosse
1062 1057 1217 1122 rdmische
1234 1055 1332 1120 Reich
1355 1056 1410 1120 hat
1433 1055 1484 1119 tiu
1505 1055 1578 1118 zuei

359 1159 499 1223 Kaisar
529 1159 640 1223 leinen
673 1159 761 1224 Platz
795 1159 932 1242 gehabt'‚
970 1159 1024 1224 sed
1059 1161 1098 1226 ad
1132 1160 1300 1226 Caesarem
1333 1161 1365 1222 et
1396 1158 1580 1242 Pompeium

356 1261 520 1326 referenda
553 1281 621 1326 esse
657 1262 747 1327 docet
778 1262 841 1327 hui.
876 1281 989 1328 comm.
1020 1285 1050 1347 p.
1082 1266 1102 1326 8
1139 1264 1209 1328 adn.
1239 1264 1275 1336 3,
1314 1262 1367 1328 ubi
1401 1262 1488 1325 Livio
1521 1262 1579 1325 hoc

360 1365 560 1429 enuntiatum
588 1365 762 1429 Minucium
785 1365 897 1430 debere
920 1367 1110 1431 monuimus.
1154 1365 1227 1430 Inre
1248 1366 1346 1448 igitur
1368 1363 1580 1429 Baehrensins

359 1469 379 1532 l.
404 1487 430 1532 c.
454 1468 551 1551 praef.
574 1489 603 1552 p.
626 1467 743 1532 XXXV
779 1469 959 1534 Schwenldc
986 1489 1048 1533 non
1081 1487 1229 1534 assensus
1264 1469 1390 1551 negavit
1421 1468 1460 1532 ad
1488 1487 1579 1532 suurn

360 1574 485 1654 tempus
507 1571 681 1635 Minucium
705 1572 886 1654 respexisse.
930 1571 1020 1651 Quod
1042 1591 1114 1637 curn
1139 1573 1182 1636 ita
1205 1573 1258 1649 sit,
1281 1572 1429 1636 hocloco
1452 1570 1580 1634 minime

361 1673 524 1738 diiudicari
553 1676 672 1757 potest,
701 1677 807 1738 utrum
835 1676 941 1757 plures
970 1675 1124 1759 principes
1152 1676 1269 1738 Romae
1298 1679 1367 1739 tum
1396 1674 1514 1738 tuerint
1540 1693 1580 1737 an

362 1794 454 1840 unns.

447 1879 493 1942 lix
520 1878 715 1955 criminibus,
744 1881 857 1962 quibus
880 1881 1048 1946 Christiani
1072 1881 1102 1943 in
1127 1880 1255 1945 Octavio
1277 1880 1513 1955 insimulantur,
1543 1879 1580 1943 de

363 1980 491 2046 Minucii
519 1985 622 2046 aetate
650 1982 727 2046 nihil
757 1984 1007 2048 concludendum
1029 2003 1097 2048 esse
1121 1983 1322 2048 Schwenkius
1345 1984 1378 2065 (l.
1401 2003 1428 2046 c.
1451 2003 1480 2066 p.
1505 1983 1580 2062 292)

362 2105 433 2150 vere
463 2085 620 2149 iudicarit.
677 2085 766 2149 Idem
800 2087 907 2151 Eberti
941 2088 1080 2170 exemplo
1108 2087 1245 2166 monuit,
1282 2086 1364 2168 quod
1391 2086 1424 2148 in
1453 2085 1581 2150 Octauio

363 2188 532 2254 Christiani
556 2208 658 2270 neque
681 2189 787 2252 hostes
803 2189 924 2272 imperii
941 2189 1075 2254 Romani
1091 2209 1192 2273 neque
1208 2192 1350 2254 auctores
1366 2189 1582 2252 calamitatum

363 2291 561 2375 publicarum
589 2292 781 2368 dicerentur,
811 2292 893 2374 quod
924 2293 1042 2357 crimen
1068 2311 1087 2356 a
1109 2293 1236 2358 Graecis
1266 2311 1389 2376 quoque
1413 2289 1582 2375 apologetis

364 2395 515 2458 omissum
544 2399 643 2472 esset,
677 2396 748 2459 inde
781 2395 884 2477 colligi
917 2415 1009 2476 posse
1041 2395 1209 2461 Octauium
1241 2401 1313 2460 anta
1346 2393 1583 2478 Apologeticum

365 2497 516 2580 scriptum
539 2517 619 2564 esse.
662 2500 730 2563 Hoc
753 2500 838 2564 enim
861 2499 980 2562 crimen
1002 2499 1214 2564 Tertulhanus
1237 2499 1308 2563 inde
1331 2500 1370 2563 ab
1393 2497 1583 2580 Apologetici

365 2601 466 2684 capite
493 2603 555 2678 40,
577 2603 680 2668 laesae
707 2603 881 2667 maiestatis
909 2603 1026 2667 crimen
1056 2601 1126 2665 inde
1150 2621 1169 2666 a
1191 2601 1292 2685 capite
1316 2602 1357 2664 28
1378 2601 1582 2684 impugnavit.

365 2703 464 2769 Credo
498 2703 678 2770 Schuenlric
712 2706 790 2771 haec
822 2706 1007 2789 opponenda
1041 2723 1123 2769 csse:
1157 2704 1398 2787 Praeterquam,
1429 2704 1512 2786 qnod
1544 2723 1583 2767 ne

366 2804 522 2871 Minucius
546 2809 671 2888 quidem
695 2809 812 2874 crimen
835 2809 940 2872 laesae
955 2807 1130 2872 maiestatis
1145 2808 1236 2891 plane
1252 2808 1472 2890 praetermisit,
1495 2807 1583 2871 cuins

366 2911 446 2974 teste
462 2910 655 2975 Tertulliano
679 2913 779 2994 (Apol.
803 2913 856 2991 28)
877 2915 1043 2995 propterea
1058 2911 1227 2977 Christiani
1242 2912 1481 2988 accusabantur,
1502 2909 1582 2991 quod

367 3012 517 3077 Caesares
539 3033 602 3078 non
626 3015 801 3079 adorabant
823 3014 875 3096 (cf.
892 3014 959 3080 Oct.
975 3016 1027 3090 29,
1046 3015 1080 3088 5;
1104 3015 1200 3090 21,9.
1218 3015 1282 3093 10),
1305 3013 1454 3095 numquis
1470 3031 1583 3094 negare

367 3115 462 3180 audet
489 3116 520 3179 in
548 3117 716 3200 deperditis
746 3117 983 3200 apologetarum
1009 3115 1206 3200 quorundam
1229 3116 1353 3199 scriptis
1376 3117 1508 3180 erimina
1530 3116 1584 3179 illa

368 3220 543 3284 accuratius
571 3219 709 3284 refutata
732 3222 858 3300 esse?¹)
901 3219 1093 3285 Christianos
1117 3220 1200 3284 enim
1221 3220 1284 3283 iarn
1308 3221 1380 3283 ante
1403 3218 1585 3284 Tertulliani

368 3325 504 3386 aetatem
527 3325 689 3387 accusatos
713 3339 795 3400 esse,
825 3323 906 3405 quod
930 3326 1072 3388 auctores
1095 3323 1313 3388 calamitatum
1335 3323 1531 3405 publicarum
1554 3322 1586 3384 et

367 3424 488 3507 imperii
516 3426 622 3489 hostes
651 3428 770 3502 essent,
799 3432 928 3508 apparet
955 3445 991 3490 er
1012 3426 1163 3490 Antonini
1184 3425 1235 3490 Pii
1254 3425 1355 3490 edicto
1377 3427 1474 3510 (apud
1498 3424 1585 3490 Otto

368 3546 442 3592 nem
463 3529 485 3592 l.
507 3549 533 3591 c.
556 3526 586 3591 1³
609 3549 639 3611 p.
663 3529 747 3609 246).
798 3529 944 3593 Fortasse
966 3529 1043 3593 haec
1071 3528 1202 3593 crimina
1224 3530 1305 3593 inter
1328 3547 1365 3594 aa
1387 3532 1475 3606 sunt,
1507 3546 1585 3611 quae

369 3631 531 3694 ‘consulto'
549 3631 703 3696 Caecilius
726 3632 941 3715 praetermisit
963 3633 1043 3712 (Oct.
1068 3633 1117 3711 10,
1143 3633 1211 3716 l).²)

440 3839 459 3904 ¹)
479 3837 512 3890 cf.
532 3836 653 3904 Theoph.
677 3836 711 3890 ad
737 3836 857 3892 aut01.1
878 3837 907 3888 ll
933 3835 1027 3909 (Ἐρεῖς
1046 3827 1095 3888 οὖν
1111 3852 1170 3905 μοι·
1189 3837 1241 3888 Arri
1259 3841 1289 3888 τί
1306 3833 1338 3888 οὗ
1356 3839 1519 3905 προσκυνεῖς
1536 3832 1587 3886 τὸν

369 3920 486 3990 βασιλέα
494 3923 525 3990 ς).

439 4010 463 4074 ¹)
488 4007 549 4061 Alia
577 4009 676 4074 multa,
703 4008 738 4063 de
765 4011 861 4078 quihus
884 4009 1067 4063 Tertullianus
1095 4009 1203 4076 copiose
1229 4006 1391 4077 disputarit,
1420 4007 1447 4060 in
1473 4005 1586 4061 Octavio

371 4091 477 4147 desunt.
512 4093 674 4161 ‘Numquam
694 4095 827 4148 Minucius
850 4100 898 4148 aut
917 4094 1017 4149 Christi
1041 4110 1138 4148 nornen
1159 4093 1337 4148 adhibebant
1355 4108 1388 4148 ex
1406 4092 1483 4148 libris
1501 4092 1587 4147 sacris

371 4181 445 4234 locos
463 4178 559 4233 adfert.
578 4196 658 4247 porro
677 4179 710 4235 de
728 4180 768 4234 eis
789 4196 859 4249 quae
878 4181 988 4248 propria
1006 4184 1070 4234 sunt
1088 4180 1177 4234 cultus
1197 4179 1337 4234 christiani
1355 4194 1389 4232 ne
1408 4180 1517 4233 verbum
1531 4179 1587 4246 qui·

372 4265 430 4319 dem
451 4270 554 4319 exstat:
579 4265 612 4319 dc
636 4263 708 4337 λόγῳ
727 4272 755 4320 et
772 4267 870 4334 spiritu
889 4271 984 4321 sancto
1003 4271 1032 4320 et
1050 4265 1176 4320 trinitate
1195 4266 1333 4330 doctrina,
1358 4263 1450 4318 divina
1468 4263 1530 4318 fidei
1547 4263 1586 4317 in·

372 4350 500 4418 spiratio,
524 4351 675 4420 baptismus
701 4367 822 4420 quaeque
846 4354 901 4406 elia
923 4352 994 4420 apud
1019 4358 1125 4408 ceteros
1144 4353 1306 4423 apologetas
1325 4350 1506 4413 disseruntur,
1531 4350 1587 4403 alto

372 4435 481 4491 silentio
500 4443 658 4504 premuntur
676 4438 748 4506 apud
764 4439 886 4492 l'elieem'
906 4438 1063 4506 (Baehrens.
1081 4438 1098 4491 l.
1117 4455 1139 4493 c.
1159 4437 1244 4507 praef.
1257 4453 1283 4506 p.
1296 4437 1354 4507 lX).
1385 4437 1468 4492 Cuius
1485 4435 1587 4490 silentii

374 4523 442 4576 alius
455 4522 539 4576 eliam
553 4539 662 4577 causam
675 4525 786 4590 profert.
801 4525 964 4579 Dombartus
977 4523 994 4576 l.
1008 4540 1029 4578 c.
1043 4525 1128 4592 praef.
1139 4542 1164 4592 p.
1180 4523 1244 4578 Vlll
1254 4539 1310 4591 sqq.
1325 4528 1405 4592 putat
1420 4521 1541 4578 consulto
1554 4521 1588 4576 de

372 4607 426 4662 illis
439 4609 519 4663 rebus
533 4609 681 4663 Minucium
696 4610 821 4675 tacuisse,
834 4616 865 4664 ut
877 4609 988 4674 scilicet,
1007 4615 1152 4678 antequam
1167 4609 1268 4664 Christi
1281 4625 1425 4678 personam
1440 4607 1588 4675 induceret,

373 4692 489 4748 ethnicis
506 4693 540 4748 de
558 4695 591 4748 iis
609 4695 800 4762 persuaderet,
819 4710 887 4763 quae
905 4695 982 4762 qnasi
1000 4696 1178 4751 fundamenta
1195 4694 1334 4764 religionis
1355 4693 1523 4749 Christianae
1542 4710 1589 4762 ap

373 4780 502 4850 pellenda
525 4787 586 4835 sunt
607 4796 624 4834 a
643 4780 759 4834 Caecilio
778 4779 812 4834 ad
831 4796 921 4834 veram
940 4781 1097 4850 religionem
1116 4783 1262 4837 reformato
1279 4780 1353 4836 nuce
1372 4781 1459 4836 verbis
1477 4779 1590 4834 definita
