<?xml version="1.0" encoding="UTF-8"?>
<!DOCTYPE html PUBLIC "-//W3C//DTD XHTML 1.0 Transitional//EN"
    "http://www.w3.org/TR/xhtml1/DTD/xhtml1-transitional.dtd">
<html xmlns="http://www.w3.org/1999/xhtml" xml:lang="en" lang="en">
 <head>
  <title>
</title>
<meta http-equiv="Content-Type" content="text/html;charset=utf-8" />
  <meta name='ocr-system' content='tesseract 3.04.00' />
  <meta name='ocr-capabilities' content='ocr_page ocr_carea ocr_par ocr_line ocrx_word'/>
</head>
<body>
  <div class='ocr_page' id='page_1' title='image "./destoicorumstud00strigoog_0712.png"; bbox 0 0 3514 5244; ppageno 0'>
   <div class='ocr_carea' id='block_1_1' title="bbox 791 378 810 440">
    <p class='ocr_par' dir='ltr' id='par_1_1' title="bbox 791 378 810 440">
     <span class='ocr_line' id='line_1_1' title="bbox 791 378 810 440; baseline 0 0"><span class='ocrx_word' id='word_1_1' title='bbox 791 378 810 440; x_wconf 84' lang='lat'>9</span> 
     </span>
    </p>
   </div>
   <div class='ocr_carea' id='block_1_2' title="bbox 694 467 904 475">
    <p class='ocr_par' dir='ltr' id='par_1_2' title="bbox 694 467 904 475">
     <span class='ocr_line' id='line_1_2' title="bbox 694 467 904 475; baseline 0.01 -2"><span class='ocrx_word' id='word_1_2' title='bbox 694 467 904 475; x_wconf 52' lang='grc' dir='ltr'><em>Ἥ</em></span> 
     </span>
    </p>
   </div>
   <div class='ocr_carea' id='block_1_3' title="bbox 293 569 1413 867">
    <p class='ocr_par' dir='ltr' id='par_1_3' title="bbox 293 569 1413 867">
     <span class='ocr_line' id='line_1_3' title="bbox 293 569 1413 660; baseline 0.001 -25"><span class='ocrx_word' id='word_1_3' title='bbox 293 571 389 654; x_wconf 60' lang='grc'><strong>38116</strong></span> <span class='ocrx_word' id='word_1_4' title='bbox 414 573 543 634; x_wconf 80' lang='lat' dir='ltr'><strong>uelocius</strong></span> <span class='ocrx_word' id='word_1_5' title='bbox 569 572 692 635; x_wconf 78' lang='lat' dir='ltr'><strong>rneoudi</strong></span> <span class='ocrx_word' id='word_1_6' title='bbox 719 573 765 636; x_wconf 86' lang='lat' dir='ltr'><strong>cel</strong></span> <span class='ocrx_word' id='word_1_7' title='bbox 792 574 940 637; x_wconf 81' lang='lat' dir='ltr'><strong>tordius</strong></span> <span class='ocrx_word' id='word_1_8' title='bbox 972 569 1043 637; x_wconf 92' lang='lat' dir='ltr'><strong>cod.</strong></span> <span class='ocrx_word' id='word_1_9' title='bbox 1075 570 1295 660; x_wconf 87' lang='lat' dir='ltr'><strong>bibliothecae</strong></span> <span class='ocrx_word' id='word_1_10' title='bbox 1324 573 1413 636; x_wconf 89' lang='lat' dir='ltr'><strong>Pari-</strong></span> 
     </span>
     <span class='ocr_line' id='line_1_4' title="bbox 502 677 1413 762; baseline 0.002 -20"><span class='ocrx_word' id='word_1_11' title='bbox 502 677 594 742; x_wconf 91' lang='lat' dir='ltr'><strong>sinae</strong></span> <span class='ocrx_word' id='word_1_12' title='bbox 622 679 925 762; x_wconf 57' lang='lat' dir='ltr'><strong>armamentorum),</strong></span> <span class='ocrx_word' id='word_1_13' title='bbox 958 683 1088 746; x_wconf 79' lang='lat' dir='ltr'><strong>uelocius</strong></span> <span class='ocrx_word' id='word_1_14' title='bbox 1119 682 1243 744; x_wconf 76' lang='lat' dir='ltr'><strong>creandi</strong></span> <span class='ocrx_word' id='word_1_15' title='bbox 1276 683 1320 744; x_wconf 83' lang='lat' dir='ltr'><strong>uel</strong></span> <span class='ocrx_word' id='word_1_16' title='bbox 1351 682 1413 744; x_wconf 85' lang='lat' dir='ltr'><strong>diu</strong></span> 
     </span>
     <span class='ocr_line' id='line_1_5' title="bbox 501 786 933 867; baseline 0.005 -19"><span class='ocrx_word' id='word_1_17' title='bbox 501 789 591 867; x_wconf 91' lang='lat' dir='ltr'><strong>(post</strong></span> <span class='ocrx_word' id='word_1_18' title='bbox 613 806 635 848; x_wconf 85' lang='lat' dir='ltr'><strong>u</strong></span> <span class='ocrx_word' id='word_1_19' title='bbox 660 803 756 850; x_wconf 90' lang='lat' dir='ltr'><strong>erasa</strong></span> <span class='ocrx_word' id='word_1_20' title='bbox 779 791 830 850; x_wconf 89' lang='lat' dir='ltr'><strong>est</strong></span> <span class='ocrx_word' id='word_1_21' title='bbox 852 787 880 864; x_wconf 84' lang='lat' dir='ltr'><strong>a)</strong></span> <span class='ocrx_word' id='word_1_22' title='bbox 903 786 933 850; x_wconf 99' lang='lat' dir='ltr'><strong>A</strong></span> 
     </span>
    </p>
   </div>
   <div class='ocr_carea' id='block_1_4' title="bbox 176 907 1415 3878">
    <p class='ocr_par' dir='ltr' id='par_1_4' title="bbox 176 907 1415 3235">
     <span class='ocr_line' id='line_1_6' title="bbox 176 907 1412 994; baseline 0.002 -21"><span class='ocrx_word' id='word_1_23' title='bbox 176 909 231 974; x_wconf 91' lang='lat' dir='ltr'><strong>his</strong></span> <span class='ocrx_word' id='word_1_24' title='bbox 255 908 353 991; x_wconf 90' lang='lat' dir='ltr'><strong>igitur</strong></span> <span class='ocrx_word' id='word_1_25' title='bbox 376 907 465 991; x_wconf 90' lang='lat' dir='ltr'><strong>locis,</strong></span> <span class='ocrx_word' id='word_1_26' title='bbox 489 926 623 990; x_wconf 92' lang='lat' dir='ltr'><strong>quorum</strong></span> <span class='ocrx_word' id='word_1_27' title='bbox 646 928 797 974; x_wconf 89' lang='lat' dir='ltr'><strong>numerus</strong></span> <span class='ocrx_word' id='word_1_28' title='bbox 835 909 934 976; x_wconf 92' lang='lat' dir='ltr'><strong>facile</strong></span> <span class='ocrx_word' id='word_1_29' title='bbox 966 911 1080 994; x_wconf 82' lang='lat' dir='ltr'>augeri</span> <span class='ocrx_word' id='word_1_30' title='bbox 1111 917 1233 994; x_wconf 89' lang='lat' dir='ltr'><strong>potest,</strong></span> <span class='ocrx_word' id='word_1_31' title='bbox 1265 910 1412 976; x_wconf 89' lang='lat' dir='ltr'><strong>omnibus</strong></span> 
     </span>
     <span class='ocr_line' id='line_1_7' title="bbox 178 1013 1413 1101; baseline 0.002 -21"><span class='ocrx_word' id='word_1_32' title='bbox 178 1015 317 1080; x_wconf 90' lang='lat' dir='ltr'><strong>aliorum</strong></span> <span class='ocrx_word' id='word_1_33' title='bbox 349 1013 501 1079; x_wconf 87' lang='lat' dir='ltr'><strong>librorum</strong></span> <span class='ocrx_word' id='word_1_34' title='bbox 529 1014 709 1098; x_wconf 80' lang='lat' dir='ltr'>scripturae</span> <span class='ocrx_word' id='word_1_35' title='bbox 733 1014 783 1098; x_wconf 92' lang='lat' dir='ltr'><strong>iis,</strong></span> <span class='ocrx_word' id='word_1_36' title='bbox 811 1035 894 1098; x_wconf 89' lang='lat' dir='ltr'><strong>quas</strong></span> <span class='ocrx_word' id='word_1_37' title='bbox 928 1017 957 1081; x_wconf 88' lang='lat' dir='ltr'><strong>A</strong></span> <span class='ocrx_word' id='word_1_38' title='bbox 984 1016 1092 1100; x_wconf 84' lang='lat' dir='ltr'><strong>habet,</strong></span> <span class='ocrx_word' id='word_1_39' title='bbox 1121 1015 1357 1101; x_wconf 81' lang='lat' dir='ltr'><strong>praeferendae</strong></span> <span class='ocrx_word' id='word_1_40' title='bbox 1381 1025 1413 1082; x_wconf 90' lang='lat' dir='ltr'><strong>et</strong></span> 
     </span>
     <span class='ocr_line' id='line_1_8' title="bbox 178 1122 1412 1206; baseline 0.001 -19"><span class='ocrx_word' id='word_1_41' title='bbox 178 1123 227 1187; x_wconf 89' lang='lat' dir='ltr'><strong>ita</strong></span> <span class='ocrx_word' id='word_1_42' title='bbox 251 1127 459 1206; x_wconf 79' lang='lat' dir='ltr'><strong>comparatae</strong></span> <span class='ocrx_word' id='word_1_43' title='bbox 483 1129 569 1205; x_wconf 90' lang='lat' dir='ltr'><strong>sunt,</strong></span> <span class='ocrx_word' id='word_1_44' title='bbox 597 1130 633 1186; x_wconf 90' lang='lat' dir='ltr'><strong>ut</strong></span> <span class='ocrx_word' id='word_1_45' title='bbox 659 1122 748 1187; x_wconf 89' lang='lat' dir='ltr'><strong>nullo</strong></span> <span class='ocrx_word' id='word_1_46' title='bbox 779 1122 874 1187; x_wconf 94' lang='lat' dir='ltr'><strong>modo</strong></span> <span class='ocrx_word' id='word_1_47' title='bbox 909 1143 949 1189; x_wconf 84' lang='lat' dir='ltr'><strong>ex</strong></span> <span class='ocrx_word' id='word_1_48' title='bbox 982 1123 1185 1189; x_wconf 83' lang='lat' dir='ltr'><strong>librariorum</strong></span> <span class='ocrx_word' id='word_1_49' title='bbox 1218 1123 1412 1189; x_wconf 89' lang='lat' dir='ltr'><strong>coniecturis</strong></span> 
     </span>
     <span class='ocr_line' id='line_1_9' title="bbox 178 1227 1411 1314; baseline 0 -20"><span class='ocrx_word' id='word_1_50' title='bbox 178 1235 273 1294; x_wconf 88' lang='lat' dir='ltr'><strong>ortae</strong></span> <span class='ocrx_word' id='word_1_51' title='bbox 297 1248 369 1294; x_wconf 87' lang='lat' dir='ltr'><strong>esse</strong></span> <span class='ocrx_word' id='word_1_52' title='bbox 392 1228 528 1314; x_wconf 82' lang='lat' dir='ltr'><strong>possint.</strong></span> <span class='ocrx_word' id='word_1_53' title='bbox 574 1248 649 1294; x_wconf 90' lang='lat' dir='ltr'><strong>nam</strong></span> <span class='ocrx_word' id='word_1_54' title='bbox 677 1227 809 1294; x_wconf 89' lang='lat' dir='ltr'><strong>tandem</strong></span> <span class='ocrx_word' id='word_1_55' title='bbox 837 1229 1013 1312; x_wconf 88' lang='lat' dir='ltr'><strong>aliquando</strong></span> <span class='ocrx_word' id='word_1_56' title='bbox 1047 1228 1229 1296; x_wconf 90' lang='lat' dir='ltr'><strong>deserenda</strong></span> <span class='ocrx_word' id='word_1_57' title='bbox 1262 1237 1312 1295; x_wconf 93' lang='lat' dir='ltr'><strong>est</strong></span> <span class='ocrx_word' id='word_1_58' title='bbox 1340 1250 1411 1314; x_wconf 91' lang='lat' dir='ltr'><strong>per-</strong></span> 
     </span>
     <span class='ocr_line' id='line_1_10' title="bbox 177 1335 1410 1420; baseline 0.001 -21"><span class='ocrx_word' id='word_1_59' title='bbox 177 1355 276 1402; x_wconf 90' lang='lat' dir='ltr'><strong>versa</strong></span> <span class='ocrx_word' id='word_1_60' title='bbox 290 1335 347 1399; x_wconf 92' lang='lat' dir='ltr'><strong>illa</strong></span> <span class='ocrx_word' id='word_1_61' title='bbox 362 1335 470 1419; x_wconf 92' lang='lat' dir='ltr'><strong>opinio</strong></span> <span class='ocrx_word' id='word_1_62' title='bbox 495 1342 527 1400; x_wconf 92' lang='lat' dir='ltr'><strong>et</strong></span> <span class='ocrx_word' id='word_1_63' title='bbox 550 1335 592 1400; x_wconf 95' lang='lat' dir='ltr'><strong>ab</strong></span> <span class='ocrx_word' id='word_1_64' title='bbox 615 1335 656 1401; x_wconf 92' lang='lat' dir='ltr'><strong>iis</strong></span> <span class='ocrx_word' id='word_1_65' title='bbox 680 1343 813 1419; x_wconf 86' lang='lat' dir='ltr'><strong>tantum,</strong></span> <span class='ocrx_word' id='word_1_66' title='bbox 838 1336 892 1418; x_wconf 90' lang='lat' dir='ltr'><strong>qui</strong></span> <span class='ocrx_word' id='word_1_67' title='bbox 916 1336 1022 1420; x_wconf 88' lang='lat' dir='ltr'><strong>magis</strong></span> <span class='ocrx_word' id='word_1_68' title='bbox 1046 1336 1158 1420; x_wconf 89' lang='lat' dir='ltr'><strong>critici,</strong></span> <span class='ocrx_word' id='word_1_69' title='bbox 1174 1355 1268 1420; x_wconf 90' lang='lat' dir='ltr'><strong>quem</strong></span> <span class='ocrx_word' id='word_1_70' title='bbox 1283 1345 1410 1418; x_wconf 86' lang='lat' dir='ltr'><strong>vocant,</strong></span> 
     </span>
     <span class='ocr_line' id='line_1_11' title="bbox 178 1441 1410 1527; baseline 0.002 -21"><span class='ocrx_word' id='word_1_71' title='bbox 178 1448 359 1526; x_wconf 90' lang='lat' dir='ltr'><strong>apparatus</strong></span> <span class='ocrx_word' id='word_1_72' title='bbox 393 1441 615 1506; x_wconf 85' lang='lat' dir='ltr'><strong>commoditati</strong></span> <span class='ocrx_word' id='word_1_73' title='bbox 647 1463 744 1525; x_wconf 90' lang='lat' dir='ltr'><strong>quam</strong></span> <span class='ocrx_word' id='word_1_74' title='bbox 777 1443 944 1527; x_wconf 90' lang='lat' dir='ltr'><strong>scriptoris</strong></span> <span class='ocrx_word' id='word_1_75' title='bbox 978 1443 1197 1509; x_wconf 89' lang='lat' dir='ltr'><strong>emendationi</strong></span> <span class='ocrx_word' id='word_1_76' title='bbox 1230 1443 1410 1527; x_wconf 90' lang='lat' dir='ltr'><strong>consulunt,</strong></span> 
     </span>
     <span class='ocr_line' id='line_1_12' title="bbox 178 1549 1412 1634; baseline 0.001 -20"><span class='ocrx_word' id='word_1_77' title='bbox 178 1550 390 1634; x_wconf 89' lang='lat' dir='ltr'><strong>comprobata</strong></span> <span class='ocrx_word' id='word_1_78' title='bbox 418 1549 507 1615; x_wconf 92' lang='lat' dir='ltr'><strong>locos</strong></span> <span class='ocrx_word' id='word_1_79' title='bbox 539 1557 706 1634; x_wconf 88' lang='lat' dir='ltr'><strong>corruptos</strong></span> <span class='ocrx_word' id='word_1_80' title='bbox 739 1551 780 1615; x_wconf 92' lang='lat' dir='ltr'><strong>ab</strong></span> <span class='ocrx_word' id='word_1_81' title='bbox 812 1551 1079 1618; x_wconf 82' lang='lat' dir='ltr'><strong>homuncionibus</strong></span> <span class='ocrx_word' id='word_1_82' title='bbox 1111 1551 1243 1633; x_wconf 81' lang='lat' dir='ltr'><strong>linguae</strong></span> <span class='ocrx_word' id='word_1_83' title='bbox 1272 1551 1412 1616; x_wconf 84' lang='lat' dir='ltr'><strong>Latinae</strong></span> 
     </span>
     <span class='ocr_line' id='line_1_13' title="bbox 178 1655 1412 1742; baseline 0 -22"><span class='ocrx_word' id='word_1_84' title='bbox 178 1662 238 1720; x_wconf 92' lang='lat' dir='ltr'><strong>aut</strong></span> <span class='ocrx_word' id='word_1_85' title='bbox 260 1655 350 1720; x_wconf 91' lang='lat' dir='ltr'><strong>nulla</strong></span> <span class='ocrx_word' id='word_1_86' title='bbox 378 1662 435 1720; x_wconf 89' lang='lat' dir='ltr'><strong>aut</strong></span> <span class='ocrx_word' id='word_1_87' title='bbox 462 1676 619 1742; x_wconf 88' lang='lat' dir='ltr'><strong>perquam</strong></span> <span class='ocrx_word' id='word_1_88' title='bbox 652 1657 770 1739; x_wconf 86' lang='lat' dir='ltr'><strong>exigua</strong></span> <span class='ocrx_word' id='word_1_89' title='bbox 803 1657 988 1740; x_wconf 82' lang='lat' dir='ltr'><strong>cognitione</strong></span> <span class='ocrx_word' id='word_1_90' title='bbox 1020 1657 1151 1723; x_wconf 89' lang='lat' dir='ltr'><strong>imbutis</strong></span> <span class='ocrx_word' id='word_1_91' title='bbox 1187 1656 1315 1740; x_wconf 90' lang='lat' dir='ltr'><strong>eadem,</strong></span> <span class='ocrx_word' id='word_1_92' title='bbox 1347 1677 1412 1740; x_wconf 90' lang='lat' dir='ltr'><strong>qua</strong></span> 
     </span>
     <span class='ocr_line' id='line_1_14' title="bbox 179 1763 1411 1850; baseline 0.001 -22"><span class='ocrx_word' id='word_1_93' title='bbox 179 1764 296 1828; x_wconf 91' lang='lat' dir='ltr'><strong>summi</strong></span> <span class='ocrx_word' id='word_1_94' title='bbox 328 1763 486 1849; x_wconf 85' lang='lat' dir='ltr'><strong>philologi</strong></span> <span class='ocrx_word' id='word_1_95' title='bbox 518 1765 569 1831; x_wconf 92' lang='lat' dir='ltr'><strong>usi</strong></span> <span class='ocrx_word' id='word_1_96' title='bbox 602 1765 678 1849; x_wconf 90' lang='lat' dir='ltr'><strong>sint,</strong></span> <span class='ocrx_word' id='word_1_97' title='bbox 717 1765 901 1848; x_wconf 87' lang='lat' dir='ltr'><strong>sagacitate</strong></span> <span class='ocrx_word' id='word_1_98' title='bbox 934 1773 966 1831; x_wconf 90' lang='lat' dir='ltr'><strong>et</strong></span> <span class='ocrx_word' id='word_1_99' title='bbox 998 1766 1078 1832; x_wconf 89' lang='lat' dir='ltr'><strong>artis</strong></span> <span class='ocrx_word' id='word_1_100' title='bbox 1112 1765 1411 1850; x_wconf 84' lang='lat' dir='ltr'><strong>palaeographicae</strong></span> 
     </span>
     <span class='ocr_line' id='line_1_15' title="bbox 179 1871 1411 1957; baseline -0.001 -21"><span class='ocrx_word' id='word_1_101' title='bbox 179 1871 299 1955; x_wconf 87' lang='lat' dir='ltr'><strong>peritia</strong></span> <span class='ocrx_word' id='word_1_102' title='bbox 317 1871 350 1934; x_wconf 92' lang='lat' dir='ltr'><strong>in</strong></span> <span class='ocrx_word' id='word_1_103' title='bbox 370 1872 530 1954; x_wconf 88' lang='lat' dir='ltr'><strong>integrum</strong></span> <span class='ocrx_word' id='word_1_104' title='bbox 551 1872 719 1938; x_wconf 91' lang='lat' dir='ltr'><strong>restitutos</strong></span> <span class='ocrx_word' id='word_1_105' title='bbox 734 1891 816 1938; x_wconf 90' lang='lat' dir='ltr'><strong>esse.</strong></span> <span class='ocrx_word' id='word_1_106' title='bbox 849 1892 1044 1956; x_wconf 90' lang='lat' dir='ltr'><strong>quamquam</strong></span> <span class='ocrx_word' id='word_1_107' title='bbox 1067 1880 1175 1938; x_wconf 87' lang='lat' dir='ltr'><strong>autem</strong></span> <span class='ocrx_word' id='word_1_108' title='bbox 1198 1871 1268 1938; x_wconf 88' lang='lat' dir='ltr'><strong>fieri</strong></span> <span class='ocrx_word' id='word_1_109' title='bbox 1292 1879 1411 1957; x_wconf 90' lang='lat' dir='ltr'><strong>potest,</strong></span> 
     </span>
     <span class='ocr_line' id='line_1_16' title="bbox 179 1978 1410 2062; baseline 0 -20"><span class='ocrx_word' id='word_1_110' title='bbox 179 1985 215 2042; x_wconf 89' lang='lat' dir='ltr'><strong>ut</strong></span> <span class='ocrx_word' id='word_1_111' title='bbox 238 1978 322 2043; x_wconf 90' lang='lat' dir='ltr'><strong>inter</strong></span> <span class='ocrx_word' id='word_1_112' title='bbox 344 1978 525 2062; x_wconf 85' lang='lat' dir='ltr'><strong>peculiares</strong></span> <span class='ocrx_word' id='word_1_113' title='bbox 548 1978 675 2043; x_wconf 90' lang='lat' dir='ltr'><strong>illorum</strong></span> <span class='ocrx_word' id='word_1_114' title='bbox 698 1978 851 2043; x_wconf 91' lang='lat' dir='ltr'><strong>librorum</strong></span> <span class='ocrx_word' id='word_1_115' title='bbox 879 1979 1036 2046; x_wconf 90' lang='lat' dir='ltr'><strong>lectiones</strong></span> <span class='ocrx_word' id='word_1_116' title='bbox 1065 1979 1228 2062; x_wconf 87' lang='lat' dir='ltr'><strong>quaedam</strong></span> <span class='ocrx_word' id='word_1_117' title='bbox 1257 1985 1366 2044; x_wconf 82' lang='lat' dir='ltr'><strong>extent</strong></span> <span class='ocrx_word' id='word_1_118' title='bbox 1390 1999 1410 2042; x_wconf 88' lang='lat' dir='ltr'><strong>a</strong></span> 
     </span>
     <span class='ocr_line' id='line_1_17' title="bbox 179 2083 1411 2169; baseline 0.001 -22"><span class='ocrx_word' id='word_1_119' title='bbox 179 2083 259 2150; x_wconf 92' lang='lat' dir='ltr'><strong>viris</strong></span> <span class='ocrx_word' id='word_1_120' title='bbox 284 2084 418 2150; x_wconf 90' lang='lat' dir='ltr'><strong>eruditis</strong></span> <span class='ocrx_word' id='word_1_121' title='bbox 440 2085 580 2150; x_wconf 85' lang='lat' dir='ltr'><strong>maxime</strong></span> <span class='ocrx_word' id='word_1_122' title='bbox 604 2085 697 2150; x_wconf 92' lang='lat' dir='ltr'><strong>Italis</strong></span> <span class='ocrx_word' id='word_1_123' title='bbox 717 2085 895 2150; x_wconf 90' lang='lat' dir='ltr'><strong>litterarum</strong></span> <span class='ocrx_word' id='word_1_124' title='bbox 911 2106 995 2169; x_wconf 88' lang='lat' dir='ltr'><strong>quae</strong></span> <span class='ocrx_word' id='word_1_125' title='bbox 1011 2085 1159 2151; x_wconf 87' lang='lat' dir='ltr'><strong>dicuntur</strong></span> <span class='ocrx_word' id='word_1_126' title='bbox 1173 2085 1411 2152; x_wconf 89' lang='lat' dir='ltr'><strong>renascentium</strong></span> 
     </span>
     <span class='ocr_line' id='line_1_18' title="bbox 180 2191 1412 2277; baseline 0.002 -23"><span class='ocrx_word' id='word_1_127' title='bbox 180 2197 291 2256; x_wconf 88' lang='lat' dir='ltr'><strong>aetate</strong></span> <span class='ocrx_word' id='word_1_128' title='bbox 328 2198 490 2277; x_wconf 89' lang='lat' dir='ltr'><strong>repertae,</strong></span> <span class='ocrx_word' id='word_1_129' title='bbox 526 2197 635 2258; x_wconf 90' lang='lat' dir='ltr'><strong>tamen</strong></span> <span class='ocrx_word' id='word_1_130' title='bbox 666 2192 728 2258; x_wconf 93' lang='lat' dir='ltr'><strong>hos</strong></span> <span class='ocrx_word' id='word_1_131' title='bbox 760 2192 1005 2258; x_wconf 82' lang='lat' dir='ltr'><strong>violentioribus</strong></span> <span class='ocrx_word' id='word_1_132' title='bbox 1038 2192 1227 2277; x_wconf 91' lang='lat' dir='ltr'><strong>plerumque</strong></span> <span class='ocrx_word' id='word_1_133' title='bbox 1260 2191 1412 2258; x_wconf 87' lang='lat' dir='ltr'><strong>remediis</strong></span> 
     </span>
     <span class='ocr_line' id='line_1_19' title="bbox 181 2299 1412 2383; baseline 0.001 -20"><span class='ocrx_word' id='word_1_134' title='bbox 181 2317 259 2362; x_wconf 91' lang='lat' dir='ltr'><strong>usos</strong></span> <span class='ocrx_word' id='word_1_135' title='bbox 288 2317 361 2364; x_wconf 91' lang='lat' dir='ltr'><strong>esse</strong></span> <span class='ocrx_word' id='word_1_136' title='bbox 394 2307 426 2364; x_wconf 86' lang='lat' dir='ltr'><strong>et</strong></span> <span class='ocrx_word' id='word_1_137' title='bbox 449 2299 556 2383; x_wconf 92' lang='lat' dir='ltr'><strong>poetis</strong></span> <span class='ocrx_word' id='word_1_138' title='bbox 583 2299 689 2383; x_wconf 89' lang='lat' dir='ltr'><strong>magis</strong></span> <span class='ocrx_word' id='word_1_139' title='bbox 718 2319 815 2381; x_wconf 89' lang='lat' dir='ltr'><strong>quam</strong></span> <span class='ocrx_word' id='word_1_140' title='bbox 843 2306 1019 2382; x_wconf 87' lang='lat' dir='ltr'><strong>argenteae</strong></span> <span class='ocrx_word' id='word_1_141' title='bbox 1047 2299 1167 2364; x_wconf 90' lang='lat' dir='ltr'><strong>aetatis</strong></span> <span class='ocrx_word' id='word_1_142' title='bbox 1202 2299 1412 2383; x_wconf 87' lang='lat' dir='ltr'><strong>scriptoribus</strong></span> 
     </span>
     <span class='ocr_line' id='line_1_20' title="bbox 180 2403 1414 2491; baseline 0.002 -23"><span class='ocrx_word' id='word_1_143' title='bbox 180 2423 314 2488; x_wconf 88' lang='lat' dir='ltr'><strong>operam</strong></span> <span class='ocrx_word' id='word_1_144' title='bbox 346 2403 479 2472; x_wconf 88' lang='lat' dir='ltr'><strong>dedisse</strong></span> <span class='ocrx_word' id='word_1_145' title='bbox 510 2413 620 2470; x_wconf 90' lang='lat' dir='ltr'><strong>notum</strong></span> <span class='ocrx_word' id='word_1_146' title='bbox 658 2413 717 2473; x_wconf 93' lang='lat' dir='ltr'><strong>est.</strong></span> <span class='ocrx_word' id='word_1_147' title='bbox 791 2405 927 2491; x_wconf 80' lang='lat' dir='ltr'><strong>accedit,</strong></span> <span class='ocrx_word' id='word_1_148' title='bbox 967 2405 1053 2489; x_wconf 93' lang='lat' dir='ltr'><strong>quod</strong></span> <span class='ocrx_word' id='word_1_149' title='bbox 1095 2405 1156 2470; x_wconf 87' lang='lat' dir='ltr'><strong>hae</strong></span> <span class='ocrx_word' id='word_1_150' title='bbox 1199 2406 1414 2472; x_wconf 89' lang='lat' dir='ltr'><strong>correctiones</strong></span> 
     </span>
     <span class='ocr_line' id='line_1_21' title="bbox 181 2510 1414 2596; baseline 0.002 -21"><span class='ocrx_word' id='word_1_151' title='bbox 181 2510 215 2576; x_wconf 92' lang='lat' dir='ltr'><strong>in</strong></span> <span class='ocrx_word' id='word_1_152' title='bbox 261 2511 409 2578; x_wconf 82' lang='lat' dir='ltr'><strong>exeuntis</strong></span> <span class='ocrx_word' id='word_1_153' title='bbox 460 2511 587 2577; x_wconf 90' lang='lat' dir='ltr'><strong>demum</strong></span> <span class='ocrx_word' id='word_1_154' title='bbox 634 2513 756 2578; x_wconf 90' lang='lat' dir='ltr'><strong>saeculi</strong></span> <span class='ocrx_word' id='word_1_155' title='bbox 802 2513 879 2577; x_wconf 89' lang='lat' dir='ltr'><strong>XIV</strong></span> <span class='ocrx_word' id='word_1_156' title='bbox 924 2514 1015 2579; x_wconf 90' lang='lat' dir='ltr'><strong>libris</strong></span> <span class='ocrx_word' id='word_1_157' title='bbox 1061 2513 1295 2596; x_wconf 81' lang='lat' dir='ltr'><strong>frequentiores</strong></span> <span class='ocrx_word' id='word_1_158' title='bbox 1341 2532 1414 2578; x_wconf 91' lang='lat' dir='ltr'><strong>esse</strong></span> 
     </span>
     <span class='ocr_line' id='line_1_22' title="bbox 181 2617 1411 2704; baseline 0 -22"><span class='ocrx_word' id='word_1_159' title='bbox 181 2617 287 2683; x_wconf 91' lang='lat' dir='ltr'><strong>solent</strong></span> <span class='ocrx_word' id='word_1_160' title='bbox 311 2625 343 2684; x_wconf 91' lang='lat' dir='ltr'><strong>et</strong></span> <span class='ocrx_word' id='word_1_161' title='bbox 366 2639 387 2684; x_wconf 88' lang='lat' dir='ltr'><strong>a</strong></span> <span class='ocrx_word' id='word_1_162' title='bbox 410 2619 559 2702; x_wconf 88' lang='lat' dir='ltr'><strong>genuinis</strong></span> <span class='ocrx_word' id='word_1_163' title='bbox 584 2627 615 2685; x_wconf 92' lang='lat' dir='ltr'><strong>et</strong></span> <span class='ocrx_word' id='word_1_164' title='bbox 639 2639 697 2704; x_wconf 90' lang='lat' dir='ltr'><strong>per</strong></span> <span class='ocrx_word' id='word_1_165' title='bbox 726 2619 928 2685; x_wconf 89' lang='lat' dir='ltr'><strong>sacculorum</strong></span> <span class='ocrx_word' id='word_1_166' title='bbox 957 2619 1127 2686; x_wconf 90' lang='lat' dir='ltr'><strong>decursum</strong></span> <span class='ocrx_word' id='word_1_167' title='bbox 1156 2618 1286 2685; x_wconf 90' lang='lat' dir='ltr'><strong>traditis</strong></span> <span class='ocrx_word' id='word_1_168' title='bbox 1311 2619 1411 2704; x_wconf 91' lang='lat' dir='ltr'><strong>scrip-</strong></span> 
     </span>
     <span class='ocr_line' id='line_1_23' title="bbox 181 2721 1413 2811; baseline 0 -22"><span class='ocrx_word' id='word_1_169' title='bbox 181 2725 271 2808; x_wconf 89' lang='lat' dir='ltr'><strong>turis,</strong></span> <span class='ocrx_word' id='word_1_170' title='bbox 295 2721 429 2809; x_wconf 75' lang='lat' dir='ltr'><strong>quarum</strong></span> <span class='ocrx_word' id='word_1_171' title='bbox 452 2724 540 2791; x_wconf 86' lang='lat' dir='ltr'><strong>haud</strong></span> <span class='ocrx_word' id='word_1_172' title='bbox 563 2745 688 2810; x_wconf 88' lang='lat' dir='ltr'><strong>paucas</strong></span> <span class='ocrx_word' id='word_1_173' title='bbox 712 2726 900 2792; x_wconf 90' lang='lat' dir='ltr'><strong>coniciendo</strong></span> <span class='ocrx_word' id='word_1_174' title='bbox 924 2727 978 2790; x_wconf 85' lang='lat' dir='ltr'><strong>vix</strong></span> <span class='ocrx_word' id='word_1_175' title='bbox 1001 2746 1142 2808; x_wconf 89' lang='lat' dir='ltr'><strong>unquam</strong></span> <span class='ocrx_word' id='word_1_176' title='bbox 1166 2726 1319 2811; x_wconf 85' lang='lat' dir='ltr'><strong>reperias,</strong></span> <span class='ocrx_word' id='word_1_177' title='bbox 1349 2745 1413 2790; x_wconf 89' lang='lat' dir='ltr'><strong>non</strong></span> 
     </span>
     <span class='ocr_line' id='line_1_24' title="bbox 182 2831 1413 2900; baseline 0.001 -5"><span class='ocrx_word' id='word_1_178' title='bbox 182 2831 276 2898; x_wconf 91' lang='lat' dir='ltr'><strong>nimis</strong></span> <span class='ocrx_word' id='word_1_179' title='bbox 309 2831 442 2898; x_wconf 88' lang='lat' dir='ltr'><strong>difficile</strong></span> <span class='ocrx_word' id='word_1_180' title='bbox 474 2833 706 2900; x_wconf 89' lang='lat' dir='ltr'><strong>discernuntur.</strong></span> <span class='ocrx_word' id='word_1_181' title='bbox 766 2834 920 2898; x_wconf 90' lang='lat' dir='ltr'><strong>maiorem</strong></span> <span class='ocrx_word' id='word_1_182' title='bbox 951 2853 1027 2898; x_wconf 82' lang='lat' dir='ltr'><strong>vero</strong></span> <span class='ocrx_word' id='word_1_183' title='bbox 1062 2833 1159 2898; x_wconf 89' lang='lat' dir='ltr'><strong>etiam</strong></span> <span class='ocrx_word' id='word_1_184' title='bbox 1197 2853 1237 2896; x_wconf 86' lang='lat' dir='ltr'><strong>ex</strong></span> <span class='ocrx_word' id='word_1_185' title='bbox 1270 2831 1413 2897; x_wconf 84' lang='lat' dir='ltr'><strong>Fickerti</strong></span> 
     </span>
     <span class='ocr_line' id='line_1_25' title="bbox 180 2937 1415 3024; baseline 0.001 -21"><span class='ocrx_word' id='word_1_186' title='bbox 180 2937 348 3004; x_wconf 91' lang='lat' dir='ltr'><strong>codicibus</strong></span> <span class='ocrx_word' id='word_1_187' title='bbox 364 2939 500 3004; x_wconf 90' lang='lat' dir='ltr'><strong>fructum</strong></span> <span class='ocrx_word' id='word_1_188' title='bbox 516 2959 714 3024; x_wconf 87' lang='lat' dir='ltr'><strong>caperemus,</strong></span> <span class='ocrx_word' id='word_1_189' title='bbox 730 2941 758 3005; x_wconf 91' lang='lat' dir='ltr'><strong>si</strong></span> <span class='ocrx_word' id='word_1_190' title='bbox 773 2948 903 3024; x_wconf 89' lang='lat' dir='ltr'><strong>praeter</strong></span> <span class='ocrx_word' id='word_1_191' title='bbox 913 2941 940 3004; x_wconf 91' lang='lat' dir='ltr'><strong>A</strong></span> <span class='ocrx_word' id='word_1_192' title='bbox 952 2939 1082 3005; x_wconf 89' lang='lat' dir='ltr'><strong>saeculo</strong></span> <span class='ocrx_word' id='word_1_193' title='bbox 1093 2940 1170 3004; x_wconf 90' lang='lat' dir='ltr'><strong>XIV</strong></span> <span class='ocrx_word' id='word_1_194' title='bbox 1185 2939 1415 3004; x_wconf 89' lang='lat' dir='ltr'><strong>vetustioribus</strong></span> 
     </span>
     <span class='ocr_line' id='line_1_26' title="bbox 182 3044 1413 3130; baseline 0 -20"><span class='ocrx_word' id='word_1_195' title='bbox 182 3046 230 3110; x_wconf 90' lang='lat' dir='ltr'><strong>uti</strong></span> <span class='ocrx_word' id='word_1_196' title='bbox 268 3044 298 3110; x_wconf 94' lang='lat' dir='ltr'><strong>ei</strong></span> <span class='ocrx_word' id='word_1_197' title='bbox 330 3045 476 3111; x_wconf 91' lang='lat' dir='ltr'><strong>licuisset</strong></span> <span class='ocrx_word' id='word_1_198' title='bbox 508 3067 612 3128; x_wconf 90' lang='lat' dir='ltr'><strong>neque</strong></span> <span class='ocrx_word' id='word_1_199' title='bbox 640 3065 749 3112; x_wconf 90' lang='lat' dir='ltr'><strong>eorum</strong></span> <span class='ocrx_word' id='word_1_200' title='bbox 787 3047 964 3130; x_wconf 89' lang='lat' dir='ltr'><strong>scripturas</strong></span> <span class='ocrx_word' id='word_1_201' title='bbox 1002 3045 1213 3130; x_wconf 89' lang='lat' dir='ltr'><strong>neglegenter</strong></span> <span class='ocrx_word' id='word_1_202' title='bbox 1241 3055 1413 3130; x_wconf 85' lang='lat' dir='ltr'><strong>excerptas</strong></span> 
     </span>
     <span class='ocr_line' id='line_1_27' title="bbox 183 3151 584 3235; baseline 0.007 -20"><span class='ocrx_word' id='word_1_203' title='bbox 183 3151 394 3235; x_wconf 86' lang='lat' dir='ltr'><strong>neglegenter</strong></span> <span class='ocrx_word' id='word_1_204' title='bbox 417 3151 584 3218; x_wconf 90' lang='lat' dir='ltr'><strong>edidisset.</strong></span> 
     </span>
    </p>

    <p class='ocr_par' dir='ltr' id='par_1_5' title="bbox 183 3257 1415 3878">
     <span class='ocr_line' id='line_1_28' title="bbox 273 3257 1413 3343; baseline 0 -19"><span class='ocrx_word' id='word_1_205' title='bbox 273 3259 324 3324; x_wconf 93' lang='lat' dir='ltr'><strong>cui</strong></span> <span class='ocrx_word' id='word_1_206' title='bbox 348 3259 549 3324; x_wconf 91' lang='lat' dir='ltr'><strong>incommodo</strong></span> <span class='ocrx_word' id='word_1_207' title='bbox 572 3259 638 3323; x_wconf 90' lang='lat' dir='ltr'><strong>iam</strong></span> <span class='ocrx_word' id='word_1_208' title='bbox 661 3258 772 3342; x_wconf 87' lang='lat' dir='ltr'><strong>aliqua</strong></span> <span class='ocrx_word' id='word_1_209' title='bbox 795 3279 835 3324; x_wconf 83' lang='lat' dir='ltr'><strong>ex</strong></span> <span class='ocrx_word' id='word_1_210' title='bbox 858 3265 951 3343; x_wconf 89' lang='lat' dir='ltr'><strong>parte</strong></span> <span class='ocrx_word' id='word_1_211' title='bbox 975 3257 1097 3324; x_wconf 90' lang='lat' dir='ltr'><strong>mederi</strong></span> <span class='ocrx_word' id='word_1_212' title='bbox 1126 3279 1258 3343; x_wconf 90' lang='lat' dir='ltr'><strong>possum</strong></span> <span class='ocrx_word' id='word_1_213' title='bbox 1283 3260 1413 3324; x_wconf 90' lang='lat' dir='ltr'><strong>invento</strong></span> 
     </span>
     <span class='ocr_line' id='line_1_29' title="bbox 183 3365 1414 3447; baseline 0.002 -17"><span class='ocrx_word' id='word_1_214' title='bbox 183 3365 296 3431; x_wconf 92' lang='lat' dir='ltr'><strong>codice</strong></span> <span class='ocrx_word' id='word_1_215' title='bbox 319 3365 535 3446; x_wconf 69' lang='lat' dir='ltr'><strong>Plarisino)</strong></span> <span class='ocrx_word' id='word_1_216' title='bbox 565 3365 830 3431; x_wconf 89' lang='lat' dir='ltr'><strong>bibliothecae</strong></span> <span class='ocrx_word' id='word_1_217' title='bbox 858 3365 1075 3430; x_wconf 88' lang='lat' dir='ltr'><strong>nationalis</strong></span> <span class='ocrx_word' id='word_1_218' title='bbox 1107 3369 1234 3432; x_wconf 80' lang='grc'><strong>15086</strong></span> <span class='ocrx_word' id='word_1_219' title='bbox 1268 3366 1357 3447; x_wconf 94' lang='lat' dir='ltr'><strong>(olim</strong></span> <span class='ocrx_word' id='word_1_220' title='bbox 1382 3368 1414 3432; x_wconf 82' lang='lat' dir='ltr'><strong>S.</strong></span> 
     </span>
     <span class='ocr_line' id='line_1_30' title="bbox 184 3471 1412 3557; baseline 0.001 -21"><span class='ocrx_word' id='word_1_221' title='bbox 184 3471 322 3538; x_wconf 89' lang='lat' dir='ltr'><strong>Victoris</strong></span> <span class='ocrx_word' id='word_1_222' title='bbox 348 3475 457 3549; x_wconf 74' lang='lat'>1102).</span> <span class='ocrx_word' id='word_1_223' title='bbox 505 3473 647 3538; x_wconf 91' lang='lat' dir='ltr'><strong>continet</strong></span> <span class='ocrx_word' id='word_1_224' title='bbox 669 3479 800 3557; x_wconf 87' lang='lat' dir='ltr'><strong>praeter</strong></span> <span class='ocrx_word' id='word_1_225' title='bbox 823 3472 889 3537; x_wconf 88' lang='lat' dir='ltr'><strong>alia</strong></span> <span class='ocrx_word' id='word_1_226' title='bbox 913 3471 1075 3555; x_wconf 90' lang='lat' dir='ltr'><strong>quaedam</strong></span> <span class='ocrx_word' id='word_1_227' title='bbox 1098 3472 1162 3535; x_wconf 90' lang='lat' dir='ltr'><strong>Xll</strong></span> <span class='ocrx_word' id='word_1_228' title='bbox 1186 3479 1218 3537; x_wconf 93' lang='lat' dir='ltr'><strong>et</strong></span> <span class='ocrx_word' id='word_1_229' title='bbox 1241 3472 1317 3536; x_wconf 89' lang='lat' dir='ltr'><strong>XIV</strong></span> <span class='ocrx_word' id='word_1_230' title='bbox 1340 3493 1412 3538; x_wconf 92' lang='lat' dir='ltr'><strong>sae-</strong></span> 
     </span>
     <span class='ocr_line' id='line_1_31' title="bbox 183 3578 1413 3664; baseline 0 -20"><span class='ocrx_word' id='word_1_231' title='bbox 183 3579 266 3646; x_wconf 92' lang='lat' dir='ltr'><strong>culis</strong></span> <span class='ocrx_word' id='word_1_232' title='bbox 291 3579 412 3664; x_wconf 83' lang='lat' dir='ltr'><strong>scripta</strong></span> <span class='ocrx_word' id='word_1_233' title='bbox 436 3579 468 3644; x_wconf 89' lang='lat' dir='ltr'><strong>in</strong></span> <span class='ocrx_word' id='word_1_234' title='bbox 483 3580 678 3646; x_wconf 89' lang='lat' dir='ltr'><strong>membranis</strong></span> <span class='ocrx_word' id='word_1_235' title='bbox 693 3579 824 3662; x_wconf 91' lang='lat' dir='ltr'><strong>formae,</strong></span> <span class='ocrx_word' id='word_1_236' title='bbox 849 3599 944 3662; x_wconf 89' lang='lat' dir='ltr'><strong>quam</strong></span> <span class='ocrx_word' id='word_1_237' title='bbox 969 3578 1114 3662; x_wconf 90' lang='lat' dir='ltr'><strong>dicimus,</strong></span> <span class='ocrx_word' id='word_1_238' title='bbox 1130 3586 1265 3643; x_wconf 85' lang='lat' dir='ltr'><strong>octavae</strong></span> <span class='ocrx_word' id='word_1_239' title='bbox 1282 3579 1413 3644; x_wconf 93' lang='lat' dir='ltr'><strong>saeculo</strong></span> 
     </span>
     <span class='ocr_line' id='line_1_32' title="bbox 184 3684 1414 3771; baseline 0 -21"><span class='ocrx_word' id='word_1_240' title='bbox 184 3686 311 3768; x_wconf 77' lang='lat' dir='ltr'>XIII¹⁶)</span> <span class='ocrx_word' id='word_1_241' title='bbox 337 3695 489 3753; x_wconf 82' lang='lat' dir='ltr'><strong>exaratos</strong></span> <span class='ocrx_word' id='word_1_242' title='bbox 512 3687 589 3752; x_wconf 91' lang='lat' dir='ltr'><strong>inde</strong></span> <span class='ocrx_word' id='word_1_243' title='bbox 613 3707 634 3751; x_wconf 94' lang='lat' dir='ltr'><strong>a</strong></span> <span class='ocrx_word' id='word_1_244' title='bbox 658 3686 735 3752; x_wconf 92' lang='lat' dir='ltr'><strong>folio</strong></span> <span class='ocrx_word' id='word_1_245' title='bbox 763 3689 824 3752; x_wconf 77' lang='lat'><strong>129</strong></span> <span class='ocrx_word' id='word_1_246' title='bbox 849 3686 949 3751; x_wconf 92' lang='lat' dir='ltr'><strong>libros</strong></span> <span class='ocrx_word' id='word_1_247' title='bbox 973 3684 1015 3750; x_wconf 91' lang='lat' dir='ltr'><strong>de</strong></span> <span class='ocrx_word' id='word_1_248' title='bbox 1037 3685 1251 3771; x_wconf 85' lang='lat' dir='ltr'><strong>providentia,</strong></span> <span class='ocrx_word' id='word_1_249' title='bbox 1276 3685 1317 3752; x_wconf 92' lang='lat' dir='ltr'><strong>de</strong></span> <span class='ocrx_word' id='word_1_250' title='bbox 1341 3707 1414 3751; x_wconf 91' lang='lat' dir='ltr'><strong>con-</strong></span> 
     </span>
     <span class='ocr_line' id='line_1_33' title="bbox 184 3791 1415 3878; baseline -0.002 -20"><span class='ocrx_word' id='word_1_251' title='bbox 184 3793 306 3860; x_wconf 87' lang='lat' dir='ltr'><strong>stantia</strong></span> <span class='ocrx_word' id='word_1_252' title='bbox 335 3793 507 3878; x_wconf 86' lang='lat' dir='ltr'><strong>sapientis,</strong></span> <span class='ocrx_word' id='word_1_253' title='bbox 539 3791 580 3860; x_wconf 94' lang='lat' dir='ltr'><strong>de</strong></span> <span class='ocrx_word' id='word_1_254' title='bbox 610 3795 659 3858; x_wconf 94' lang='lat' dir='ltr'><strong>ira</strong></span> <span class='ocrx_word' id='word_1_255' title='bbox 691 3793 790 3860; x_wconf 91' lang='lat' dir='ltr'><strong>libros</strong></span> <span class='ocrx_word' id='word_1_256' title='bbox 813 3793 829 3856; x_wconf 96' lang='lat'><em>1</em></span> <span class='ocrx_word' id='word_1_257' title='bbox 853 3801 885 3858; x_wconf 87' lang='lat' dir='ltr'><strong>et</strong></span> <span class='ocrx_word' id='word_1_258' title='bbox 908 3793 952 3875; x_wconf 89' lang='lat'><strong>11,</strong></span> <span class='ocrx_word' id='word_1_259' title='bbox 982 3792 1023 3857; x_wconf 91' lang='lat' dir='ltr'><strong>de</strong></span> <span class='ocrx_word' id='word_1_260' title='bbox 1046 3793 1281 3875; x_wconf 89' lang='lat' dir='ltr'><strong>tranquillitate</strong></span> <span class='ocrx_word' id='word_1_261' title='bbox 1306 3793 1415 3876; x_wconf 90' lang='lat' dir='ltr'><strong>animi,</strong></span> 
     </span>
    </p>
   </div>
   <div class='ocr_carea' id='block_1_5' title="bbox 185 4005 1417 4699">
    <p class='ocr_par' dir='ltr' id='par_1_6' title="bbox 278 4005 557 4076">
     <span class='ocr_line' id='line_1_34' title="bbox 278 4005 557 4076; baseline 0 -14"><span class='ocrx_word' id='word_1_262' title='bbox 278 4005 313 4074; x_wconf 72' lang='lat'><strong>¹⁶)</strong></span> <span class='ocrx_word' id='word_1_263' title='bbox 332 4026 358 4062; x_wconf 85' lang='lat' dir='ltr'><strong>r.</strong></span> <span class='ocrx_word' id='word_1_264' title='bbox 376 4008 450 4062; x_wconf 88' lang='lat' dir='ltr'><strong>infra</strong></span> <span class='ocrx_word' id='word_1_265' title='bbox 469 4026 495 4076; x_wconf 94' lang='lat' dir='ltr'><strong>p.</strong></span> <span class='ocrx_word' id='word_1_266' title='bbox 516 4009 557 4062; x_wconf 89' lang='grc'><strong>11.</strong></span> 
     </span>
    </p>

    <p class='ocr_par' dir='ltr' id='par_1_7' title="bbox 185 4095 1417 4699">
     <span class='ocr_line' id='line_1_35' title="bbox 279 4095 1416 4166; baseline 0 -16"><span class='ocrx_word' id='word_1_267' title='bbox 279 4095 314 4164; x_wconf 74' lang='lat'><strong>¹⁶)</strong></span> <span class='ocrx_word' id='word_1_268' title='bbox 334 4097 490 4151; x_wconf 86' lang='lat' dir='ltr'><strong>litterarum</strong></span> <span class='ocrx_word' id='word_1_269' title='bbox 528 4099 557 4152; x_wconf 86' lang='lat' dir='ltr'><strong>et</strong></span> <span class='ocrx_word' id='word_1_270' title='bbox 593 4097 816 4166; x_wconf 89' lang='lat' dir='ltr'><strong>compendiorum</strong></span> <span class='ocrx_word' id='word_1_271' title='bbox 849 4099 953 4150; x_wconf 81' lang='lat' dir='ltr'><strong>formae</strong></span> <span class='ocrx_word' id='word_1_272' title='bbox 989 4097 1044 4150; x_wconf 90' lang='lat' dir='ltr'><strong>fere</strong></span> <span class='ocrx_word' id='word_1_273' title='bbox 1081 4113 1142 4149; x_wconf 85' lang='lat' dir='ltr'><strong>oum</strong></span> <span class='ocrx_word' id='word_1_274' title='bbox 1181 4095 1215 4148; x_wconf 83' lang='lat' dir='ltr'><strong>iis</strong></span> <span class='ocrx_word' id='word_1_275' title='bbox 1252 4099 1416 4164; x_wconf 85' lang='lat' dir='ltr'><strong>congruunt,</strong></span> 
     </span>
     <span class='ocr_line' id='line_1_36' title="bbox 185 4183 1417 4254; baseline 0 -16"><span class='ocrx_word' id='word_1_276' title='bbox 185 4186 286 4254; x_wconf 88' lang='lat' dir='ltr'><strong>quibus</strong></span> <span class='ocrx_word' id='word_1_277' title='bbox 306 4188 433 4240; x_wconf 81' lang='lat' dir='ltr'><strong>chronica</strong></span> <span class='ocrx_word' id='word_1_278' title='bbox 455 4187 554 4252; x_wconf 78' lang='lat' dir='ltr'><strong>Cufuri</strong></span> <span class='ocrx_word' id='word_1_279' title='bbox 573 4189 688 4240; x_wconf 87' lang='lat' dir='ltr'><strong>exorata</strong></span> <span class='ocrx_word' id='word_1_280' title='bbox 706 4189 771 4239; x_wconf 87' lang='lat' dir='ltr'><strong>sunt</strong></span> <span class='ocrx_word' id='word_1_281' title='bbox 791 4184 900 4239; x_wconf 89' lang='lat' dir='ltr'><strong>saeculo</strong></span> <span class='ocrx_word' id='word_1_282' title='bbox 919 4185 984 4238; x_wconf 90' lang='lat' dir='ltr'><strong>XlIl</strong></span> <span class='ocrx_word' id='word_1_283' title='bbox 1004 4183 1155 4239; x_wconf 86' lang='lat' dir='ltr'><strong>certissime</strong></span> <span class='ocrx_word' id='word_1_284' title='bbox 1174 4183 1321 4238; x_wconf 85' lang='lat' dir='ltr'><strong>tribuenda</strong></span> <span class='ocrx_word' id='word_1_285' title='bbox 1340 4188 1368 4238; x_wconf 87' lang='lat' dir='ltr'><strong>et</strong></span> <span class='ocrx_word' id='word_1_286' title='bbox 1388 4185 1417 4238; x_wconf 88' lang='lat' dir='ltr'><strong>in</strong></span> 
     </span>
     <span class='ocr_line' id='line_1_37' title="bbox 187 4272 1416 4344; baseline -0.002 -16"><span class='ocrx_word' id='word_1_287' title='bbox 187 4274 293 4329; x_wconf 85' lang='lat' dir='ltr'><strong>scriniis</strong></span> <span class='ocrx_word' id='word_1_288' title='bbox 312 4275 496 4329; x_wconf 85' lang='lat' dir='ltr'><strong>bibliothecae</strong></span> <span class='ocrx_word' id='word_1_289' title='bbox 515 4274 666 4329; x_wconf 75' lang='lat' dir='ltr'><strong>sationalis</strong></span> <span class='ocrx_word' id='word_1_290' title='bbox 680 4274 753 4328; x_wconf 88' lang='lat' dir='ltr'><strong>vitro</strong></span> <span class='ocrx_word' id='word_1_291' title='bbox 768 4275 850 4328; x_wconf 86' lang='lat' dir='ltr'><strong>tectis</strong></span> <span class='ocrx_word' id='word_1_292' title='bbox 865 4274 989 4344; x_wconf 83' lang='lat' dir='ltr'><strong>exposita</strong></span> <span class='ocrx_word' id='word_1_293' title='bbox 1004 4273 1072 4338; x_wconf 90' lang='lat' dir='ltr'><strong>(cod.</strong></span> <span class='ocrx_word' id='word_1_294' title='bbox 1086 4273 1227 4326; x_wconf 84' lang='lat' dir='ltr'><strong>Parisinus</strong></span> <span class='ocrx_word' id='word_1_295' title='bbox 1238 4272 1297 4326; x_wconf 87' lang='lat' dir='ltr'><strong>Lat.</strong></span> <span class='ocrx_word' id='word_1_296' title='bbox 1310 4273 1416 4334; x_wconf 77' lang='grc'><strong>10136).</strong></span> 
     </span>
     <span class='ocr_line' id='line_1_38' title="bbox 187 4360 1417 4434; baseline -0.004 -15"><span class='ocrx_word' id='word_1_297' title='bbox 187 4364 318 4432; x_wconf 84' lang='lat' dir='ltr'><strong>quoniam</strong></span> <span class='ocrx_word' id='word_1_298' title='bbox 348 4363 436 4434; x_wconf 85' lang='lat' dir='ltr'><strong>igitur</strong></span> <span class='ocrx_word' id='word_1_299' title='bbox 463 4364 532 4417; x_wconf 83' lang='lat' dir='ltr'><strong>liber</strong></span> <span class='ocrx_word' id='word_1_300' title='bbox 556 4363 577 4416; x_wconf 90' lang='lat' dir='ltr'>P</span> <span class='ocrx_word' id='word_1_301' title='bbox 601 4364 635 4418; x_wconf 90' lang='lat' dir='ltr'><strong>ob</strong></span> <span class='ocrx_word' id='word_1_302' title='bbox 659 4363 779 4418; x_wconf 86' lang='lat' dir='ltr'><strong>rationes</strong></span> <span class='ocrx_word' id='word_1_303' title='bbox 802 4363 1048 4432; x_wconf 80' lang='lat' dir='ltr'><strong>palaeographicae</strong></span> <span class='ocrx_word' id='word_1_304' title='bbox 1072 4361 1171 4416; x_wconf 82' lang='lat' dir='ltr'><strong>ltaliae</strong></span> <span class='ocrx_word' id='word_1_305' title='bbox 1199 4360 1360 4416; x_wconf 85' lang='lat' dir='ltr'><strong>tribuendus</strong></span> <span class='ocrx_word' id='word_1_306' title='bbox 1389 4366 1417 4415; x_wconf 90' lang='lat' dir='ltr'><strong>et</strong></span> 
     </span>
     <span class='ocr_line' id='line_1_39' title="bbox 187 4449 1417 4520; baseline -0.003 -14"><span class='ocrx_word' id='word_1_307' title='bbox 187 4454 381 4508; x_wconf 88' lang='lat' dir='ltr'><strong>Ambrosianus</strong></span> <span class='ocrx_word' id='word_1_308' title='bbox 405 4451 507 4506; x_wconf 89' lang='lat' dir='ltr'><strong>ibidem</strong></span> <span class='ocrx_word' id='word_1_309' title='bbox 531 4455 659 4506; x_wconf 83' lang='lat' dir='ltr'><strong>exaratus</strong></span> <span class='ocrx_word' id='word_1_310' title='bbox 683 4456 724 4506; x_wconf 85' lang='lat' dir='ltr'><strong>est</strong></span> <span class='ocrx_word' id='word_1_311' title='bbox 743 4455 771 4506; x_wconf 88' lang='lat' dir='ltr'><strong>et</strong></span> <span class='ocrx_word' id='word_1_312' title='bbox 791 4452 892 4506; x_wconf 90' lang='lat' dir='ltr'><strong>Mureti</strong></span> <span class='ocrx_word' id='word_1_313' title='bbox 916 4451 1023 4505; x_wconf 86' lang='lat' dir='ltr'><strong>Siculus</strong></span> <span class='ocrx_word' id='word_1_314' title='bbox 1047 4450 1106 4520; x_wconf 88' lang='lat' dir='ltr'><strong>ipso</strong></span> <span class='ocrx_word' id='word_1_315' title='bbox 1138 4449 1248 4504; x_wconf 85' lang='lat' dir='ltr'><strong>nomine</strong></span> <span class='ocrx_word' id='word_1_316' title='bbox 1281 4449 1417 4518; x_wconf 89' lang='lat' dir='ltr'><strong>originem</strong></span> 
     </span>
     <span class='ocr_line' id='line_1_40' title="bbox 186 4537 1417 4609; baseline -0.005 -13"><span class='ocrx_word' id='word_1_317' title='bbox 186 4561 263 4597; x_wconf 86' lang='lat' dir='ltr'><strong>suam</strong></span> <span class='ocrx_word' id='word_1_318' title='bbox 295 4542 405 4595; x_wconf 86' lang='lat' dir='ltr'><strong>videtur</strong></span> <span class='ocrx_word' id='word_1_319' title='bbox 432 4541 566 4604; x_wconf 84' lang='lat' dir='ltr'><strong>indicare,</strong></span> <span class='ocrx_word' id='word_1_320' title='bbox 590 4541 655 4594; x_wconf 87' lang='lat' dir='ltr'><strong>huic</strong></span> <span class='ocrx_word' id='word_1_321' title='bbox 679 4545 766 4594; x_wconf 84' lang='lat' dir='ltr'><strong>terrae</strong></span> <span class='ocrx_word' id='word_1_322' title='bbox 791 4539 901 4594; x_wconf 86' lang='lat' dir='ltr'><strong>laudern</strong></span> <span class='ocrx_word' id='word_1_323' title='bbox 929 4539 1102 4609; x_wconf 83' lang='lat' dir='ltr'><strong>dialogorum</strong></span> <span class='ocrx_word' id='word_1_324' title='bbox 1130 4541 1302 4592; x_wconf 83' lang='lat' dir='ltr'><strong>servatorum</strong></span> <span class='ocrx_word' id='word_1_325' title='bbox 1328 4537 1417 4592; x_wconf 86' lang='lat' dir='ltr'><strong>vindi·</strong></span> 
     </span>
     <span class='ocr_line' id='line_1_41' title="bbox 186 4631 472 4699; baseline -0.007 -13"><span class='ocrx_word' id='word_1_326' title='bbox 186 4631 302 4686; x_wconf 87' lang='lat' dir='ltr'><strong>caudam</strong></span> <span class='ocrx_word' id='word_1_327' title='bbox 322 4647 378 4685; x_wconf 83' lang='lat' dir='ltr'><strong>esse</strong></span> <span class='ocrx_word' id='word_1_328' title='bbox 397 4633 472 4699; x_wconf 88' lang='lat' dir='ltr'><strong>puto.</strong></span> 
     </span>
    </p>
   </div>
   <div class='ocr_carea' id='block_1_6' title="bbox 0 0 1771 5244">
    <p class='ocr_par' dir='ltr' id='par_1_8' title="bbox 0 0 1771 5244">
     <span class='ocr_line' id='line_1_42' title="bbox 0 0 1771 5244; baseline 0 0"><span class='ocrx_word' id='word_1_329' title='bbox 0 0 1771 5244; x_wconf 95' lang='lat' dir='ltr'><strong> </strong></span> 
     </span>
    </p>
   </div>
  </div>
 </body>
</html>
