3634 5240
1062 398 1102 464 10

475 642 556 707 qnae
579 623 616 689 de
640 624 738 691 ductu
763 624 943 709 rhythmico
969 624 1002 690 in
1029 624 1107 691 libro
1132 623 1150 690 Ι
1178 625 1317 703 exstant,
1352 624 1432 691 fonti
1462 625 1489 688 A
1520 621 1705 704 relinquere

474 727 576 794 licere.
621 728 736 795 Levius
757 729 835 794 illud
858 731 916 807 est,
940 729 1023 812 qnod
1044 729 1078 794 in
1100 728 1172 794 libri
1193 729 1210 792 I
1231 729 1318 794 fonte
1342 729 1369 792 B
1391 726 1520 792 nomina
1542 744 1702 809 generum

472 833 720 916 rhythmicorum
732 835 807 898 sunt
820 824 858 897 τὸ
874 826 1072 911 δακτυλικόν,
1096 827 1135 898 τὸ
1151 825 1311 914 inplicatis,
1327 823 1365 896 τὸ
1381 824 1573 905 παιωνικόν,
1585 831 1702 894 contra

473 955 509 1000 so
531 936 603 1002 libri
624 935 658 1000 H
679 937 762 1013 loco,
796 956 891 1020 quem
914 936 1079 1020 Westphal
1108 935 1237 1000 fontiB
1265 935 1427 1012 attribuit,
1460 934 1492 998 in
1515 933 1702 1014 catalogum

472 1039 663 1122 recipiuntur
690 1041 842 1106 vocabule
867 1039 1043 1105 Aristoxeni
1065 1037 1230 1104 sollemnia
1262 1032 1293 1102 oi
1322 1033 1356 1103 ἓν
1386 1030 1451 1123 ἴσῳ
1478 1031 1574 1122 λόγῳ,
1603 1029 1636 1100 oi
1665 1030 1701 1098 ἐν

473 1133 612 1227 ἡμιολίῳ
632 1140 669 1219 λ.,
691 1136 722 1208 oi
747 1139 780 1207 ἐν
802 1138 972 1229 διπλασίῳ
994 1141 1022 1208 λ.
1066 1142 1199 1208 Gravius
1214 1142 1273 1206 hoe
1294 1145 1351 1220 est,
1374 1141 1458 1223 quod
1480 1140 1515 1216 is,
1538 1140 1592 1220 qni
1614 1141 1701 1202 arte-

471 1245 591 1309 riarum
609 1247 715 1311 motus
734 1265 806 1311 curn
817 1247 1037 1329 rhythmorum
1053 1246 1189 1310 motibus
1201 1244 1321 1309 confert
1337 1249 1379 1329 (p.
1392 1245 1433 1309 99
1444 1244 1532 1308 M:
1543 1242 1638 1319 60‚22
1649 1242 1699 1324 J),

472 1347 521 1411 vir
545 1347 685 1413 diversus
708 1349 804 1414 fuisse
826 1350 951 1414 videtur
972 1351 1012 1414 ab
1035 1368 1079 1427 eo,
1102 1349 1155 1431 qui
1183 1348 1216 1411 in
1245 1348 1339 1431 pulsu
1362 1349 1547 1432 rhythmum
1570 1347 1698 1409 exstare

472 1451 599 1534 scripsit
630 1455 672 1534 (p.
701 1453 740 1517 31
769 1453 803 1516 M
829 1479 872 1508 =
895 1453 988 1530 21,14
1013 1453 1063 1533 J);
1098 1452 1148 1516 hic
1175 1454 1282 1516 autern
1311 1453 1399 1517 loeus
1426 1451 1492 1535 ipse
1519 1448 1699 1513 secundum

471 1553 706 1638 Westphalinm
727 1555 867 1620 manavit
893 1574 930 1621 er
953 1556 1039 1620 fonte
1061 1558 1098 1620 A.
1121 1554 1219 1635 Quid,
1250 1555 1333 1637 quod
1365 1556 1432 1638 ipse
1463 1552 1631 1636 Westphal
1655 1552 1697 1617 ad

471 1657 566 1722 verba
586 1651 643 1723 τὸν
665 1649 822 1742 ἀριθμόν,
846 1654 883 1739 ἐξ
903 1643 941 1723 οὗ
962 1661 1133 1724 συνεστᾶσι
1164 1657 1209 1741 (p.
1232 1658 1273 1722 98
1294 1658 1329 1721 Μ
1349 1685 1393 1713 =
1415 1657 1507 1734 60,12
1528 1656 1564 1736 J)
1597 1656 1698 1720 inbar-

470 1760 623 1843 pretanda
654 1762 783 1827 adhibet
807 1763 911 1827 locum
939 1765 980 1846 (p.
1003 1763 1043 1825 41
1068 1762 1102 1826 Μ
1123 1787 1166 1817 =
1188 1763 1239 1838 27,
1263 1763 1282 1825 9
1303 1760 1349 1846 J),
1381 1779 1476 1843 quem
1497 1778 1534 1825 ex
1555 1759 1645 1825 fonte
1667 1763 1698 1824 A

470 1862 596 1929 fluxisse
619 1867 749 1930 censet?

555 1966 604 2045 Is,
639 1969 692 2051 qui
720 1968 829 2033 eodem
855 1968 920 2033 fere
944 1988 1004 2050 quo
1026 1967 1180 2032 Aristides
1203 1971 1343 2052 ternpore
1367 1966 1485 2032 librum
1507 1964 1545 2029 de
1567 1965 1697 2030 musica

470 2070 614 2149 confecit,
636 2071 1048 2148 Pseudo-Plutarchus,
1079 2071 1179 2155 ipsius
1202 2071 1377 2135 Aristoxeni
1401 2070 1518 2153 scripta
1538 2069 1585 2133 ita
1606 2087 1697 2133 com·

469 2172 588 2255 pilavit,
611 2178 647 2238 ut
661 2175 760 2240 altera
774 2175 914 2258 opusculi
935 2177 1023 2257 parte
1043 2174 1239 2239 contineatur
1264 2173 1423 2256 congeries
1438 2172 1696 2253 fragmentorum

468 2276 735 2343 Aristoxeniorum
758 2278 840 2359 (vide
862 2277 1093 2360 Westphalinm
1118 2279 1152 2342 in
1175 2279 1308 2343 editione
1330 2275 1510 2341 Plutarchei
1533 2274 1631 2339 libelli
1661 2278 1696 2339 et

467 2379 501 2442 in
522 2381 614 2445 Metr.
634 2381 668 2444 1²
691 2383 731 2444 55
755 2381 853 2465 sqq.);
877 2383 1016 2446 attamen
1038 2399 1102 2446 non
1123 2383 1189 2444 tam
1213 2382 1250 2445 de
1270 2381 1401 2462 singulis
1421 2378 1578 2463 rhythmis
1601 2397 1695 2461 prue-

465 2484 557 2565 cepta
578 2485 748 2568 proposuit,
772 2503 867 2568 quarn
890 2483 1048 2566 generalia
1070 2484 1224 2566 quaedam
1247 2484 1284 2550 de
1307 2501 1513 2549 numerorum
1526 2482 1557 2545 vi
1573 2481 1693 2546 docuit.

555 2586 645 2652 Circa
655 2587 741 2653 idem
757 2589 892 2672 tempus,
909 2606 969 2669 quo
985 2587 1138 2653 Aristides
1155 2591 1187 2651 et
1201 2586 1529 2652 Pseudo-Plutarchus
1544 2586 1692 2650 veterum

464 2686 502 2753 do
525 2689 647 2754 musica
668 2689 756 2756 libris
778 2690 987 2756 retractandis
1010 2693 1042 2754 et
1064 2691 1264 2773 excerpendis
1286 2708 1414 2774 operam
1435 2689 1612 2764 cavebant,
1637 2708 1693 2754 ex·

464 2792 858 2859 stiteruntHsliodorus
881 2796 914 2859 et
936 2793 1170 2877 Hephaestio
1192 2793 1323 2858 metrici.
1367 2791 1691 2874 AtqueHeliodori

464 2895 592 2977 quidem
615 2895 787 2962 doctrinam
809 2898 924 2980 partim
946 2916 963 2962 o
987 2896 1185 2978 fragmentis,
1208 2914 1289 2978 quae
1305 2915 1342 2962 ex
1365 2895 1491 2960 scholiis
1512 2894 1552 2958 ad
1566 2895 1691 2960 Aristo

462 2998 599 3081 phanem
625 3000 822 3082 recuperavit
844 2999 973 3065 Carolus
997 3000 1171 3064 Thiemaun
1195 2997 1416 3081 (Colometriae
1439 2997 1690 3082 Aristophaneus

464 3104 619 3183 qnantum
641 3107 797 3186 superest,
830 3103 919 3168 Halis
943 3103 1041 3177 1869;
1076 3102 1114 3168 cf.
1138 3102 1233 3167 etium
1256 3100 1380 3193 Ottonis
1402 3100 1509 3165 Hense
1531 3100 1691 3169 ‘Heliodo-

462 3203 563 3269 rische
585 3205 883 3288 Untersnchungen'
906 3205 1030 3290 Lipsiae
1055 3204 1152 3288 1870)
1177 3205 1393 3286 cognovimus,
1420 3204 1535 3288 partim
1563 3223 1601 3269 er
1629 3207 1689 3284 eis,
1814 3214 1815 3220 ’

463 3325 543 3390 quae
566 3328 639 3373 curn
663 3310 715 3374 alii
737 3310 861 3375 metrici
876 3309 980 3374 Latini
995 3327 1032 3373 err
1048 3307 1113 3372 eius
1136 3309 1223 3373 libris
1247 3308 1477 3392 exscripserunt
1497 3308 1568 3372 tum
1589 3307 1689 3375 Iuba

463 3411 662 3495 artigraphus
700 3412 751 3493 (de
786 3432 846 3494 quo
880 3412 1052 3496 disputavit
1085 3411 1159 3476 Otto
1192 3411 1299 3476 Hense
1330 3412 1363 3475 in
1397 3413 1541 3475 actorum
1576 3413 1688 3478 societ

462 3512 568 3596 philol.
590 3513 676 3598 Lips.
699 3515 758 3580 vol.
780 3514 826 3578 IV
849 3535 876 3579 a.
901 3517 1006 3595 1875),
1034 3533 1128 3597 quern
1151 3516 1375 3599 excerpserunt
1396 3513 1642 3598 Aphthonius
1667 3535 1689 3581 a

461 3615 580 3681 Mario
604 3617 805 3683 Victorino
833 3619 1020 3703 compilatus
1053 3620 1086 3683 et
1107 3618 1270 3684 Rufinus
1297 3620 1330 3682 et
1360 3617 1560 3699 aliquatenus
1587 3618 1689 3684 Hal·

461 3717 537 3782 lius
559 3720 785 3788 Theodorus.

546 3822 848 3907 Hephaestionis
863 3826 970 3889 antem
978 3825 1170 3889 enchiridion
1180 3825 1318 3890 tironum
1328 3823 1399 3889 usui
1410 3824 1687 3893 accommodatum

462 3927 495 3989 et
521 3926 588 3990 sola
609 3926 766 3992 elementa
791 3929 868 3993 artis
895 3929 1044 3994 metricae
1072 3927 1234 3992 continens
1262 3927 1345 4010 quod
1371 3927 1591 4010 rhythmomm
1619 3929 1687 3995 rim

460 4028 510 4091 vir
525 4029 636 4111 tangit,
657 4030 773 4094 mirum
792 4048 855 4095 non
870 4033 929 4096 est.
972 4031 1156 4096 Uberiorem
1172 4030 1311 4095 fructum
1326 4029 1449 4113 percepi
1470 4050 1507 4096 er
1523 4049 1687 4097 commen-

461 4130 548 4196 tariis
563 4134 596 4196 et
611 4133 735 4198 scholiis
751 4134 1010 4218 Hephaestioneis
1026 4134 1066 4198 ad
1081 4134 1200 4199 maiora
1213 4133 1372 4199 Heliodori
1392 4136 1425 4197 et
1437 4132 1684 4217 Hephaestionis

461 4251 555 4315 opera
587 4235 804 4315 redeuntibus,
832 4256 964 4320 quorum
1002 4236 1297 4301 commentariorum
1334 4238 1439 4320 partes
1475 4237 1508 4302 et
1544 4236 1684 4304 formam

461 4335 630 4416 genuinam
650 4341 686 4402 ut
700 4341 910 4417 restituerent,
933 4339 1064 4421 contigit
1078 4358 1178 4423 nuper
1193 4338 1349 4404 Guilelmo
1364 4338 1633 4405 Hoerschelmann
1649 4345 1684 4406 et

461 4436 617 4504 Guilelmo
642 4441 848 4507 Studemund.
896 4443 1071 4528 Supersunt
1092 4442 1188 4526 igitur
1202 4442 1293 4507 hodie
1309 4441 1369 4507 tris
1383 4443 1682 4510 commentariorum

459 4542 687 4609 scholiorumre
709 4565 851 4629 corpora:

545 4643 571 4715 I·
596 4646 720 4732 Georgii
742 4648 947 4717 Choercbosci
975 4649 1123 4737 Exegesis
1153 4649 1185 4712 in
1207 4648 1449 4738 Hephaestionis
1471 4650 1680 4734 enchiridion,
