3546 5236
917 397 979 460 104

860 487 1049 494 ——.———-

434 584 506 650 ‘non
530 587 595 654 eris
618 587 652 654 in
674 585 802 673 patria'.
841 589 950 674 patria
973 599 1031 676 est,
1055 594 1247 677 ubieunque
1271 601 1322 658 est
1344 595 1436 660 bene.
1475 593 1558 660 illud
1583 597 1608 660 2

328 700 435 760 autem
459 713 518 779 per
541 693 628 777 quod
651 695 734 761 bene
757 702 808 761 est
830 696 864 761 in
886 697 1024 783 homine,
1046 720 1111 766 nou
1134 701 1167 766 in
1190 700 1262 765 loeo
1287 705 1346 765 est.
1387 699 1423 765 in
1445 700 1560 786 ipsine,

327 800 467 886 inquam,
496 807 547 868 est
568 808 733 887 potestate
756 802 834 886 quid
859 803 901 870 sit
922 803 982 870 illa
1005 806 1148 872 fortuna:
1177 807 1206 873 si
1229 807 1362 892 sapiens
1385 815 1444 892 est,
1467 827 1559 893 pere-

326 908 481 993 grinatur,
505 909 534 974 si
558 908 676 974 stultus
700 915 759 994 est,
782 909 901 977 exulat

281 1013 302 1077 5
431 1013 610 1082 ‘exulabie'.
658 1015 719 1082 boe
742 1015 841 1084 diois:
870 1018 1005 1086 alterius
1028 1020 1092 1086 loei
1115 1020 1249 1087 eivitate
1272 1020 1455 1087 donaberis.

353 1124 408 1189 [x.
430 1122 533 1189 ‘dolor
555 1121 719 1191 imminet'.
757 1123 785 1190 si
809 1125 946 1208 exiguus
961 1133 1020 1211 est
1044 1128 1200 1194 feremus:
1225 1128 1307 1194 levis
1322 1136 1373 1196 est
1386 1127 1559 1214 patientia.

327 1231 356 1298 si
379 1231 498 1316 gravis,
523 1229 677 1296 feramus:
706 1251 771 1297 non
793 1231 876 1298 levis
900 1240 951 1300 est
974 1234 1087 1317 gloria.

433 1335 616 1402 ‘elamorem
639 1337 732 1403 dolor
755 1338 921 1425 exprimit’.
967 1339 1043 1406 dum
1066 1347 1194 1407 seereta
1217 1361 1281 1406 non
1305 1341 1474 1426 exprimat.

432 1443 505 1510 ‘non
529 1451 638 1530 potest
659 1445 754 1510 homo
778 1466 839 1530 par
862 1445 967 1512 deleri
990 1444 1085 1516 esse'.
1132 1468 1193 1514 nee
1216 1448 1334 1513 rationi
1357 1447 1458 1514 dolor.

260 1547 302 1612 10
433 1548 524 1617 ‘dura
548 1573 600 1618 res
625 1560 675 1618 est
698 1549 810 1618 dolor’.
856 1555 952 1619 immo
976 1561 1010 1620 tn
1034 1554 1150 1621 mollis.

433 1656 539 1744 ‘pauoi
562 1659 707 1725 dolorem
730 1660 814 1726 ferre
838 1658 1031 1746 potuerunt’.
1078 1663 1179 1728 simus
1203 1683 1243 1726 ex
1266 1661 1389 1747 paneis.

429 1765 580 1831 ‘inbecilli
603 1774 721 1832 natura
744 1765 874 1834 eumus'.
920 1775 1069 1834 naturam
1092 1769 1251 1834 infamare
1274 1768 1390 1835 nolite:
1414 1769 1472 1834 illa
1495 1789 1558 1836 nos

324 1873 417 1939 fortis
441 1873 562 1957 genuit.

429 1980 601 2064 ‘fugiamus
625 1981 786 2048 dolorem’.
832 1981 918 2067 quid,
942 1981 1030 2066 quod
1053 1984 1198 2068 sequitur
1221 1983 1277 2050 ille
1301 1982 1499 2068 fugientem?

259 2082 300 2148 15
368 2088 408 2153 X.
430 2087 616 2175 ‘paupertas
643 2088 722 2153 mihi
750 2088 861 2174 gravis
890 2088 956 2154 est’.
1002 2090 1098 2154 immo
1127 2096 1162 2155 tu
1189 2089 1385 2174 paupertati.
1433 2089 1557 2155 nonin

323 2202 518 2282 paupertate
540 2195 653 2262 vitium
678 2203 735 2280 est,
760 2194 819 2262 sed
842 2195 877 2261 in
899 2216 1058 2281 paupere:
1087 2197 1145 2261 illa
1169 2194 1324 2281 expedita
1347 2204 1405 2281 est,
1430 2195 1556 2281 hilaria,

323 2310 401 2370 tuta.
434 2303 542 2369 neseis
566 2311 599 2370 te
623 2303 774 2388 opinione
797 2322 862 2368 nou
884 2323 919 2368 re
935 2303 1098 2369 laborare:
1123 2323 1248 2389 pauper
1262 2323 1307 2388 es,
1331 2304 1409 2386 quia
1424 2302 1558 2370 videris.

428 2410 562 2496 ‘pauper
589 2407 679 2478 sum’.
724 2410 805 2476 nihil
832 2410 927 2478 deest
954 2411 1078 2496 avibus,
1107 2431 1226 2495 peoora
1254 2411 1288 2476 in
1315 2410 1400 2476 diem
1433 2411 1558 2476 vivunt.

323 2517 402 2584 ferie
425 2519 459 2583 in
482 2517 669 2584 alimentum
693 2516 835 2584 solitudo
860 2538 920 2584 sua
944 2517 1073 2588 suffieit.

255 2616 301 2680 20
429 2624 566 2708 ‘eeeepit
589 2625 644 2690 ille
669 2624 825 2708 grandem
848 2622 1039 2710 peeuniam’.
1086 2645 1164 2708 ergo
1189 2631 1221 2690 et
1244 2627 1437 2710 superbiam

327 2717 540 2724 ——-.--—

416 2752 427 2803 l
448 2751 574 2804 noueris
593 2750 623 2804 in
642 2751 735 2820 patria
753 2753 789 2818 ia¹
803 2769 890 2820 marg.
905 2753 969 2804 add.
989 2747 1018 2820 fi
1040 2751 1109 2806 bene
1128 2769 1156 2805 es
1176 2747 1309 2818 Haustusi
1329 2751 1398 2806 bene
1416 2769 1451 2805 aa
1468 2751 1558 2804 bonus

319 2856 392 2894 corr.
413 2837 442 2908 11
463 2839 480 2893 2
500 2839 554 2894 aud
572 2857 622 2908 per
640 2839 713 2908 quod
731 2841 801 2895 bene
819 2840 899 2906 (corr.
919 2858 953 2895 ex
972 2839 1070 2906 bonus)
1089 2843 1131 2894 est
1150 2838 1177 2904 Pi
1204 2841 1234 2894 in
1257 2839 1370 2895 homine
1393 2843 1435 2895 est
1453 2857 1507 2894 non
1525 2840 1559 2894 in

322 2929 381 2983 loeo
395 2930 422 2980 V
436 2929 465 2982 in
479 2929 591 2983 homine
604 2947 660 2984 non
674 2929 703 2982 in
717 2929 776 2984 loeo
790 2930 816 2982 R
830 2928 892 2996 (om.
906 2927 965 2997 eetii
986 2929 1016 2984 in
1030 2927 1127 2999 ipsius]
1139 2929 1241 2998 impius
1257 2927 1285 2998 Pi
1302 2929 1319 2983 3
1334 2932 1376 2984 est
1389 2931 1558 3000 potestatem

322 3016 348 3088 Si
365 3021 504 3088 potestate
523 3022 564 3074 est
584 3016 660 3087 vai
680 3019 783 3087 quieuit
800 3017 852 3073 illa
870 3018 1021 3074 furtunaS
1038 3018 1106 3086 quid
1124 3019 1161 3074 sit
1179 3019 1241 3088 ipsa
1259 3019 1372 3074 fortuna
1390 3018 1418 3086 Vi
1440 3017 1558 3073 sienim

319 3109 431 3180 sepiens
455 3105 531 3178 Vupi
552 3111 594 3163 est
608 3118 673 3177 poet
691 3108 800 3179 sapiens
818 3127 868 3164 om.
889 3107 974 3178 PRVi
999 3109 1213 3178 peregrinantur
1231 3105 1257 3176 Si
1278 3109 1294 3160 4
1314 3111 1356 3162 est
1370 3117 1435 3176 post
1453 3107 1558 3161 stultus

320 3217 373 3253 om.
388 3197 494 3267 PVugi
516 3197 665 3268 exultatei
687 3201 702 3252 5
722 3197 847 3252 exulenie
862 3197 888 3266 Si
909 3197 1054 3253 donaueris
1072 3195 1099 3261 Si
1121 3197 1137 3250 6
1156 3197 1280 3251 imminit
1298 3197 1329 3265 81
1351 3197 1470 3252 feramus
1488 3196 1556 3265 quia

322 3289 392 3343 leuis
406 3285 490 3357 Hiidi
511 3289 630 3342 feramus
648 3307 699 3343 om.
711 3287 792 3358 Vinci
810 3290 825 3341 7
840 3291 882 3342 eet
894 3297 956 3355 post
969 3287 1063 3356 grauis
1078 3290 1142 3344 edd.
1157 3286 1232 3356 Vugi
1249 3291 1291 3341 est
1303 3296 1366 3355 poet
1379 3287 1448 3342 leuis
1462 3303 1512 3341 om.
1522 3285 1554 3343 Pi

322 3379 442 3433 feramus
455 3397 506 3432 om.
518 3375 600 3447 Vinci
621 3377 741 3432 feramus
755 3378 822 3447 quia
836 3395 892 3432 non
907 3374 990 3445 Hildi
1004 3379 1020 3432 8
1035 3377 1138 3432 elamor
1146 3376 1267 3431 dolorem
1277 3375 1414 3446 exprimat
1429 3373 1463 3442 Vi
1479 3375 1557 3430 dolor

318 3485 390 3522 corr.
401 3486 435 3522 ex
447 3467 568 3522 dolorem
582 3468 610 3521 P
626 3466 760 3522 dolorm
776 3465 807 3535 Ri
823 3476 884 3535 post
898 3465 1030 3536 exprimit
1044 3467 1072 3520 P
1086 3469 1196 3520 inserit:
1213 3465 1259 3521 sed
1278 3483 1334 3519 non
1344 3466 1554 3527 maurentium,

322 3557 359 3610 R:
379 3574 435 3610 non
453 3560 495 3611 est
513 3554 671 3624 curandumi
694 3557 710 3610 9
729 3559 820 3626 potest
834 3574 884 3610 om.
896 3557 929 3623 R,
948 3559 995 3610 sed
1008 3559 1038 3608 in
1052 3573 1139 3622 marg.
1149 3574 1185 3608 m.
1194 3560 1220 3609 2.
1234 3558 1351 3610 οἰιιεάθηι
1366 3557 1464 3609 aetatis
1478 3556 1558 3608 θεῖά..-

319 3645 409 3715 debeti
438 3647 520 3699 homo
543 3648 573 3699 ia
597 3664 654 3700 ras.
678 3643 709 3714 Pi
739 3663 804 3714 par·
828 3645 919 3710 (aare
943 3644 964 3712 ii
990 3641 1023 3713 Pi
1054 3645 1086 3698 11
1115 3644 1173 3698 uim
1199 3643 1299 3698 doloris
1322 3643 1355 3712 Pi
1385 3643 1496 3699 sufferre
1518 3643 1552 3708 Vj

320 3738 437 3804 possunt
459 3733 543 3804 Hildi
572 3735 673 3788 scimus
693 3732 724 3804 Si
755 3752 789 3788 ex
810 3734 866 3788 illie
886 3733 970 3802 Hildi
1002 3735 1035 3787 12
1054 3733 1173 3788 inbieilli
1191 3749 1260 3788 eurr.
1279 3751 1314 3787 aa
1332 3732 1446 3787 inbioire
1467 3732 1554 3788 sim-

321 3824 433 3878 becilles
452 3823 501 3894 egi
522 3827 623 3878 natura
640 3823 777 3878 infamare
796 3820 827 3892 81
852 3823 911 3877 noli
930 3822 977 3877 sed
996 3825 1024 3876 te
1049 3822 1197 3877 Voms'eais
1216 3824 1303 3876 vertis
1320 3821 1372 3876 illa
1383 3851 1416 3858 -
1427 3818 1552 3890 doloremi

325 3915 356 3967 14
380 3913 433 3978 Qui
452 3931 506 3981 qno
524 3912 680 3982 fugientem
698 3911 747 3967 ille
770 3911 831 3978 iem.
851 3911 986 3980 sequitur)
1010 3911 1037 3966 P
1058 3911 1137 3976 Quo?
1161 3911 1315 3980 fugientem
1339 3909 1466 3979 sequitur
1488 3909 1555 3966 ille?

322 4005 348 4057 R
373 4002 445 4068 Quid
468 4002 541 4071 quod
563 4002 612 4056 ille
635 4002 760 4070 sequitur
783 4001 956 4072 fugientem?
979 3999 1012 4070 Vi
1038 4009 1103 4070 post
1130 3999 1286 4070 fugientem
1309 4019 1350 4069 vg.
1379 4003 1442 4055 ado.
1462 4003 1554 4055 uerte:

321 4093 490 4148 contemnite
505 4091 638 4146 dolorem:
658 4095 708 4146 aut
722 4092 845 4146 soluetur
858 4095 908 4146 aut
920 4091 1009 4145 soluet
1023 4093 1056 4144 ab
1067 4091 1175 4144 Haasio
1189 4085 1299 4158 mlaaai
1320 4089 1351 4142 15
1360 4093 1508 4159 paupertas
1521 4119 1553 4128 -

322 4182 424 4236 sufficit
448 4183 481 4249 (v.
501 4181 542 4249 19)
562 4190 626 4249 poet
649 4181 738 4236 faeere
760 4199 816 4236 non
839 4180 942 4250 poteria
970 4183 1011 4248 (p.
1031 4185 1088 4243 105,
1108 4179 1135 4242 2i
1154 4178 1234 4247 ponit
1251 4175 1284 4246 Pi
1311 4181 1448 4247 pauperta
1466 4177 1498 4248 Si
1522 4181 1555 4234 16

321 4271 352 4324 in
370 4288 517 4341 pauperem
534 4272 556 4326 S
563 4269 566 4340 i
587 4273 629 4325 est
646 4271 697 4325 ille
715 4288 744 4326 re
763 4269 838 4338 (finis
856 4268 959 4336 vaura)
978 4269 1015 4324 sti
1028 4273 1093 4324 tuta
1108 4265 1140 4338 Si
1160 4269 1191 4322 11
1205 4271 1284 4323 tutor
1294 4269 1319 4320 11
1333 4268 1421 4322 tutior
1436 4269 1461 4321 11
1475 4286 1509 4322 m.
1520 4267 1553 4336 2.i

319 4370 382 4430 post
401 4363 465 4414 tuta
483 4379 524 4427 vg.
544 4362 608 4414 add.
627 4378 732 4431 pauper
750 4358 817 4428 sumi
842 4364 875 4414 tu
894 4360 1023 4429 opinione
1041 4359 1149 4413 labores
1168 4375 1224 4412 non
1246 4375 1275 4412 re
1299 4353 1382 4426 Vinai
1408 4361 1436 4413 te
1458 4376 1508 4413 om.
1520 4357 1552 4426 111

322 4451 478 4521 opinionem
495 4449 526 4518 Si
543 4451 573 4505 in
587 4469 617 4506 re
631 4469 701 4507 corr.
713 4469 746 4505 aa
760 4451 833 4506 inest
844 4452 884 4516 (f)
896 4447 931 4518 Pi
943 4467 971 4504 re
985 4468 1037 4505 om.
1048 4445 1079 4518 Ri
1096 4447 1164 4516 quia
1175 4465 1280 4518 pauper
1293 4447 1346 4502 tibi
1361 4446 1463 4503 uideris
1478 4450 1553 4502 Heio.

321 4541 390 4610 quia
399 4540 517 4595 uincerir
532 4538 567 4610 Vi
581 4542 615 4596 18
625 4540 724 4596 euiuus
739 4537 770 4610 Si
792 4540 859 4594 felix
871 4542 893 4595 S
899 4539 902 4608 i
922 4542 953 4593 19
967 4539 998 4593 in
1012 4557 1062 4593 om.
1073 4536 1105 4606 111
1117 4556 1167 4593 sua
1177 4537 1297 4593 solitudo
1314 4533 1348 4606 Vi
1360 4539 1394 4593 20
1404 4537 1511 4608 aceepit
1522 4567 1555 4574 —

321 4630 479 4699 snperbiam
506 4649 548 4700 op.
572 4639 715 4698 poneretur
740 4639 802 4698 poet
830 4647 885 4684 non
912 4629 1016 4699 poteris
1044 4627 1084 4696 ip.
1105 4633 1163 4694 105,
1181 4626 1215 4696 2ii
1245 4627 1347 4697 eooipit
1371 4623 1403 4694 Si
1433 4645 1499 4698 ergo
1527 4633 1557 4684 et

321 4720 479 4790 superbiam
497 4738 547 4775 om.
568 4717 600 4784 Pi
