3514 5244
761 421 848 483 XXV

278 613 315 677 In
344 612 404 692 his,
436 633 519 696 quae
549 634 588 679 ex
617 615 680 680 situ
710 615 914 698 tenebrisque
947 616 980 680 in
1012 617 1116 682 lucem
1148 624 1301 682 revocata
1334 624 1417 700 sunt,

189 717 380 802 fragmentis
404 709 566 786 sanabilia
590 742 610 786 a
633 721 817 806 desperatis
842 722 989 806 distinxi,
1018 723 1173 788 lectiones
1201 743 1265 788 non
1293 730 1418 788 tantum

189 825 397 910 imperfectas
413 827 472 894 scd
486 847 570 912 quae
585 849 625 894 ue
639 837 775 914 possent
791 828 921 913 quidem
934 829 1048 915 perlici
1072 829 1184 915 (veluti
1202 831 1235 896 iu
1251 830 1417 914 superiore

189 932 260 998 folii
280 938 342 1000 44⁸·
356 939 463 1020 parte)
487 936 521 1000 in
545 935 674 1002 schedis
697 935 778 1002 meis
802 936 929 1021 retinui,
952 935 1034 1002 nihil
1057 935 1125 1002 fere
1147 937 1211 1002 uisi
1236 937 1323 1020 quod
1342 949 1418 1022 post

188 1040 374 1106 diuturnam
398 1041 640 1108 meditationem
663 1042 697 1107 in
721 1043 832 1108 oeulos
849 1044 1038 1110 occurrebat
1051 1043 1322 1127 manifestumque
1339 1053 1418 1126 erat,

189 1148 224 1212 in
247 1148 470 1234 apographum
493 1169 598 1216 meum
622 1151 738 1244 recepi.
776 1149 987 1235 Coniectandi
1011 1150 1110 1234 igitur
1132 1151 1310 1236 periculum
1333 1151 1418 1217 subii

190 1255 313 1321 Romae
345 1275 429 1321 auno
461 1259 545 1323 1879
578 1257 611 1321 in
643 1277 678 1322 re
709 1257 889 1341 praesenti,
923 1255 999 1322 dum
1031 1256 1118 1323 felici
1150 1257 1331 1323 temeritate
1364 1277 1419 1322 ex-

188 1361 335 1444 cogitata
367 1361 473 1429 denuo
505 1363 652 1448 inspecto
685 1361 796 1430 codice
834 1365 1020 1432 examinare
1059 1363 1143 1430 licet.
1189 1363 1313 1429 Ibidem
1346 1383 1419 1430 cum

190 1469 297 1535 nullus
311 1469 388 1534 mihi
404 1469 475 1536 dics
489 1491 548 1555 per
562 1471 662 1544 otium
676 1471 788 1554 exiret,
813 1470 958 1537 Senecae
982 1470 1104 1554 scripta
1126 1470 1182 1536 illo
1206 1471 1278 1555 ipso
1298 1491 1418 1554 mense,

189 1597 254 1660 quo
282 1577 538 1652 membranarum
565 1577 793 1662 rescripturum
816 1577 987 1644 lectionem
1011 1579 1286 1662 consummabam,
1311 1578 1420 1643 omnia

190 1691 321 1768 praeter
348 1683 536 1767 tragoedias
559 1684 685 1769 perlegi
709 1691 741 1750 et
763 1693 799 1750 ut
821 1685 898 1750 mihi
922 1684 1154 1770 persuaderem
1178 1685 1300 1751 nullam
1323 1704 1344 1748 a
1367 1703 1419 1748 me

191 1789 384 1856 locutionem
409 1791 554 1858 Senecae
577 1792 765 1858 attributam
789 1813 875 1876 esse,
904 1811 988 1876 quae
1016 1793 1059 1858 ab
1081 1793 1261 1857 Annaeana
1289 1789 1418 1856 dicendi

189 1898 424 1964 consuetudine
456 1899 651 1984 abhorreret,
681 1901 826 1984 excerpsi
854 1919 918 1974 nou
946 1900 1008 1982 ita,
1039 1904 1074 1972 ut
1101 1898 1145 1964 ad
1178 1919 1274 1964 unum
1308 1917 1419 1964 omnes

190 2003 404 2088 exhaurimm,
428 2005 517 2072 locos
541 2005 664 2072 similes
681 2025 747 2083 eos,
773 2005 889 2090 quibus
905 2005 1135 2077 adnotationes
1149 2006 1256 2072 verbis
1273 2005 1418 2070 Senecae

192 2131 286 2176 ame
309 2110 394 2176 inira
417 2111 647 2196 redintegratis
678 2113 843 2179 subiectas
873 2113 1006 2179 oneravi
1033 2112 1142 2197 potius
1170 2132 1267 2194 quam
1296 2113 1418 2178 ornavi.

191 2218 263 2284 Non
288 2238 393 2302 pauca
418 2218 547 2301 quidem
570 2219 603 2284 in
627 2219 678 2286 bis
702 2219 858 2305 exemplis
883 2225 965 2304 sunt,
990 2239 1160 2303 quaecum
1176 2221 1281 2285 minus
1304 2219 1420 2283 virium

190 2345 288 2408 quam
312 2323 465 2409 ponderis
489 2326 609 2392 babere
631 2326 812 2409 videantur,
836 2345 985 2392 resecare
1015 2325 1188 2407 debebcm3
1223 2345 1283 2390 uec
1312 2332 1420 2390 tamen

189 2432 363 2514 quicquam
391 2433 591 2517 supprimere
619 2433 706 2499 volui
734 2454 775 2500 ex
803 2434 860 2518 eis,
892 2435 925 2498 in
954 2434 1070 2517 quibus
1098 2432 1293 2517 colligendis
1323 2453 1420 2516 quam

191 2538 305 2604 mirum
329 2539 597 2606 oblectamentum
620 2540 746 2606 animus
769 2561 861 2607 meus
884 2541 961 2606 olim
975 2559 1034 2626 per
1047 2541 1187 2606 noctium
1202 2542 1420 2605 Romanarum

191 2647 419 2712 amoenitatem
456 2647 617 2732 habuerit,
655 2647 766 2714 suavis
799 2668 839 2714 ac
870 2647 1011 2715 iucunda
1043 2648 1077 2713 in
1108 2647 1216 2732 patria
1249 2655 1336 2713 terra
1369 2660 1420 2713 est

192 2752 384 2819 recordatio.
435 2753 474 2818 ld
496 2774 593 2819 unum
621 2755 748 2838 novavi,
778 2761 814 2820 ut
841 2755 984 2819 locorum
1012 2775 1053 2820 ex
1082 2753 1227 2820 Senecae
1257 2751 1419 2838 ‘dialogis’

192 2867 415 2945 excerptorum
458 2881 607 2928 numeros
649 2861 826 2928 secundum
868 2860 1042 2928 editionem
1085 2861 1293 2926 Gertzianam
1336 2881 1421 2926 ccm-

191 2986 410 3034 memorarem.
447 2968 516 3034 Nec
538 2989 590 3033 me
613 2966 705 3053 fugit,
728 2975 929 3053 quantopere
948 2968 1037 3033 illum
1057 2967 1206 3033 similium
1224 2967 1420 3033 locutionum

192 3081 386 3158 apparatum
410 3074 591 3160 supplendo
615 3095 735 3158 augere
759 3074 947 3159 potuissem,
972 3075 999 3140 si
1024 3074 1130 3140 denuo
1154 3074 1306 3159 perlectis
1321 3075 1420 3140 omni-

190 3181 253 3246 bus
277 3181 422 3246 Senecae
446 3181 536 3248 libris
559 3201 600 3246 ne
623 3201 721 3246 unum
744 3180 873 3265 quidem
896 3181 1076 3266 exemplum
1101 3180 1145 3245 ad
1168 3180 1422 3266 comparandum

191 3287 343 3353 idoneum
371 3287 481 3354 oculos
510 3308 599 3355 meos
628 3287 770 3370 effugere
798 3307 918 3373 passus
943 3307 1057 3354 essem.
1104 3287 1170 3353 Sed
1198 3287 1241 3352 ad
1270 3288 1354 3352 alias
1382 3309 1421 3353 ae

192 3395 332 3461 maiores
356 3396 585 3479 occupationes
609 3402 765 3460 avocatus
790 3394 884 3460 doleo
912 3394 1055 3479 quidem,
1087 3393 1172 3478 quod
1202 3414 1260 3479 pro
1288 3394 1421 3460 utilibus

192 3501 322 3567 utiliora
346 3501 421 3566 Tibi
449 3501 564 3567 offerre
592 3522 655 3567 non
682 3501 772 3586 licet,
801 3507 957 3586 attamen,
986 3500 1061 3566 dum
1089 3501 1194 3566 lexico
1221 3501 1421 3566 Annaeanae

193 3609 361 3674 verborum
386 3609 500 3693 copiae
523 3609 619 3693 pleno
644 3616 676 3673 et
699 3608 848 3674 absoluto
873 3628 1028 3692 caremus,
1052 3627 1116 3672 non
1136 3627 1259 3691 vereor,
1283 3628 1324 3674 ne
1339 3607 1422 3674 baec

193 3715 374 3782 collecticia
398 3736 496 3800 opera
520 3715 593 3780 Tibi
616 3714 767 3780 videatur
789 3735 921 3800 prorsus
945 3734 1197 3801 supervacanea.
1245 3713 1421 3799 Speremus

193 3830 301 3888 autem
325 3822 405 3908 fore,
433 3832 469 3889 ut
497 3842 572 3887 mox
595 3823 758 3888 hominurn
782 3821 948 3888 doctorum
972 3820 1089 3906 studia,
1113 3841 1197 3904 quae
1219 3841 1305 3887 nunc
1327 3831 1420 3887 aestu

193 3929 333 4013 quodam
366 3930 580 3996 effervescunt
614 3931 648 3995 in
684 3929 902 3995 examinanda
940 3937 1037 4013 atquc
1076 3928 1283 3995 aestimanda
1314 3929 1422 3994 Taciti

193 4037 361 4102 verborum
385 4037 488 4121 copia,
513 4037 568 4120 qui
588 4036 733 4103 Senecae
757 4056 821 4101 uon
845 4043 968 4102 tantum
993 4043 1170 4122 praecepta
1192 4035 1421 4122 philosophiae

194 4143 254 4210 scd
277 4144 376 4210 etiam
399 4143 572 4209 dictionem
595 4143 762 4228 aliquanto
791 4143 937 4229 saepius,
967 4162 1063 4226 quam
1091 4142 1188 4225 vulgo
1218 4142 1360 4226 credunt,
1389 4144 1422 4208 iu

194 4271 285 4318 suurn
317 4271 408 4318 usum
437 4251 608 4335 convertit,
636 4249 680 4315 ad
707 4252 874 4316 Annaeum
904 4269 1031 4333 quoque
1055 4249 1273 4330 conferantur,
1302 4251 1422 4335 quippe

194 4377 257 4440 quo
289 4357 514 4442 perfectiorem
546 4363 723 4439 argenteae
756 4376 840 4440 quae
876 4363 1012 4422 vocatur
1049 4355 1221 4420 latinitatis
1259 4365 1423 4423 auctorem

193 4465 328 4529 Romam
350 4485 415 4529 non
436 4463 561 4530 vidisse
585 4470 719 4529 constet

284 4571 395 4638 Finem
418 4570 517 4654 igitur
539 4569 635 4635 huius
659 4569 800 4655 epistolii
826 4569 949 4636 faciant
973 4571 1071 4636 verba
1093 4569 1239 4635 Senecae
1263 4570 1309 4633 ita
1333 4589 1352 4633 a
1373 4591 1424 4635 me

194 4679 382 4762 constituta,
410 4685 445 4743 ut
473 4677 506 4742 iu
533 4677 615 4744 locis
639 4674 822 4762 desperatis
847 4678 888 4742 ab
912 4675 997 4742 omni
1026 4677 1222 4744 abstinerem
1252 4676 1425 4762 supplendi

195 4785 428 4870 experimento:
