3546 5236
843 398 1049 494 „ll-2„

435 613 504 655 som
530 595 690 656 mutuom?
733 595 794 656 scir
825 595 913 656 enies
943 613 1019 657 meo
1049 599 1130 664 utor.
1183 599 1309 676 aspecto
1336 614 1385 656 oze
1411 593 1560 676 mitidum

435 705 465 762 et
485 699 523 762 de
545 700 635 764 moro
650 702 710 782 fiet
729 703 910 779 nammatio,
939 701 1062 763 interim
1084 699 1288 763 wmowdebit
1310 700 1478 784 maone,
1505 701 1563 786 qai

435 807 493 870 uit:
515 807 664 870 meditare
686 813 823 886 morton,
846 807 914 886 oet,
939 809 968 870 si
990 806 1178 870 commodius
1201 807 1241 870 eit
1263 808 1397 869 trmanre
1419 807 1461 870 ed
1481 827 1559 870 nos.

434 911 482 975 bic
497 919 585 996 potet
606 933 730 977 senam·
753 916 873 996 &rapio
896 934 947 976 res
970 921 1015 976 est
1035 919 1163 978 neortem
1186 913 1369 976 condecore.

329 1015 461 1102 Epicuri
490 1019 685 1084 sententiam
712 1019 773 1084 boc
796 1019 892 1084 modo
921 1039 1001 1084 ase
1025 1017 1231 1084 emendatam
1254 1037 1328 1084 esse
1352 1025 1445 1103 putot
1467 1017 1561 1082 blad-

328 1123 436 1207 vigiue
464 1125 490 1204 (I
521 1129 641 1208 llisq.
668 1155 702 1180 =
725 1127 838 1192 Annei.
863 1127 970 1210 pbiiol.
998 1128 1081 1192 Dan,
1110 1126 1190 1191 143
1222 1133 1254 1190 et
1284 1127 1378 1204 174t:
1412 1127 1563 1190 rneditore

328 1239 465 1313 mortun,
489 1235 544 1314 oct,
568 1235 597 1297 si
620 1235 807 1299 commodius
829 1236 874 1298 sic
896 1235 1085 1299 trunsireod
1097 1254 1154 1298 nos
1167 1235 1214 1297 bic
1223 1240 1561 1316 permiseramus.

328 1357 432 1421 neque
460 1347 568 1405 tamen
596 1339 674 1404 mibi
703 1340 868 1426 persuasit
894 1341 944 1404 vir
972 1339 1179 1406 acutissimus
1203 1339 1362 1405 Senecam
1391 1338 1562 1406 dubitasse

328 1441 371 1508 de
393 1452 459 1511 tam
484 1447 636 1532 simplici,
664 1467 705 1513 ne
734 1447 855 1532 dicam,
882 1446 1011 1530 vulgari
1039 1447 1201 1512 sententia
1230 1467 1271 1512 ex
1294 1446 1422 1512 Graeca
1445 1445 1561 1531 lingna

302 1551 361 1617 ·in
387 1553 539 1620 Latinam
566 1554 731 1640 vadendo,
764 1563 821 1621 aut
851 1574 910 1639 pro
944 1575 992 1632 eo,
1024 1553 1110 1638 quod
1139 1555 1186 1618 ita
1220 1555 1355 1640 exprimi
1389 1554 1486 1621 solet:
1519 1577 1562 1619 ee

329 1659 448 1726 Graeco
471 1665 667 1728 ammonete
688 1671 829 1728 nostrum
852 1668 1023 1746 transferre
1046 1670 1113 1727 tam
1136 1661 1218 1726 mira
1241 1671 1273 1725 et
1297 1668 1444 1726 contorta
1457 1662 1561 1727 verba

327 1767 488 1852 posuisse.
533 1770 633 1836 multo
657 1770 859 1836 facilioribus
882 1769 1035 1836 remediis
1063 1790 1116 1836 res
1144 1769 1430 1854 administrabitur,
1458 1770 1486 1834 si
1513 1772 1563 1833 oet

327 1875 520 1960 pervulgato
544 1897 652 1943 errore
676 1898 716 1943 ex
739 1887 773 1943 ut
793 1884 975 1964 surruptum
991 1897 1065 1944 esse
1080 1877 1301 1963 putaverimus
1317 1887 1350 1942 et
1364 1876 1560 1962 particulam

328 1984 365 2062 si,
390 2002 474 2065 quae
498 2004 561 2049 non
577 2005 650 2050 raro
666 1983 843 2051 alibrariis
861 1983 991 2050 adiecta
1007 1993 1066 2068 est,
1091 2004 1163 2050 eum
1177 1983 1289 2050 codice
1306 1985 1331 2048 P
1347 1983 1561 2050 omiserimus.

326 2109 385 2154 nos
407 2109 483 2156 vero
507 2111 572 2157 non
594 2092 628 2156 in
651 2094 744 2173 divos,
770 2090 856 2174 quod
880 2090 1023 2158 Haasius
1047 2091 1186 2177 scripsit
1215 2089 1274 2157 sed
1301 2091 1334 2156 in
1362 2094 1435 2156 deos
1461 2091 1560 2156 corri-

329 2194 470 2278 gendum
494 2204 553 2264 est.
592 2197 679 2281 quod
702 2197 815 2263 vitium
838 2198 886 2264 sio
910 2206 1013 2262 ortum
1037 2218 1110 2264 esse
1131 2197 1289 2281 existimo,
1313 2208 1348 2263 ut
1372 2218 1444 2264 aum
1463 2217 1556 2281 prae·

328 2302 464 2370 cedente
491 2305 608 2370 vocula
636 2307 678 2372 ud
705 2305 815 2371 littera
843 2307 864 2370 d
887 2305 986 2371 semel
1011 2311 1136 2370 tantum
1160 2311 1296 2370 exarata
1319 2311 1416 2386 esset,
1444 2325 1495 2370 eos
1524 2304 1560 2368 in

326 2431 385 2474 nos
407 2419 593 2478 mutaretur.
630 2432 731 2495 quare
755 2432 839 2496 quae
862 2432 1090 2498 recuperamus
1113 2412 1227 2478 verba:
1252 2413 1399 2478 meditere
1420 2419 1560 2488 mortem,

327 2524 367 2581 ut
396 2520 582 2584 commodius
613 2523 653 2584 sit
681 2523 816 2585 transsire
842 2522 884 2586 od
911 2521 996 2584 daos
1024 2519 1145 2603 optime
1174 2519 1252 2585 illis:
1287 2523 1407 2602 serapio
1434 2539 1485 2582 res
1513 2527 1562 2583 est

326 2632 456 2689 mutan
478 2628 651 2691 condiscere
673 2626 880 2710 respondent
916 2625 978 2691 bac
993 2625 1078 2690 enim
1094 2625 1256 2692 sententia
1269 2625 1438 2711 Epicurus,
1462 2644 1560 2708 quem

328 2730 518 2796 acerrimum
555 2732 808 2799 immortalitatis
848 2733 1028 2798 animorum
1070 2732 1294 2798 adversarium
1333 2730 1434 2798 fuisse
1471 2739 1562 2796 reete

327 2835 513 2921 Madvigius
545 2839 638 2924 dicit,
676 2860 740 2905 non
773 2840 955 2926 opinionem
989 2860 1082 2906 suam
1114 2839 1155 2904 de
1190 2859 1230 2904 ea
1264 2859 1298 2904 re
1330 2839 1462 2924 profert,
1499 2839 1561 2905 sed

327 2943 570 3011 meditationem
593 2947 706 3014 mortis
729 2967 797 3012 rem
819 2955 885 3012 tam
909 2947 1075 3030 egregiam
1100 2955 1132 3012 et
1155 2946 1297 3012 divinam
1322 2945 1415 3028 dicit,
1445 2945 1561 3028 utqui

328 3069 401 3116 eam
434 3061 593 3137 exerceat,
625 3053 669 3118 ad
702 3054 782 3120 deos
814 3055 962 3140 aspirare
990 3052 1148 3118 videatur.
1194 3053 1233 3118 el.
1264 3053 1364 3119 verba
1397 3052 1562 3140 epistulae

329 3159 399 3224 eius
423 3159 466 3224 ad
489 3160 697 3228 Menoeceum
720 3161 819 3228 datae
843 3162 952 3245 (Diog.
977 3161 1084 3227 Laert.
1106 3161 1138 3226 X
1165 3164 1240 3238 135)
1265 3160 1360 3226 baec:
1389 3157 1477 3226 οὐθὲν
1501 3163 1562 3244 γὰρ

328 3267 409 3330 ἔοικε
432 3269 535 3352 θνητῷ
558 3272 625 3353 ζῴῳ
648 3273 704 3342 ζῶν
727 3268 888 3354 ἄνθρωπος
912 3269 942 3334 ἐν
966 3268 1131 3340 ἀθανάτοις
1154 3269 1294 3351 ἀγαθοῖς.

436 3413 490 3480 ep.
520 3415 606 3460 mor.
630 3395 673 3460 IV
701 3402 727 3480 1,
756 3399 776 3462 6
809 3433 834 3444 -
858 3433 884 3443 -
910 3417 995 3460 mors
1026 3398 1103 3462 adeo
1131 3405 1220 3461 eutr-o
1247 3416 1335 3460 omne
1363 3395 1478 3459 omium*
1505 3401 1560 3473 est,

434 3509 469 3565 at
490 3505 532 3566 sit
553 3512 642 3568 ecoe
665 3525 785 3569 omnem
807 3486 960 3569 meldram
982 3511 1103 3567 anetam.
1150 3506 1224 3567 boec
1251 3523 1304 3583 opo
1331 3505 1395 3566 scio
1419 3508 1447 3564 et
1468 3521 1561 3584 saepe

436 3610 516 3674 dicto
544 3618 573 3674 et
598 3631 690 3698 saepe
718 3612 859 3691 dicertdo,
889 3612 943 3675 sed
970 3632 1074 3694 oeque,
1104 3632 1174 3674 cursu
1202 3611 1338 3692 teporem,
1368 3629 1464 3692 oeque
1486 3608 1563 3672 onilri

431 3721 628 3799 prosuerunt,
651 3739 748 3802 neom
770 3739 838 3782 enm
860 3719 999 3782 audirem
1021 3715 1106 3794 iis²⁵l
1131 3717 1307 3796 dicentibus,
1336 3718 1388 3798 pai
1410 3714 1562 3797 nepobont

437 3825 579 3906 timendo,
604 3846 776 3908 equanto
798 3833 880 3890 meta
902 3825 1044 3890 duent:
1072 3827 1213 3888 biccaro
1237 3823 1373 3900 (Bassus
1398 3819 1560 3899 Aufidius)

433 3931 603 4017 plurimam
638 3934 721 4018 epod
756 3954 803 3996 ore
839 3934 1029 3996 auctoritatis
1067 3931 1179 4011 bobnit,
1217 3951 1285 3994 cum
1317 3931 1491 4013 loqueretur
1523 3929 1562 3992 de

435 4045 532 4103 morte
554 4042 662 4104 vicino.
696 4041 796 4104 dicem
819 4042 911 4104 etiem
935 4040 1008 4122 qnid
1029 4041 1173 4102 coctiora:
1201 4044 1278 4121 pato
1294 4039 1464 4119 fortiorem
1491 4056 1559 4098 eune

436 4166 511 4225 esse,
544 4149 605 4229 qni
634 4149 674 4210 io
703 4148 789 4232 ipse
815 4154 930 4210 morte
958 4153 1011 4210 est
1042 4167 1146 4228 quom
1179 4147 1240 4228 qni
1271 4147 1370 4207 eirca
1400 4149 1560 4206 mortem.

437 4271 522 4316 neore
545 4255 626 4317 enim
648 4255 772 4334 edocete
795 4257 884 4318 etiorn
912 4255 1054 4339 inperitis
1081 4255 1218 4316 unimam
1247 4251 1329 4314 dedit
1356 4269 1419 4314 non
1444 4249 1563 4314 edundi

435 4360 630 4424 inevitabilia.
686 4361 731 4424 eiu
759 4361 914 4442 plodiotor
947 4366 1009 4424 tolo
1035 4380 1141 4442 querco
1178 4359 1392 4422 timidissimus
1423 4357 1560 4438 inpactum

437 4467 615 4531 aduersario
646 4474 785 4554 parentat
817 4473 845 4530 et
877 4474 1032 4531 orontem
1062 4467 1199 4548 eludium
1230 4465 1289 4528 sibi
1320 4465 1560 4549 adtemperot.

424 4678 462 4746 ²⁶)
485 4682 529 4734 sn
548 4681 641 4750 vulgo,
665 4681 720 4734 usn
739 4699 757 4750 p
775 4680 811 4746 (v.
831 4679 977 4734 eraserim
996 4697 1022 4750 p.
1047 4678 1106 4746 132)
1131 4678 1198 4732 Pes
1214 4679 1242 4732 n
1255 4677 1291 4731 w
1305 4678 1338 4740 n.
1356 4677 1430 4746 quoe
1449 4663 1561 4731 eor'rexn
