3546 5236
731 415 941 512 Αἱ-

223 609 427 692 mutaverint,
451 608 603 693 displicet
627 608 733 674 adhuc
756 629 819 674 vox
842 613 981 674 uatioaes
994 607 1081 674 nude
1096 617 1128 674 et
1143 608 1213 674 sine
1228 609 1292 674 ullo
1307 607 1453 693 epitheto

222 715 340 800 posita.
377 735 462 798 qnae
485 714 670 798 difficultas,
695 715 722 780 si
746 723 821 801 post
844 715 933 780 illem
957 737 1079 780 omues
1108 719 1213 796 (or'ries
1236 715 1288 780 vel
1312 719 1375 796 aas)
1404 715 1451 780 in-

223 820 428 906 seruerimus,
457 821 553 887 facile
582 822 720 888 tolletur.
766 842 870 905 neque
898 823 932 887 in
962 821 1121 888 eiusmodi
1152 820 1330 906 hyperbole
1362 821 1451 906 apud

224 928 392 1012 Senecam,
414 931 448 992 ia
466 931 658 1013 philosophia
681 931 922 1010 declamatorem,
947 927 1174 994 offendendum
1198 928 1307 1010 estu).

330 1034 376 1100 de
399 1033 523 1100 bones.
548 1035 574 1098 V
593 1037 622 1116 6,
647 1039 681 1100 2:
706 1037 875 1102 Archelaus
897 1058 955 1100 ree
980 1036 1136 1102 Socratem
1159 1039 1277 1118 royaoit
1298 1044 1333 1100 ut
1355 1039 1397 1102 ad
1418 1058 1452 1101 se

328 1145 458 1206 ueniret:
481 1145 598 1206 dimisse
614 1142 756 1208 Socrates
779 1145 911 1208 traditur
933 1145 1013 1208 nolle
1035 1145 1127 1208 seed
1141 1165 1208 1208 arm
1221 1147 1333 1224 uenire,
1357 1165 1378 1208 a
1391 1164 1451 1228 prro

328 1253 478 1333 acciperet
501 1251 653 1332 beneficia,
678 1271 746 1314 ciros
769 1252 898 1314 reddere
920 1251 965 1313 illi
983 1253 1078 1334 paria
1100 1271 1163 1314 ooo
1181 1257 1294 1334 posset.

223 1357 288 1421 iam
312 1355 455 1422 ostendit
470 1355 595 1421 Seneca
619 1357 713 1440 paria
737 1363 835 1440 atque
859 1356 942 1421 odeo
967 1357 1092 1421 maiora
1110 1355 1269 1422 beneficia
1284 1357 1451 1422 Socratem

221 1462 270 1527 illi
294 1463 364 1546 regi
388 1461 525 1529 reddere
549 1464 693 1548 potuisse
717 1472 749 1527 et
773 1463 892 1529 deinde
916 1467 948 1544 (ξ
972 1467 1005 1546 6)
1032 1463 1079 1529 sic
1101 1463 1222 1548 pergit:

330 1571 472 1635 Socrates
490 1593 599 1655 parem
622 1574 755 1652 pr'crtiaru
770 1571 919 1635 Archelao
934 1576 1054 1654 referre
1076 1591 1139 1634 uou
1156 1579 1271 1654 posset,
1296 1575 1324 1635 si
1346 1574 1450 1636 illum

329 1699 486 1760 rapuere
518 1681 723 1742 floruisset?
769 1700 887 1762 parum
914 1679 1027 1742 scilicet
1058 1699 1202 1760 rrropuum
1229 1679 1404 1760 hatcficium
1431 1702 1452 1744 a

329 1784 456 1850 Socrate
479 1785 653 1868 arripriehul,
677 1787 705 1848 si
727 1787 824 1849 ullum
847 1786 923 1848 dare
937 1784 1059 1850 Socrati
1076 1787 1235 1868 potuisset.
1270 1805 1365 1868 quare
1379 1807 1452 1868 erpo

331 1892 473 1957 Socrates
496 1894 552 1955 hoc
574 1894 671 1954 dicit?

220 1999 320 2064 acerba
343 2017 428 2082 quae
456 2005 543 2063 sunt:
578 2001 662 2061 illum
691 2019 820 2080 repuare
842 2000 993 2062 docuisset
1016 1997 1111 2064 unius
1135 1996 1257 2065 codicis
1281 2000 1451 2066 Trossiani

220 2105 434 2172 recentissimi
466 2112 499 2170 et
531 2113 730 2170 vetustarum
764 2103 967 2187 quarundam
995 2103 1171 2170 editionum
1203 2103 1267 2171 fide
1299 2106 1450 2190 nituntur,

222 2231 294 2276 cum
325 2211 501 2277 Nazariani
534 2211 639 2296 prima
671 2231 785 2276 munus
819 2210 900 2277 haec
933 2211 1099 2276 exhibeat:
1136 2215 1165 2276 si
1200 2215 1285 2277 illam
1320 2235 1452 2296 reparare

221 2322 362 2383 uetuisset
383 2321 412 2382 si
433 2321 518 2382 illum
541 2340 672 2400 reptare
695 2321 809 2383 luisset.
852 2336 986 2401 quorum
1010 2337 1205 2401 quamquam
1228 2319 1334 2386 altera
1356 2329 1450 2407 parte

222 2425 302 2490 nihil
326 2426 508 2491 continetur
530 2425 593 2490 nisi
608 2425 758 2509 repetitio
773 2443 883 2490 eorum
898 2444 983 2508 quae
996 2423 1197 2511 praecedunt
1211 2426 1378 2510 paululum
1392 2427 1449 2492 im-

220 2531 403 2615 mutatu¹⁵),
427 2539 536 2596 tamen
560 2531 636 2614 qnid
661 2530 760 2617 priori
784 2529 942 2596 iaciamus
966 2551 1030 2596 non
1052 2531 1163 2614 liquet.
1209 2552 1284 2597 num
1311 2535 1449 2619 probato

220 2640 276 2704 illo
313 2642 465 2706 docuisset
501 2638 578 2702 nihil
617 2639 833 2721 assequimur,
875 2639 950 2721 quia
987 2638 1049 2702 hoc
1085 2637 1275 2705 beneficium
1315 2661 1449 2726 prorsus

220 2746 384 2814 diversum
409 2753 459 2811 est
482 2746 524 2810 ub
547 2745 597 2828 iis,
621 2765 704 2828 quae
728 2743 826 2829 paulo
850 2745 999 2829 superius
1023 2745 1176 2812 Socrates
1200 2745 1232 2810 in
1257 2746 1450 2814 Archelaum

220 2854 364 2919 conferre
388 2853 534 2938 potuisse
559 2851 683 2916 dicitnr.
730 2852 794 2916 iam
822 2850 883 2916 hoc
907 2851 1056 2917 Gertzins
1084 2871 1213 2936 quoque
1241 2855 1448 2941 perspexisse

220 2958 357 3042 videtur,
382 2959 436 3041 qui
460 2958 551 3023 aliud
575 2965 660 3022 certe
685 2957 762 3040 quid
786 2966 884 3041 atque
908 2957 989 3022 illud
1012 2959 1113 3024 latere
1128 2957 1216 3043 dicit,
1240 2959 1298 3025 sed
1312 2959 1347 3024 id
1362 2961 1450 3044 quod

219 3065 291 3150 ipse
324 3066 480 3151 scriptum
512 3063 614 3130 luisse
646 3065 798 3130 coniecit:
835 3069 864 3129 si
894 3067 981 3128 illum
1007 3087 1138 3148 raptare
1165 3071 1307 3132 vetuisset
1332 3090 1448 3153 parurn

218 3177 369 3260 poenior?
400 3174 512 3236 scilicet
535 3172 649 3236 merito
673 3173 703 3237 in
728 3171 875 3254 margine
898 3179 1023 3237 tantum
1043 3173 1312 3238 commemorarit
1342 3194 1449 3258 neque

218 3300 296 3346 vero
329 3299 411 3365 opus
440 3286 491 3344 est
519 3279 720 3344 coniecturis.
767 3299 841 3343 num
874 3277 962 3364 apud
994 3278 1227 3363 Ahaelurdum,
1259 3281 1315 3363 qui
1346 3287 1448 3348 totum

219 3386 303 3452 hunc
332 3385 436 3451 locum
466 3385 499 3450 in
524 3405 671 3452 sermone
694 3385 837 3450 XXXIII
862 3389 905 3470 (p.
929 3389 1021 3452 592a
1044 3384 1094 3451 ed.
1117 3385 1239 3469 Migne)
1268 3388 1450 3473 exscripsit,

217 3493 300 3561 haec
323 3493 488 3577 leguntur:
521 3497 549 3558 st
576 3495 662 3558 illuns
690 3515 824 3576 aepare
845 3497 995 3558 uetuisset.
1039 3493 1072 3558 in
1096 3494 1211 3576 quibus
1235 3493 1343 3559 omnia
1365 3495 1450 3561 bene

219 3621 254 3667 se
278 3600 412 3684 habent,
440 3601 502 3667 nisi
532 3599 618 3684 quod
648 3603 741 3682 illum,
771 3619 812 3666 ne
840 3599 884 3665 ad
913 3599 1106 3666 Archelaum
1134 3599 1301 3684 referatur,
1328 3601 1450 3666 inille

218 3731 296 3772 eum
319 3707 507 3773 mutandum
523 3715 643 3793 etpost
658 3705 691 3772 id
707 3705 795 3790 quod
810 3707 955 3790 sequitur
969 3707 1168 3773 enuntiatum
1184 3707 1447 3791 interrogationis

218 3815 345 3899 signum
368 3813 553 3900 ponendum
577 3821 635 3879 est.
682 3813 881 3880 adverbum
905 3821 1013 3880 autem
1035 3835 1148 3898 aspare
1170 3813 1338 3892 beneficia,
1363 3834 1448 3898 qnae

216 3921 396 3988 Archelaus
421 3941 457 3987 se
480 3920 630 3986 daturum
654 3941 728 3987 esse
750 3921 953 4006 promiserat,
976 3920 1160 4006 supplenda
1183 3929 1265 4006 sunt,
1289 3941 1361 3987 oum
1385 3924 1447 4002 §2

219 4027 301 4094 haec
311 4029 411 4094 verba
422 4036 547 4094 extent:
560 4032 697 4113 primaru
713 4031 857 4112 tuipsius
865 4036 1017 4116 potestate
1030 4037 1096 4094 erat
1108 4050 1172 4094 uou
1185 4031 1322 4114 ocapere
1336 4035 1368 4094 et
1381 4031 1446 4109 §tiz

308 4241 343 4310 ¹⁴)
362 4244 467 4298 similia
485 4244 559 4313 apud
573 4245 704 4298 Senecam
723 4245 832 4312 patrem
844 4243 875 4297 in
889 4243 981 4312 prima
994 4242 1118 4299 suasoria
1136 4243 1312 4312 reperiuntur
1329 4243 1373 4310 (cf.
1393 4241 1448 4296 Leo

217 4335 353 4388 Obseroat.
372 4351 399 4401 p.
422 4335 541 4400 149sq.).
579 4337 700 4386 ceterum
724 4332 845 4386 eiusdem
869 4331 959 4386 locum
983 4335 1142 4400 corruptum
1161 4332 1210 4400 qui
1229 4334 1308 4386 extat
1325 4334 1447 4386 controv.

216 4421 241 4474 ΙΙ
262 4422 286 4486 1,
307 4422 340 4475 13
364 4438 416 4476 uon
434 4425 526 4475 usaria
546 4439 673 4490 umquam
691 4439 725 4475 ex
747 4423 811 4476 colle
833 4424 933 4475 vidisse
955 4423 1025 4475 lata
1050 4421 1156 4488 (sedata
1180 4421 1210 4474 Ο.
1231 4419 1353 4485 Iahnius,
1375 4423 1447 4475 laeta

215 4509 345 4578 Hessius)
363 4509 473 4565 collatis
492 4509 544 4565 filii
562 4511 652 4565 verbis
671 4509 714 4564 his
733 4509 780 4576 (ad
798 4510 882 4564 Mara
903 4510 945 4575 17,
965 4509 992 4576 2)
1010 4511 1112 4564 uidebis
1130 4537 1149 4548 -
1164 4538 1183 4548 -
1198 4538 1217 4548 -
1235 4518 1352 4564 stratam
1370 4511 1447 4564 ι’ῑῑιιιιι

214 4601 347 4666 famosam
370 4601 527 4672 Charybdin
551 4600 593 4654 ita
615 4599 816 4654 emendandum
840 4615 897 4654 esse
920 4601 988 4668 puto
1006 4601 1039 4653 ut
1056 4599 1192 4654 scribatur
1210 4601 1309 4654 cidisse
1327 4607 1447 4653 strata.

309 4687 342 4756 ¹⁵)
360 4688 405 4742 Nn
426 4693 455 4743 et
473 4689 498 4743 R
516 4688 588 4742 nihil
607 4687 684 4744 aliud
702 4688 835 4757 praebent
854 4687 920 4742 nisi:
944 4690 970 4742 si
988 4689 1066 4742 illum
1085 4705 1198 4757 repsere
1217 4691 1352 4742 uetuisset.

1253 4778 1285 4830 to
