3568 5238
854 417 1063 512 A..

337 640 421 704 runis
442 641 545 705 liberti
566 640 745 704 testimonio
771 639 851 719 quod
867 639 1078 719 Kiesslingins
1096 637 1332 718 Schoelliusque
1353 637 1555 702 scholiastam

337 744 381 807 ita
403 762 496 806 nsum
512 761 581 806 esse
603 743 745 806 scribunt
753 743 784 822 ¹),
807 746 844 804 ut
865 742 949 804 illius
972 741 1150 805 auctoritati
1175 759 1237 803 non
1259 739 1392 803 nimium
1407 739 1555 802 tribuisse

337 845 489 920 videatur,
512 865 619 910 vereor
640 849 677 908 nt
698 849 782 908 recte
804 843 1023 918 iudicaverint,
1056 861 1129 906 cum
1152 845 1183 906 in
1207 841 1282 925 ipsis
1306 843 1430 906 Asconii
1452 841 1556 904 verbis

337 949 458 1012 nullam
480 949 573 1011 huius
596 947 780 1030 suspicionis
805 965 915 1010 ansam
938 946 1225 1010 animadverterim.

423 1067 517 1131 Porro
540 1068 601 1131 duo
622 1068 698 1142 loci,
728 1085 920 1148 quamquam
944 1066 983 1130 ad
1006 1067 1125 1130 Titanis
1147 1065 1244 1130 fidem
1268 1085 1287 1129 a
1309 1065 1556 1129 commentatore

336 1189 398 1234 non
411 1170 525 1234 diserte
537 1173 732 1245 revocantur,
748 1173 855 1232 tamen
873 1188 909 1232 ex
924 1169 1010 1232 illius
1026 1170 1101 1232 ‘vita
1116 1168 1283 1234 Ciceronis'
1300 1168 1389 1251 petiti
1402 1166 1555 1230 videntur.

337 1272 444 1337 Tradit
467 1273 550 1336 enim
573 1271 725 1336 Asconius
754 1292 784 1354 p.
808 1275 838 1348 4,
862 1273 988 1334 20-22
1012 1271 1201 1336 ‘Ciceronem
1230 1271 1329 1334 filiam
1359 1272 1444 1352 post
1465 1286 1557 1330 mor-

337 1379 412 1438 tem
436 1374 586 1438 Pisonis
610 1375 741 1456 generi
769 1375 804 1438 P.
828 1375 990 1438 Lentulo
1018 1373 1290 1449 collocavisse,
1319 1373 1416 1456 apud
1447 1389 1556 1452 quem

340 1479 413 1541 illa
436 1497 478 1541 en
501 1480 613 1560 partu
636 1477 859 1541 decesserit’
883 1478 983 1540 isdem
1010 1475 1075 1540 iere
1097 1477 1199 1540 verbis
1226 1479 1340 1558 quibus
1368 1472 1557 1539 Plutarchus

338 1581 370 1644 in
387 1579 544 1644 Ciceronis
561 1581 613 1643 vit.
631 1599 697 1663 cap.
714 1582 770 1642 41:
790 1577 927 1664 γήμαντι
943 1571 973 1643 d’
987 1571 1073 1664 αι’τῴ
1091 1579 1170 1648 (scil.
1186 1580 1341 1660 Ciceroni)
1356 1570 1425 1661 μετ’
1443 1569 1480 1641 οὗ
1496 1597 1559 1638 πο-

336 1675 393 1746 λὺν
407 1681 518 1766 χρόνον
533 1678 709 1769 ὴθυγάτηρ
724 1675 908 1746 ἀπέθανε
922 1677 1112 1746 τίκτουσα
1129 1675 1235 1766 παρὰ
1247 1674 1558 1766 Λέντλῳ,τοι”τῳ

233 1851 235 1855 ,
337 1775 406 1868 γὰρ
424 1781 603 1871 ἐγαμήθη
619 1781 718 1867 μετὰ
742 1777 1024 1869 τὴνΠτίσωνος
1044 1789 1108 1849 τοῖ·
1124 1787 1322 1869 προτέρου
1337 1775 1559 1868 dructera-

337 1883 489 1971 λεττήν,
514 1889 567 1951 ubi
589 1889 788 1952 Tironianam
810 1887 967 1952 Ciceronis
991 1889 1088 1952 vitam
1115 1909 1170 1971 pro
1190 1888 1275 1952 fonte
1298 1887 1475 1952 habendam
1491 1902 1559 1948 esse

338 2009 437 2073 paene
454 1994 574 2054 certum
590 1993 648 2065 est,
666 1989 778 2072 quippe
797 2010 892 2071 qnam
904 1991 1111 2054 Plutarchum
1129 1992 1161 2054 in
1179 1991 1237 2054 hoc
1253 1992 1358 2055 libello
1374 1991 1498 2073 praeter
1510 1986 1560 2051 Ci-

338 2093 458 2156 ceronis
485 2094 600 2156 librum
629 2089 705 2175 περὶ
732 2087 890 2169 ὗττατείας
912 2093 1046 2156 maxime
1071 2094 1272 2175 exscripsisse
1295 2093 1454 2176 probabile
1478 2091 1559 2168 siti).

337 2196 420 2259 Nam
436 2197 494 2259 etsi
514 2196 608 2278 paulo
625 2214 720 2278 snpra
735 2194 777 2278 (p.
789 2197 820 2272 4,
832 2198 885 2274 20)
901 2196 1111 2260 Fenestellam
1127 2196 1236 2260 laudat
1254 2197 1430 2270 scholiasta,
1452 2197 1562 2256 tamen

337 2299 489 2374 hocloco,
517 2301 700 2381 praesertim
724 2318 796 2362 oum
815 2317 876 2362 non
893 2317 963 2362 raro
979 2300 1027 2362 rel
1043 2317 1159 2380 pancos
1175 2318 1285 2362 versus
1301 2319 1336 2363 ex
1353 2297 1566 2381 compluribus

339 2401 480 2466 lontibus
499 2402 692 2483 congessisse
708 2401 858 2477 videatur,
879 2401 1013 2465 eundem
1031 2403 1069 2466 ab
1091 2421 1127 2465 eo
1143 2403 1327 2466 arcessitum
1349 2421 1418 2466 esse
1433 2401 1564 2464 minime

337 2522 465 2567 necesse
481 2506 569 2584 este).
604 2505 710 2567 Altero
731 2504 798 2568 loco
821 2511 864 2587 (p.
883 2506 932 2578 14,
958 2505 1053 2584 1-8)
1077 2505 1245 2568 traduntur
1267 2506 1359 2569 haec:
1383 2503 1465 2567 ‘Fuit
1481 2550 1487 2563 .
1505 2550 1560 2564 ...

339 2606 458 2689 Pupius
473 2606 547 2670 Piso
563 2607 681 2670 eisdem
697 2607 890 2689 temporibus
907 2609 1021 2687 quibus
1034 2607 1150 2684 Cicero,
1167 2608 1221 2670 sed
1236 2611 1323 2671 tanto
1340 2610 1442 2671 aetate
1455 2605 1563 2677 maior,

341 2711 377 2771 ut
394 2709 664 2773 adulescentulum
681 2709 860 2774 Ciceronem
878 2714 966 2792 pater
983 2710 1020 2773 ad
1045 2729 1117 2773 enm
1140 2710 1318 2786 deduceret,
1335 2710 1418 2792 quod
1432 2710 1464 2771 in
1480 2727 1516 2772 eo
1531 2711 1564 2769 et

341 2813 489 2892 antiquae
514 2813 595 2875 vitae
619 2811 791 2876 similitudo
815 2817 847 2875 et
873 2814 993 2876 multae
1017 2817 1107 2876 erant
1134 2814 1273 2876 litterae:
1306 2815 1409 2876 orator
1437 2829 1562 2893 quoqne

339 2915 449 2977 mehor
465 2933 561 2995 quarn
578 2915 770 2994 frequentior
785 2915 912 2980 habitus
929 2917 1021 2996 θεῖ’).
1057 2915 1188 2980 Biennio
1211 2918 1318 2979 tamen
1342 2915 1442 2977 serius
1466 2931 1562 2994 quam

341 3017 450 3080 Cicero
474 3018 583 3080 consul
605 3017 680 3090 fuit3
709 3018 914 3101 triumphavit
935 3038 1053 3101 procos
1081 3019 1118 3084 de
1142 3018 1309 3100 Hispania,
1337 3015 1563 3094 arianensia

341 3118 376 3196 Q.
390 3119 516 3184 Metello
533 3120 653 3185 Cretico
666 3139 754 3197 coss,
768 3123 785 3160 *
800 3123 848 3196 *⁵)
864 3125 936 3185 ante
953 3121 1110 3186 Ciceronis
1122 3121 1339 3185 consulatum'
1362 3118 1563 3199 Quamquam

344 3221 429 3284 enim
454 3221 560 3286 Cicero
591 3225 657 3305 ipse
685 3223 787 3298 (Brut.
809 3224 858 3300 68,
887 3225 964 3298 24ος
995 3225 1044 3299 90,
1069 3225 1144 3302 310)
1174 3243 1207 3287 se
1231 3243 1303 3287 cum
1327 3221 1368 3285 Μ.
1393 3221 1492 3303 Pupio
1512 3219 1565 3281 Pi·

342 3343 418 3387 sone
434 3344 507 3387 curn
524 3325 661 3388 amicitia
677 3329 745 3389 tum
762 3326 873 3389 studita
890 3326 1223 3407 exercitationibusque
1240 3326 1443 3389 coniunctum
1465 3320 1562 3385 inisse

342 3427 460 3500 scribit,
485 3431 591 3491 tamen
612 3429 775 3504 Asconius,
799 3447 872 3491 cum
896 3429 987 3512 plura
1002 3431 1161 3514 praebeat,
1185 3431 1281 3493 alium
1299 3446 1422 3509 quoqne
1445 3425 1563 3488 fontem

342 3529 380 3592 de
411 3529 459 3592 his
486 3531 579 3594 rebus
600 3533 769 3614 inspexerit
791 3534 926 3613 oportet3
950 3533 1031 3596 hano
1054 3536 1161 3596 antem
1184 3532 1395 3595 narrationem
1419 3547 1455 3592 ex
1477 3527 1565 3592 Cice·

411 3805 433 3864 ¹)
452 3801 539 3856 Praei.
558 3820 584 3872 p.
603 3802 688 3856 XIII.
947 3845 949 3854 .

410 3889 434 3952 ⁹)
452 3887 486 3942 cf.
506 3888 544 3941 H.
564 3888 652 3956 Peter,
670 3887 714 3943 dle
733 3888 850 3955 Quellen
870 3889 1016 3944 Plutarchs
1035 3906 1061 3959 p.
1080 3890 1130 3944 129
1149 3906 1208 3959 sqq.

411 3975 432 4040 8)
453 3973 535 4039 Quod
558 3973 686 4028 nonnulli
704 3979 838 4042 putarunt
855 3991 896 4042 ea,
914 3991 985 4044 quae
1003 3975 1141 4028 Asconius
1161 3981 1189 4029 et
1206 3975 1374 4029 Plutarchus
1392 3973 1426 4027 de
1443 3973 1474 4026 P.
1494 3971 1564 4026 Len·

342 4057 411 4124 tulo,
424 4059 563 4112 Ciceronis
581 4075 693 4128 genero,
717 4059 847 4126 tradunt,
872 4077 936 4114 cum
955 4060 1049 4114 Cicero
1067 4061 1126 4130 ipse
1152 4061 1197 4127 (ad
1217 4062 1314 4128 Quint.
1333 4061 1364 4114 fr.
1384 4059 1462 4124 114;
1486 4057 1564 4121 115;

342 4143 377 4196 ad
397 4143 461 4197 iarn.
481 4145 494 4198 I
514 4145 539 4212 7,
557 4147 601 4210 11)
618 4145 808 4215 Crassipedem
826 4145 965 4215 quendam
988 4151 1020 4198 ut
1037 4163 1169 4216 sponsum
1188 4147 1260 4201 fillae
1277 4163 1344 4200 suae
1361 4152 1565 4210 commemoret,

342 4247 359 4282 a
376 4229 491 4283 veritate
508 4229 661 4297 abhorrere,
687 4237 779 4285 tamen
798 4231 930 4300 quoniam
948 4229 983 4284 de
999 4231 1054 4285 illis
1072 4232 1177 4302 nuptiis
1196 4233 1261 4302 ipsis
1279 4231 1349 4286 nihil
1366 4247 1484 4300 usquam
1496 4228 1565 4298 legi-

342 4321 396 4380 tur,
413 4314 577 4384 desponsam
597 4317 679 4370 modo
696 4315 818 4370 Tulliam
836 4323 901 4371 ante
912 4317 1052 4372 Ciceronis
1075 4318 1103 4371 in
1114 4317 1240 4372 Ciliciam
1258 4318 1466 4388 profectionem,
1483 4330 1564 4368 num-

343 4415 429 4470 quam
454 4399 615 4455 collocatam
635 4401 720 4456 fuisse
738 4401 894 4471 Crassipedi
911 4403 1090 4458 statuendum
1115 4411 1169 4458 est:
1197 4403 1230 4457 cf.
1249 4403 1363 4474 Madvig
1392 4402 1410 4457 l.
1428 4418 1451 4456 c.
1476 4419 1502 4471 p.
1522 4403 1564 4456 68.

412 4491 432 4540 ‘t
452 4487 508 4554 Ea,
537 4504 609 4558 quae
626 4489 759 4558 interpres
783 4488 818 4542 de
840 4489 948 4543 Pisonis
967 4490 1092 4544 doctrina
1110 4497 1138 4543 et
1155 4490 1230 4544 fama
1246 4489 1365 4544 oratoria
1383 4488 1486 4556 scribit,
1499 4505 1565 4543 eum

343 4571 482 4626 Ciceronis
500 4573 602 4628 indicio
620 4573 776 4628 consentire
796 4590 880 4644 snpra
899 4580 936 4646 (p.
956 4578 998 4638 18)
1017 4576 1275 4630 demonstravimus.

413 4661 436 4723 ⁵)
456 4659 523 4713 Post
541 4675 635 4712 vocem
654 4661 742 4714 ‘coss'
761 4661 845 4714 verba
864 4664 951 4715 ¹annis
971 4661 1023 4716 VI'
1041 4661 1187 4716 inserenda
1204 4680 1263 4718 esse
1280 4664 1385 4734 opinor.
