3598 5224
885 401 887 408 ,
970 357 1014 422 50

377 549 471 616 huius
496 550 655 635 epistulae
682 551 783 616 verba
810 551 842 614 ln
867 552 1014 616 omnibus
1038 551 1132 616 huius
1156 551 1274 617 classis
1298 551 1464 618 codicibus
1488 551 1606 634 desint,

375 659 431 722 vin
461 656 616 722 credibile
649 663 700 723 est
731 657 764 721 in
799 657 966 722 Serbonici
1004 657 1180 743 archetypo
1214 659 1481 743 subscriptionem
1515 660 1604 725 illam

376 785 455 830 casn
484 771 647 829 servatam
677 783 759 830 esse.
806 763 934 828 accedit
961 763 1047 846 quod
1076 765 1165 829 nulla
1193 765 1334 849 epistula
1361 766 1395 830 in
1422 767 1510 831 nullo
1538 767 1604 832 alio

376 870 488 937 codice
511 877 642 955 praeter
665 869 856 937 subditicias
876 870 1041 954 Paulines,
1065 891 1200 954 quarum
1224 872 1404 957 exemplum
1427 874 1537 938 nescio
1561 895 1605 938 an

377 987 507 1044 secutus
531 978 573 1043 sit
596 978 816 1062 interpolator,
844 987 971 1062 tempus
1000 997 1062 1060 quo
1087 978 1209 1063 scripta
1233 979 1275 1044 sit
1297 979 1474 1044 indicatum
1496 980 1604 1046 habet

376 1105 475 1169 quare
507 1085 722 1168 consequitur,
756 1092 790 1149 ut
822 1084 954 1150 librario
987 1091 1053 1148 tam
1086 1084 1178 1149 vafro
1207 1085 1305 1150 etiam
1332 1086 1407 1151 aliis
1435 1085 1517 1152 locis
1547 1088 1603 1152 ubi

375 1192 558 1275 singulares
581 1191 738 1257 lectiones
762 1191 901 1274 exhibet,
925 1211 1009 1274 quae
1032 1190 1193 1256 interdum
1207 1191 1362 1256 maiorem
1379 1193 1520 1276 speciem
1534 1194 1603 1258 veri

374 1299 495 1366 habent
518 1319 614 1382 quam
637 1298 704 1382 illa,
732 1297 919 1364 diffidamus
950 1317 1070 1380 easque
1095 1297 1184 1363 solas
1206 1299 1259 1362 vel
1283 1300 1527 1383 comprobemus
1550 1301 1602 1365 vel

375 1406 652 1474 commendatione
677 1405 795 1489 dignas
818 1413 976 1489 putemus,
1000 1425 1085 1487 quae
1108 1406 1195 1470 omni
1211 1405 1412 1471 dubitatione
1432 1415 1602 1492 exemptae

373 1514 552 1580 videantur.
607 1512 706 1598 paulo
742 1512 847 1577 minus
885 1512 996 1596 gravis
1033 1511 1293 1596 interpolationis
1330 1514 1511 1598 exemplum
1543 1523 1602 1597 est,

374 1621 461 1706 qnod
483 1621 498 1684 I
521 1623 550 1704 9,
578 1623 627 1704 12,
652 1619 693 1686 de
717 1639 779 1702 quo
803 1618 874 1683 loco
899 1619 964 1682 iam
988 1618 1120 1702 saepius
1144 1617 1316 1684 dicendum
1340 1626 1423 1703 erat,
1451 1620 1484 1684 in
1509 1620 1600 1687 Sorb.

373 1728 455 1794 haec
478 1725 599 1792 traditu
623 1733 713 1791 sunt:
737 1734 955 1810 eapropter
977 1747 1015 1789 ce
1037 1747 1084 1790 oa
1102 1734 1259 1810 propter
1282 1729 1385 1791 aliod
1406 1729 1447 1791 cit
1469 1731 1602 1792 amicita

372 1835 548 1920 expetendo.
596 1835 679 1897 Nom
706 1836 734 1896 et
757 1840 886 1916 propter
913 1853 946 1896 se
975 1851 1040 1914 eqs.
1086 1833 1187 1897 verba
1209 1852 1286 1896 vero
1310 1832 1439 1899 Graeca
1462 1834 1600 1898 orationi

372 1941 510 2006 Latinae
533 1940 678 2004 immeta
700 1939 729 2005 is
754 1939 809 2021 qui
834 1958 905 2003 eum
930 1938 1077 2003 exaravit
1100 1939 1181 2003 mira
1204 1940 1311 2024 plane,
1339 1961 1400 2006 nee
1423 1949 1531 2006 tamen
1554 1940 1601 2005 in-

373 2047 486 2113 audita
510 2049 636 2111 ratione
660 2046 869 2131 interpretari
890 2053 1026 2111 conatus
1050 2053 1100 2111 est
1123 2045 1178 2130 ita,
1202 2054 1238 2110 ut
1260 2047 1340 2111 XIII
1360 2051 1390 2130 3,
1414 2049 1457 2113 23
1484 2048 1601 2114 litteris

373 2155 508 2221 Graecis
532 2153 691 2238 corruptis
716 2173 773 2219 eas
796 2153 948 2237 Latinas,
978 2173 1060 2236 quas
1088 2152 1154 2218 illis
1176 2153 1375 2238 respondere
1399 2156 1601 2240 opinabatur,

953 2277 981 2314 se
1012 2278 1028 2314 c
1067 2259 1077 2313 i
1105 2278 1122 2314 a
1154 2260 1197 2314 lc
1237 2261 1247 2312 i
1280 2279 1291 2314 s

372 2333 641 2418 superscriberet:
665 2334 718 2395 tec
738 2339 820 2396 ortes
842 2353 918 2414 pace
943 2329 1300 2408 suscitatore
1322 2336 1405 2416 preci
1427 2332 1600 2418 coccat.³⁷>

372 2440 510 2522 denique
534 2439 631 2524 18,'l
658 2443 747 2503 extat
770 2447 922 2522 corrupta
944 2436 1041 2502 lectio
1065 2441 1322 2523 corrrpltcomus
1345 2459 1403 2524 pro
1427 2441 1600 2524 compilo-

371 2546 497 2632 mcaifl)
522 2547 593 2611 etl
620 2548 667 2629 12,
693 2549 710 2612 7
735 2545 894 2610 Heracliti
919 2564 1097 2627 cognomen
1121 2545 1278 2610 omittitur
1301 2545 1343 2633 (v.
1366 2568 1397 2631 p.
1421 2550 1488 2626 44).

461 2654 527 2718 alic
550 2640 699 2719 vitiorum
723 2673 841 2735 genere
866 2651 1056 2737 deturpatus
1081 2659 1131 2717 est
1150 2651 1253 2718 codex
1268 2653 1303 2718 L.
1336 2653 1391 2736 qui
1406 2673 1601 2736 quamquam

371 2763 528 2848 plurimas
552 2761 728 2846 scripturas
753 2779 824 2824 cum
847 2759 925 2823 Pr.b
949 2757 1088 2842 aliisque
1107 2759 1251 2825 eiusdem
1271 2759 1414 2825 familiae
1434 2760 1601 2826 codicibus

372 2887 556 2934 communes
584 2866 690 2950 habet,
724 2873 832 2930 tamen
860 2886 924 2930 non
958 2865 1075 2932 desunt
1102 2867 1174 2950 loci,
1205 2867 1320 2949 quibus
1350 2866 1393 2931 ad
1422 2866 1601 2933 deteriores

372 2973 530 3058 quosdam
560 2973 690 3039 codices
719 2973 986 3056 gravissimisque
1019 2973 1322 3057 interpolationibus
1354 2981 1521 3058 corruptos
1553 2973 1600 3038 in-

370 3081 481 3164 clinet,
515 3100 647 3164 quorum
678 3079 890 3145 vetustIssimi
924 3087 997 3145 sunt
1029 3081 1203 3147 Beruensis
1232 3083 1299 3146 484
1328 3081 1450 3146 saeculi
1483 3080 1601 3146 decimi

369 3188 457 3253 tertii
479 3194 512 3253 et
527 3187 719 3270 Reginensis
746 3188 832 3253 1544
855 3185 1000 3251 eiusdem
1024 3187 1143 3252 aetatis
1166 3187 1252 3252 notis
1275 3187 1388 3252 Bere
1412 3187 1600 3253 aFickerto

370 3293 545 3379 sigulfioati
571 3297 612 3375 (v.
627 3291 735 3379 infra).
772 3291 808 3356 id
831 3291 917 3374 quod
942 3293 1012 3358 sine
1036 3293 1134 3357 dubio
1159 3294 1204 3358 ita
1228 3293 1423 3376 factumest,
1448 3301 1482 3357 ut
1500 3295 1600 3378 isqui

370 3401 554 3486 Lscripsit
580 3400 695 3465 librum
727 3401 767 3465 ob
796 3400 907 3465 oculos
939 3398 1083 3483 haberet,
1117 3400 1168 3466 cui
1201 3421 1240 3466 ex
1268 3401 1483 3486 interpolatae
1510 3402 1600 3469 illius

369 3507 514 3573 familiae
539 3506 651 3572 codice
674 3505 815 3589 quodam
838 3506 950 3572 variae
970 3505 1125 3572 lectiones
1145 3506 1331 3591 adscrIptae
1352 3514 1469 3574 essent.
1512 3509 1600 3592 quod

369 3615 413 3680 ad
428 3613 713 3680 demonstrandum
734 3613 796 3678 hae
821 3614 1000 3698 scripturae
1023 3613 1107 3679 inter
1131 3635 1166 3680 se
1190 3622 1398 3698 comparatae
1422 3615 1598 3681 sufficient:

427 3722 494 3806 18,
522 3727 537 3786 l
566 3723 613 3785 Tc
640 3743 696 3801 mc,
726 3723 836 3804 loccis,
865 3743 987 3785 mortes
1014 3724 1137 3785 ultore
1166 3723 1300 3798 (ultore
1326 3723 1427 3786 iubes
1454 3722 1479 3786 P
1504 3721 1598 3808 Pr.b)

626 3829 755 3908 turbam,
781 3829 919 3892 secedere
942 3826 968 3889 L
992 3827 1018 3891 Β

516 3937 536 4000 5
559 3935 643 3999 cibrct
658 3940 779 4018 sontem
801 3936 908 3998 sedet.
947 3937 1010 3998 sed
1032 3943 1064 3998 el
1082 3937 1167 4018 potio
1187 3933 1221 4019 L,
1247 3937 1331 4000 cibas
1347 3941 1467 4020 semem
1486 3939 1548 4000 sed
1566 3945 1599 4001 et

621 4045 707 4127 potio
730 4041 766 4124 B,
790 4043 873 4106 cibos
888 4045 1009 4125 somena
1030 4043 1132 4106 cedet
1150 4044 1234 4126 polio
1259 4042 1285 4105 P

458 4201 494 4270 ⁸¹)
518 4197 663 4272 ἐγκυκλίους
691 4201 839 4271 legendum
867 4219 924 4256 esse
952 4200 1055 4255 dudum
1083 4201 1258 4256 intellectum
1290 4205 1331 4256 est
1363 4206 1391 4257 et
1420 4203 1599 4258 confirmatur

367 4292 499 4345 librorum
510 4293 531 4345 P
543 4291 648 4346 etPr.b
663 4290 812 4359 scripturis.
842 4290 1034 4359 supplemento
1053 4293 1148 4344 autem
1167 4290 1201 4345 ab
1220 4291 1322 4346 Haasio
1341 4292 1497 4361 excogItato
1515 4292 1599 4347 facile

368 4399 499 4435 caremus.

459 4468 494 4534 ⁸³)
513 4485 657 4538 perperam
681 4467 798 4522 Hessius
822 4469 873 4522 hoc
896 4468 954 4522 loeo
977 4468 1137 4522 Fickertum
1160 4473 1268 4522 secutus
1291 4472 1341 4535 est,
1365 4470 1414 4538 qui
1432 4471 1597 4540 scripturam

368 4562 559 4626 complicemus
577 4558 620 4612 ite
638 4557 782 4612 defendere
799 4560 922 4621 conetur,
942 4560 974 4610 ut
993 4557 1124 4612 Senecam
1148 4585 1176 4596 ·-
1197 4558 1226 4612 id
1245 4559 1318 4626 quod
1336 4559 1535 4614 alienissimum
1554 4565 1598 4615 eet

369 4649 403 4700 ab
422 4646 551 4702 hocloco
570 4674 603 4684 -
622 4646 652 4699 in
671 4646 859 4714 compIIcaudo
878 4645 989 4716 Epicuri
1009 4645 1079 4700 libro
1097 4646 1200 4700 versari
1219 4647 1301 4702 dicat.
