3480 5230
188 659 248 725 per
280 656 315 706 se
345 635 412 704 veri
435 641 485 702 est
506 634 621 716 simile,
648 641 716 702 tum
746 637 929 704 Philodami
958 631 1107 720 exemplo
1149 629 1406 704 luculentissime

188 741 430 826 comprobatur.
462 741 576 824 Neque
600 740 785 805 Academici
807 746 885 825 post
906 740 1093 806 Aristotelis
1109 745 1251 806 aetatem
1276 762 1406 825 operam
1512 743 1515 749 ’

188 845 340 910 videntur
366 843 543 910 collocasse
569 842 603 906 in
631 841 809 924 rhetorica,
839 844 973 928 quippe'
989 864 1088 927 quam
1111 842 1235 908 minimi
1258 843 1406 910 facerent

188 947 237 1012 vel
259 948 342 1013 adeo
367 947 583 1031 despicerent.
619 945 716 1010 Velut
732 945 935 1012 Charmadas
959 952 1064 1012 artem
1088 967 1158 1011 eam
1182 966 1253 1011 esse
1275 949 1407 1030 negavit

188 1072 293 1134 neque
316 1071 511 1135 quemquam
536 1049 705 1114 contendit
727 1050 859 1132 assequi
883 1070 978 1132 posse
1001 1048 1100 1113 ullam
1124 1048 1251 1114 dicendi
1268 1050 1406 1115 faculta-

187 1162 252 1220 tem
276 1154 339 1218 nisi
356 1154 410 1238 qui
426 1151 696 1243 philosophorum
713 1152 845 1218 inventa
861 1152 1042 1220 didicisset.
1054 1155 1079 1236 ¹)
1117 1152 1280 1218 Ciceronis
1296 1159 1406 1219 tamen

185 1257 389 1342 temporibus
413 1255 506 1320 Philo
532 1254 746 1319 Academicus
775 1256 875 1320 etiam
904 1256 944 1320 de
966 1254 1141 1320 rhetoricis
1169 1255 1350 1339 disputavit
1374 1263 1407 1322 et

186 1366 363 1444 praecepta
385 1358 532 1424 tradidit.
542 1361 566 1440 ²)
610 1356 726 1441 Itaque
751 1359 866 1424 Cicero
889 1359 958 1442 ipse
981 1357 1154 1442 profitetur
1184 1380 1219 1423 se
1241 1366 1404 1424 oratorem

183 1485 250 1528 non
280 1485 320 1528 ex
346 1460 515 1528 rhetorum
539 1459 678 1526 officinis
701 1460 758 1526 sed
785 1482 825 1526 ex
849 1462 1044 1526 Academiae
1067 1462 1183 1545 spatiis
1207 1463 1404 1547 extitissel)

184 1567 275 1632 Idem
314 1587 398 1648 quae
433 1565 467 1628 in
500 1564 599 1642 libro,
637 1563 693 1646 qui
725 1565 938 1647 „partitiones
977 1565 1161 1630 oratoriae“
1203 1565 1404 1644 inscribitur,

186 1669 332 1748 tradidit,
354 1667 559 1733 Academiam
577 1677 724 1732 secutum
745 1689 781 1733 se
796 1667 944 1732 docuisse
967 1668 1027 1732 sub
1044 1669 1139 1732 finem
1157 1667 1259 1732 libelli
1275 1671 1315 1752 (ἓ
1333 1677 1402 1744 139)

185 1772 369 1856 profitetur.

266 1893 337 1959 lam
361 1912 436 1956 vero
459 1911 500 1956 ne
521 1890 732 1974 Peripatetici
755 1891 895 1974 quidem,
919 1891 945 1955 si
969 1891 1112 1974 excipias
1136 1891 1405 1975 Theophrastum,

184 1995 371 2062 Aristotelis
394 1995 591 2079 discipulum
609 2031 648 2042 -
664 2015 739 2058 nam
764 1994 804 2059 de
827 1994 972 2060 Eudemo
996 1999 1029 2059 et
1046 1995 1209 2058 Demetrio
1233 1993 1315 2058 nihil
1337 1995 1405 2059 sere

184 2099 342 2164 habemus
375 2103 580 2182 compertum
606 2133 642 2144 -
667 2104 743 2180 post
766 2098 952 2163 Aristotelis
986 2103 1128 2162 aetatem
1164 2099 1204 2162 de
1237 2097 1402 2162 rhetorica

183 2202 266 2267 bene
299 2203 451 2267 ridentur
484 2201 651 2265 meruisse.
707 2201 812 2278 Quid?
844 2201 932 2284 quod
967 2201 1131 2266 Critolaus
1162 2202 1400 2284 Peripateticus

184 2301 390 2387 κακοτεχνίαν
412 2302 597 2388 appellasse
631 2303 828 2368 rhetoricam
862 2304 1059 2386 traditura)
1108 2305 1214 2368 Etiam
1238 2304 1404 2369 Ciceronis

184 2409 385 2492 temporibus
418 2409 452 2471 in
482 2408 648 2472 rhetorica
682 2407 715 2470 hi
744 2406 929 2491 philosophi
959 2409 1040 2471 satis
1069 2407 1236 2471 habebant
1258 2406 1323 2470 illis
1347 2408 1404 2485 uti,

183 2532 269 2595 quae
294 2510 489 2576 Aristoteles
512 2510 824 2593 Theoplrrastusque
847 2515 1098 2594 composuerant
1125 2509 1178 2591 (cf.
1203 2509 1268 2573 Cic.
1292 2509 1331 2572 de
1356 2530 1403 2574 or.

183 2615 199 2679 Ι
221 2619 287 2698 43).
323 2619 431 2696 Atque
454 2614 568 2697 quanti
593 2613 801 2678 Aristotelem
826 2614 1027 2698 posteriores
1055 2612 1262 2695 Peripatetici
1288 2633 1400 2676 omnes

183 2717 323 2782 fecerint
349 2717 399 2782 vel
423 2715 499 2780 inda
522 2717 644 2796 elucet,
668 2716 756 2798 quod
781 2716 875 2781 huius
899 2723 1006 2782 sectae
1030 2714 1246 2800 philosophus
1269 2715 1402 2797 quidam

182 2821 328 2904 Dionysii
357 2820 655 2886 Halicarnassensis
683 2824 793 2884 aetate
820 2819 1044 2884 demonstrare
1079 2825 1129 2884 est
1157 2823 1309 2896 conatus,
1340 2818 1403 2881 Ila-

182 2923 382 2989 mosthenem
415 2925 575 3007 insignem
605 2943 672 3005 qua
698 2925 857 3006 viguisset
884 2923 1104 3006 eloquentiam
1135 2918 1256 2985 debere
1284 2919 1402 2984 studiis

182 3025 264 3092 artis
288 3025 471 3092 rhetoricae
493 3027 751 3110 Aristoteliae.⁵)
795 3025 834 3089 Ei
858 3027 1079 3109 Peripatetici,
1104 3026 1159 3109 qui
1184 3023 1402 3088 Alexandriae

182 3129 278 3195 sedes
301 3127 550 3211 collocaverant,
574 3128 617 3193 ad
632 3129 811 3212 scriptores
828 3133 928 3211 atque
944 3129 978 3192 in
1001 3129 1116 3212 primis
1133 3128 1176 3193 ad
1199 3132 1313 3209 poetas
1330 3147 1402 3191 exa·

182 3231 354 3297 minandos
377 3232 503 3298 animos
526 3232 783 3314 adverteruntll

268 3351 509 3436 Relinquuntur
524 3354 625 3437 igitur
640 3354 749 3434 Stoici,
766 3353 823 3437 qui
843 3350 993 3434 Pergami
1018 3355 1242 3437 consederant,
1266 3357 1297 3421 in
1321 3355 1402 3421 urbe

183 3456 333 3522 omuibus
370 3456 439 3522 fere
473 3455 600 3522 artibus
634 3457 873 3524 florentissima.
932 3455 1020 3533 Quos
1053 3458 1136 3523 artis
1169 3461 1401 3545 grammaticae

251 3719 274 3784 ¹)
293 3715 346 3770 Cic.
366 3715 399 3769 de
417 3731 455 3770 or.
475 3715 611 3786 190‚84;
631 3717 707 3772 Sext.
727 3715 830 3783 Empir.
850 3715 910 3770 adv.
930 3713 998 3768 rhet.
1018 3717 1053 3768 20
1071 3717 1107 3786 (p.
1126 3719 1177 3772 678
1196 3718 1323 3788 Beklrer).

252 3805 273 3870 ⁹)
293 3802 347 3857 Cic.
366 3802 399 3856 de
418 3817 455 3855 or.
476 3801 516 3855 111
538 3805 601 3870 1103
628 3803 706 3857 Tusc.
727 3801 800 3855 119:
824 3807 937 3868 „nostra
960 3805 1050 3854 autem
1070 3804 1200 3858 memoria
1219 3804 1294 3859 Philo
1317 3837 1349 3844 -
1368 3835 1400 3844 -

181 3889 301 3944 instituit
319 3888 373 3941 alio
393 3894 515 3957 tempore
534 3889 670 3943 rhetorum
689 3895 836 3958 praecepta
856 3887 974 3952 tradere,
996 3888 1050 3942 alio
1069 3890 1314 3959 philosophorum.“

250 3974 271 4044 ¹)
289 3973 342 4027 Cic
361 3988 399 4028 or.
419 3974 459 4027 12.

247 4063 270 4130 ⁴)
289 4061 362 4116 Sext.
381 4060 481 4129 Empir.
501 4060 560 4115 adv.
581 4060 648 4116 rhet.
670 4063 701 4115 12
721 4063 759 4130 (p.
778 4061 828 4114 677
843 4060 895 4128 Β.).
927 4060 970 4113 Ab
990 4059 1031 4114 his
1050 4061 1180 4116 recedunt
1197 4079 1239 4130 ea,
1258 4077 1327 4130 qnae
1346 4067 1401 4117 tra-

178 4147 220 4201 dit
237 4146 327 4215 Quint.
348 4146 374 4201 11
394 4149 435 4214 15,
451 4147 493 4200 23.

246 4233 268 4300 ⁵)
288 4231 365 4286 Dion.
391 4231 453 4286 Hal.
475 4248 519 4302 ep.
543 4232 586 4286 ad.
612 4235 697 4286 Amm.
723 4232 781 4286 ll:
799 4229 845 4286 dra
868 4233 926 4286 τῶν
950 4231 1110 4303 φιλοσόφων
1132 4254 1172 4290 τις
1198 4239 1228 4286 ἐκ
1251 4237 1301 4286 τοῦ
1320 4240 1400 4304 Περι·

178 4317 285 4382 πάτου,
308 4317 403 4370 πάντα
424 4318 595 4387 χαρίζεσθαι
611 4315 778 4385 βουλόμενος
798 4316 984 4388 Ἀριστοτέλει
1001 4348 1013 4359 -
1033 4349 1045 4359 -
1063 4349 1076 4359 -
1095 4325 1140 4371 καὶ
1159 4321 1243 4372 τοῦτο
1262 4320 1401 4387 ὑπέσχετο

178 4404 307 4472 ποιήσειν
323 4403 454 4478 φανερόν,
475 4403 520 4457 ὅτι
538 4405 718 4472 Δημοσθένης
734 4405 783 4459 arie
802 4405 949 4478 ῥητορικάς
967 4409 1068 4472 τέχνας
1087 4405 1151 4475 παρ’
1173 4409 1279 4458 ἐκείνου
1296 4407 1401 4474 μαθών

179 4493 215 4547 εἰς
236 4491 300 4546 τοὺς
323 4487 406 4546 idione
427 4491 573 4563 μετήνεγκε
597 4488 690 4563 λόγους
714 4496 760 4543 καὶ
783 4490 842 4542 κατ’
867 4495 956 4542 έκεῖνο
982 4492 1167 4558 κοσμούμενος
1192 4493 1226 4544 rd
1246 4489 1397 4566 παραγγέλ-

178 4597 252 4636 ματα
271 4575 388 4630 πάντων
405 4580 511 4650 ἐγένετο
529 4579 588 4629 τῶν
605 4577 732 4648 ῥητόρων
750 4577 903 4652 κράτιστος.

251 4665 275 4733 ⁸)
289 4665 326 4724 cl.
345 4665 424 4720 Blass
442 4665 459 4718 l.
479 4681 500 4719 c.
520 4681 546 4734 p.
565 4666 613 4732 835
631 4663 784 4720 Volkmann
803 4666 820 4722 l.
839 4681 861 4722 c.
881 4682 906 4735 p.
928 4667 952 4719 9.

1153 4751 1185 4808 lt
