3480 5230
788 429 807 494 3

189 642 301 737 ἡρῷον,
325 643 451 735 ἴαμβον,
474 651 629 738 τροχαῖον,
654 655 833 720 accuratam
857 653 950 722 buius
973 652 1018 718 rei
1040 653 1258 718 tractationem
1275 653 1410 720 Damoni

188 755 330 836 permisit
361 755 439 831 hoc,
476 754 515 818 dc
549 773 611 835 qno
643 773 745 840 nuper
781 757 876 822 verba
909 755 985 822 iecit
1024 755 1211 839 Rudolphus
1244 756 1411 840 Westphal

189 857 339 940 (Theona
359 856 415 921 der
434 856 614 921 musischan
631 857 755 924 Krinste
771 858 826 924 der
845 858 1007 924 Hellcnen'
1023 856 1040 920 I
1061 857 1186 941 Lipsiae
1204 860 1285 922 1885
1303 879 1332 944 p.
1346 861 1410 940 23),

188 961 270 1024 loco:
305 950 388 1022 άλλά
414 962 518 1024 ταῦτα
550 955 619 1042 μέν,
646 953 758 1046 ὥσπερ
786 951 890 1040 εἶπον,
924 952 971 1036 εἷς
998 956 1145 1042 Δάμωνα
1172 951 1410 1046 ἀναβεβλήσθω

188 1063 290 1144 (11111.
312 1061 362 1126 ΙΠ
383 1061 513 1144 4000).
556 1060 646 1126 Idem
668 1063 700 1126 in
723 1064 845 1147 Legum
867 1063 938 1127 libri
964 1062 997 1128 Π
1019 1063 1245 1147 1111111112
1267 1064 1411 1148 pluribus

189 1165 331 1248 disputat
357 1165 395 1229 de
422 1183 459 1228 aa
488 1165 570 1241 arto,
604 1183 700 1247 quam
727 1167 874 1232 insuam
901 1165 1062 1232 civitatem
1094 1167 1190 1250 recipi
1216 1168 1285 1232 vult
1312 1185 1410 1249 caque

190 1269 326 1333 maxime
348 1269 499 1334 iuvenum
522 1266 642 1333 animos
665 1270 848 1336 excolendos
871 1288 939 1335 ease
963 1270 1079 1334 censet.

274 1371 405 1437 Platone
429 1370 483 1451 qui
508 1371 610 1434 aetate
632 1371 727 1454 paulo
748 1374 846 1438 maior
869 1375 951 1450 erat,
976 1372 1133 1437 Isocrates
1156 1391 1250 1454 quam
1273 1373 1411 1438 studiose

188 1477 351 1558 poctarum
370 1491 517 1538 numeros
534 1473 746 1540 observaverit
767 1475 800 1540 ct
820 1476 852 1540 in
867 1475 997 1540 oratoria
1019 1494 1112 1540 usum
1133 1475 1333 1557 aliquatenus
1349 1478 1412 1540 trc-

189 1577 321 1655 durarit,
348 1579 380 1641 et
401 1576 478 1660 ipsis
505 1577 571 1640 eius
600 1577 791 1642 orationibus
819 1579 1066 1655 demonstratur,
1100 1596 1237 1658 quarum
1264 1597 1411 1643 numeros

189 1680 379 1746 examinavit
400 1679 575 1744 l'ridericus
596 1679 689 1744 Blass
711 1679 793 1763 (‘Die
816 1682 949 1746 attischc
972 1681 1216 1746 Beredsamlreit'
1240 1680 1324 1764 Hp.
1349 1681 1410 1744 136

188 1783 286 1868 111),
319 1785 351 1847 11
373 1783 504 1848 aliorum
533 1782 571 1846 de
593 1780 730 1848 Isocrate
752 1785 948 1850 testimoniis.
992 1783 1051 1850 (tui
1080 1783 1124 1848 rei
1153 1785 1313 1849 numiam
1336 1784 1412 1848 olim

188 1886 443 1968 Thrasymachus
467 1888 499 1950 ct
520 1884 652 1966 Gorgias
674 1903 801 1969 oporam
823 1887 1039 1962 erravissent,
1065 1885 1220 1952 Isocrates
1243 1886 1319 1950 adeo
1340 1884 1411 1950 illos

189 1989 359 2072 superavit,
381 1990 419 2051 11
441 2007 521 2070 quae
543 1988 587 2051 illi
610 1989 833 2072 praestiterant
855 1989 1085 2072 quodammodo
1100 1989 1291 2066 obscuraret,
1315 2007 1411 2070 quare

188 2092 297 2159 Cicero
328 2091 374 2154 ait
399 2091 453 2173 (de
480 2093 556 2156 1111.
583 2089 632 2154 ΠΙ
662 2092 722 2154 113
756 2093 813 2173 [=
841 2092 944 2157 Rufio.
967 2111 995 2176 p.
1020 2093 1094 2168 572,
1121 2092 1161 2154 26
1190 2091 1265 2173 Κ]);
1299 2092 1412 2173 „idque

189 2196 333 2278 princeps
365 2193 521 2259 Isocrates
554 2193 729 2259 instituisse
762 2195 874 2274 fertur,
915 2196 951 2260 ut
982 2195 1176 2260 inconditam
1211 2195 1412 2278 antiquorum

189 2298 313 2362 dicendi
346 2296 605 2363 consuetudinem
637 2297 851 2364 delectationis
884 2300 978 2382 atque
1012 2298 1135 2363 aurium
1162 2316 1271 2376 causa,
1305 2316 1413 2381 quem-

188 2401 359 2466 admodum
386 2400 494 2465 scribit
515 2399 687 2482 discipulos
709 2401 777 2466 eius
799 2402 987 2479 Naucrates,
1010 2401 1149 2466 numeris
1171 2401 1407 2482 adstringeret“

189 2503 279 2570 Gonf.
309 2503 395 2570 Oret.
423 2503 534 2583 4011.
567 2503 657 2568 Brut.
687 2505 798 2586 3111.
832 2507 888 2588 (=
910 2504 1013 2569 Rufin.
1045 2523 1075 2586 p.
1104 2505 1182 2580 572,
1217 2504 1236 2566 6
1264 2521 1332 2584 sqq.
1359 2503 1412 2582 Κ).

190 2607 313 2673 Similia
340 2607 378 2672 de
401 2605 538 2672 Isocrate
559 2606 657 2670 refert
679 2607 847 2691 Dionysius
867 2608 968 2673 Helio.
992 2607 1030 2672 de
1051 2605 1147 2672 lsocr.
1170 2607 1272 2690 cap.2
1295 2628 1325 2691 p.
1343 2608 1413 2684 538,

190 2711 230 2788 17
260 2711 307 2774 ed.
335 2710 462 2776 Reislra:
496 2704 641 2796 περιόδῳ
663 2707 775 2773 τεκαὶ
798 2707 900 2796 κύκλῳ
929 2705 1183 2793 περιλαμβάνειν
1204 2705 1246 2786 τὰ
1267 2705 1413 2794 νοήματα

190 2816 347 2900 πειρᾶται
380 2811 572 2898 ῥυθμοειδεῖ
599 2809 685 2878 πάνυ
717 2812 772 2877 καὶ
795 2806 832 2878 οὗ
854 2804 938 2878 πολὺ
969 2805 1125 2893 ἀπέχοντι
1152 2814 1210 2878 τοῦ
1243 2816 1414 2899 ποιητικοῦ

188 2913 318 3002 μέτρου.
368 2916 450 2982 Sane
483 2935 545 2981 non
577 2901 702 3001 semper
733 2917 854 2982 iustum
881 2916 1010 2982 modum
1042 2935 1116 2980 eum
1144 2934 1285 2981 servasse
1319 2916 1411 2980 mult'

188 3023 414 3098 iudicaverunt,
436 3015 576 3084 δουλεύει
596 3011 655 3106 μὰρ
675 3013 835 3105 ἡδιάνοια
855 3016 1014 3097 πολλάκις
1026 3021 1074 3105 τῷ
1094 3022 1212 3106 ῥυθμῷ
1225 3022 1285 3102 τῆς
1300 3015 1414 3098 λέξεως

188 3122 245 3190 καὶ
271 3125 330 3188 τοῦ
358 3126 490 3209 κομψοῦ
516 3117 665 3188 λείπεται
692 3116 731 3187 τὸ
757 3116 916 3210 ἀληθινόν
948 3123 1090 3207 (Dionys.
1119 3123 1156 3188 de
1187 3123 1281 3187 Isoor.
1316 3141 1342 3187 o.
1373 3123 1412 3186 12

187 3249 220 3313 p.
243 3229 313 3305 558,
338 3228 376 3290 11
399 3227 450 3308 R).

274 3329 345 3396 Iam
372 3349 446 3396 cum
468 3332 629 3412 tantopere
655 3348 787 3396 numero
812 3330 992 3408 inserviret,
1025 3329 1146 3412 copiose
1167 3327 1339 3394 Isocratem
1375 3328 1413 3394 de

188 3434 346 3519 rhythmis
368 3433 402 3498 in
423 3433 595 3498 orationem
614 3433 799 3517 recipiendis
822 3433 983 3518 scripsisse
1005 3434 1037 3498 in
1059 3434 1137 3498 ‘arte
1152 3432 1316 3496 rhetorica'
1341 3450 1414 3497 oon·

190 3541 379 3604 senteneum
394 3539 450 3602 est.
502 3535 598 3602 01111
614 3536 685 3601 libri
707 3555 780 3602 cum
795 3537 943 3620 pauciora
966 3536 1144 3618 fragmenta
1159 3537 1293 3612 exstent,
1317 3554 1414 3617 quam

189 3661 228 3708 ex
250 3641 364 3724 quibus
385 3639 545 3704 Isocrateo
566 3639 708 3705 doctrina
734 3641 875 3722 pernosci
897 3640 1011 3723 possit,
1032 3639 1064 3704 id
1086 3642 1196 3704 tamen
1217 3640 1355 3715 constat,
1378 3641 1414 3702 ut

188 3745 350 3812 Ciceronis
366 3743 471 3810 verbis
486 3744 568 3819 utar,
580 3743 664 3808 vocis
680 3743 927 3808 moderationem
943 3746 975 3808 et
991 3743 1156 3808 verbomm
1171 3741 1413 3818 conclusionem,

189 3849 293 3932 quoad
315 3847 463 3914 orationis
478 3845 627 3912 severitas
649 3846 716 3930 pati
736 3848 852 3930 posset,
875 3865 949 3912 eum
971 3865 990 3914 a
1011 3845 1133 3930 poetica
1148 3845 1187 3910 ed
1203 3844 1414 3926 eloquentiam

188 3951 399 4022 traducendas
421 3951 558 4034 putasse.

275 4053 388 4136 Itaque
418 4071 492 4120 cum
518 4071 721 4119 numerosam
755 4052 928 4118 orationem
960 4053 1000 4119 ad
1025 4070 1230 4118 numerorum
1264 4069 1283 4114 1
1314 4051 1413 4134 poetis

189 4159 412 4242 usurpatorum
441 4157 620 4240 exemplum
649 4155 914 4220 conformaverint
941 4175 1014 4222 cum
1049 4156 1188 4221 Isocrate
1215 4157 1352 4219 oratores
1383 4155 1415 4218 11

189 4261 331 4328 rhetores
353 4279 416 4326 non
438 4259 539 4343 pauci,
560 4259 673 4324 horum
696 4278 818 4342 quoque
842 4259 880 4324 dc
901 4259 1059 4343 rhythmis
1083 4257 1198 4324 iudicia
1217 4259 1324 4322 nostro
1346 4256 1414 4320 iure
1513 4315 1523 4327 ‚

189 4365 225 4432 in
258 4382 390 4430 censum
423 4363 603 4430 vocabimus
635 4363 673 4430 ad
706 4363 900 4448 poeticorum
933 4381 1136 4429 numerorum
1166 4362 1315 4426 naturam
1345 4377 1416 4444 per·

190 4468 391 4536 noscendam.
1141 4493 1143 4498 ,

279 4569 445 4638 Platonem
467 4573 501 4636 et
522 4569 696 4638 Isocratem
719 4569 773 4656 qui
797 4571 899 4636 aetate
922 4571 1049 4636 secutus
1072 4570 1136 4649 est,
1169 4564 1415 4646 Aristoteles,

192 4695 266 4746 cunr
289 4675 327 4744 de
348 4675 470 4764 poetica
492 4679 524 4744 11
546 4673 584 4744 dc
609 4675 765 4744 rhetorica
792 4673 890 4742 libros
912 4673 1139 4754 conscriberet,
1171 4671 1206 4831 iln
1226 4672 1338 4740 neutro
1359 4688 1418 4738 nu·
