3514 5244
757 387 800 448 35

155 583 334 666 neglegere
358 581 445 646 nullo
469 580 564 646 modo
588 581 694 646 liceat.
732 580 855 648 sacculi
879 579 997 646 decimi
1021 579 1085 646 duo
1110 585 1235 646 tantum
1261 575 1391 644 codices

155 690 310 755 Fickerto
334 689 400 753 noti
427 695 518 754 erant
541 687 714 754 Parisini
736 685 952 754 bibliothecae
975 686 1151 752 sationalis
1166 686 1270 752 8540
1289 685 1337 770 (p)
1358 691 1390 750 ct
1432 701 1458 748 Ρ.
1472 711 1494 750 u-

156 799 289 862 sessu
311 795 376 882 (P).
422 816 496 860 nam
520 816 550 879 p,
575 815 670 877 quem
693 795 865 858 Fickertus
888 793 1074 876 catalogum
1097 799 1228 859 secatus
1254 791 1330 872 (vol
1346 791 1390 856 lV

154 926 188 987 p.
204 907 283 983 448)
307 902 476 968 undecimo
501 903 664 986 tribuerat,
689 901 929 966 aObatelaiuio
954 900 987 980 (l.
1003 921 1028 968 c
1043 922 1074 987 p.
1094 899 1170 986 101)
1195 897 1238 964 ad
1261 897 1389 964 initium

156 1010 275 1076 decimi
307 1011 429 1076 relatus
462 1017 520 1075 est.
566 1009 643 1092 quin
676 1008 774 1073 etiam
806 1029 878 1073 cum
907 1009 1163 1074 membranarum
1192 1000 1295 1072 forma
1324 1004 1387 1071 elc-

158 1118 337 1200 gantiaque
374 1118 602 1200 Laurentiano,
639 1115 681 1181 de
718 1137 780 1200 quo
817 1136 891 1181 mox
929 1115 1049 1194 dicam,
1086 1114 1318 1197 Bambergensi
1357 1121 1389 1180 ct

160 1225 429 1308 argentoratensi
454 1225 588 1290 alterius
612 1223 824 1308 epistularum
837 1224 1021 1301 voluminis,
1045 1222 1221 1306 lieginensi
1235 1222 1388 1287 librorum

162 1332 204 1397 de
236 1333 402 1424 beneficiis
440 1340 472 1398 ct
503 1331 544 1396 de
577 1332 747 1398 clementia
781 1331 960 1396 simillimus
994 1331 1036 1396 sit
1067 1351 1107 1395 ac
1140 1350 1180 1394 ne
1210 1329 1389 1394 litterarum

158 1439 291 1522 quidem
314 1439 547 1522 aequabilitate
570 1439 621 1504 bis
645 1438 744 1503 molto
768 1437 908 1520 inferior,
937 1437 1097 1502 dubitatio
1126 1443 1285 1520 movetur,
1314 1456 1388 1501 num

161 1547 244 1612 forte
266 1547 331 1611 iam
354 1566 438 1611 nono
464 1546 594 1612 saeculo
619 1552 755 1611 exeunte
780 1545 919 1630 scriptus
943 1545 994 1610 sit.
1040 1544 1122 1610 liber
1142 1545 1167 1608 P
1191 1551 1308 1627 autem,
1332 1543 1387 1626 qui

158 1653 192 1717 in
216 1653 304 1720 soliis
332 1654 454 1718 formae
483 1660 619 1718 octavae
647 1652 779 1718 minoris
807 1652 924 1718 litteris
952 1651 1051 1716 multo
1081 1651 1304 1717 minutioribus
1334 1673 1387 1717 ox·

157 1767 270 1826 aratus
300 1767 364 1844 est,
392 1759 504 1825 codice
533 1782 554 1845 p
588 1768 619 1824 et
651 1759 748 1843 paulo
781 1759 940 1824 recentior
968 1779 1041 1824 esse
1070 1766 1102 1823 et
1130 1759 1228 1843 paulo
1256 1759 1387 1825 minoris

158 1869 254 1953 pretii
278 1868 414 1934 videtur.
460 1889 534 1932 nam
563 1887 632 1932 cum
658 1867 829 1932 l‘iokertus
854 1866 929 1946 (vol.
952 1866 967 1928 l
990 1887 1021 1951 p.
1044 1867 1168 1946 XXIII)
1193 1865 1335 1931 codicem
1361 1867 1385 1930 P

158 1977 200 2040 ab
216 1977 318 2041 altero
337 1980 532 2060 prurrsluuliu
540 1981 626 2059 sorr
639 1977 774 2058 (requeti,
799 1977 964 2058 olirpuuudo
980 1978 1070 2038 elium
1083 1978 1226 2058 superori
1240 1973 1386 2058 dixisset,

157 2083 272 2148 melius
296 2083 440 2148 Haasius
469 2080 546 2168 (vol.
570 2082 618 2146 Ill
642 2104 671 2167 p.
688 2081 732 2146 VI
756 2087 816 2164 sq.)
844 2103 875 2166 p,
905 2101 976 2146 cum
1004 2101 1024 2146 a
1051 2081 1233 2148 manifestis
1257 2082 1386 2163 quibus-

159 2189 234 2255 dam
259 2190 466 2274 glossematis
483 2197 515 2255 et
534 2187 660 2254 mendis
676 2189 757 2253 liber
771 2195 867 2272 esset,
891 2188 972 2254 libro
988 2189 1013 2252 P
1027 2195 1197 2273 praestare
1211 2189 1386 2273 perspexit.

159 2299 227 2364 iure
266 2305 373 2362 tamen
406 2297 458 2362 bic
491 2317 617 2379 quoque
650 2317 670 2360 a
703 2295 868 2377 lladvigio
897 2295 1099 2380 vituperatus
1128 2303 1177 2361 est
1205 2297 1384 2377 (Arloeraur.

157 2409 224 2469 rril.
248 2405 358 2470 11459
383 2411 415 2470 ct
438 2407 525 2487 4191,
549 2402 636 2486 quod
661 2402 741 2468 libro
766 2424 786 2487 p
811 2402 977 2484 aliquanto
1002 2401 1075 2487 plus
1099 2402 1266 2468 tribuisset
1289 2421 1386 2484 quam

157 2513 296 2577 tribucre
312 2518 482 2596 oporteret.
521 2510 607 2593 quod
627 2531 690 2592 (luo
715 2509 904 2574 certioribus
929 2509 1128 2591 argumentis
1152 2510 1389 2602 comprobetur,¹

158 2618 315 2704 exemplis
339 2640 360 2683 a
383 2617 549 2701 Madvigio
574 2625 606 2682 et
630 2639 649 2681 a
673 2616 878 2682 Chatelainio
903 2620 944 2700 (p.
972 2620 1034 2682 162
1059 2620 1118 2700 sq.)
1148 2616 1285 2700 prolatis
1308 2637 1385 2682 nou·

157 2727 247 2791 nulla
271 2725 393 2792 addere
416 2725 529 2791 liceat:
559 2725 626 2808 14,
652 2727 669 2790 l
695 2725 841 2789 rvoeulam
865 2727 938 2803 rrln',
970 2744 1053 2806 quae
1076 2724 1110 2788 in
1133 2746 1163 2808 p,
1193 2745 1264 2788 cum
1287 2726 1386 2790 verba

158 2837 212 2898 lua
239 2843 284 2898 eat
311 2843 339 2898 ct
372 2853 470 2917 supra
503 2853 630 2898 versum
661 2831 791 2897 audieeta
824 2831 895 2914 sint,
929 2851 1007 2896 casu
1042 2831 1162 2896 omissa
1194 2830 1321 2896 videtur
1354 2839 1386 2896 ct

159 2941 390 3006 sententiarum
422 2961 545 3005 conexu
579 2939 757 3022 flagitatur,
790 2958 959 3022 perperam
993 2938 1126 3004 seclusit
1159 2939 1312 3005 Haasius.
1342 2976 1384 2984 -

159 3049 226 3131 le,
250 3053 269 3113 9
293 3054 440 3131 fulmo,
471 3047 556 3130 quod
586 3047 777 3111 rrrebcrrimo
807 3067 913 3110 errore
947 3046 978 3110 in
1008 3067 1070 3112 uuo
1098 3069 1119 3130 p
1148 3067 1205 3130 pro
1234 3054 1385 3110 rrrrlurn

158 3155 284 3238 legitur,
308 3153 393 3219 idem
416 3154 546 3237 recepit,
572 3154 630 3220 scd
654 3161 770 3237 postea
794 3173 829 3218 sc
853 3173 981 3219 errasse
1005 3153 1205 3234 intellexiti).
1226 3191 1266 3200 -
1288 3152 1381 3238 16,1

159 3342 245 3388 autem
272 3335 424 3386 bominibus
452 3335 581 3386 viciosum
604 3332 668 3398 eall:
696 3333 723 3397 u)
747 3332 948 3385 sententiarum
972 3331 1161 3385 collectionem
1180 3331 1384 3400 alphabeticum

159 3425 275 3476 alteram
301 3421 377 3488 line:
398 3425 500 3475 Audito
519 3429 556 3475 esl
573 3423 691 3490 periculi
711 3423 804 3488 rirtus,
823 3421 890 3474 dos:
915 3420 1016 3487 altiol3
1046 3421 1072 3486 7)
1098 3421 1130 3473 de
1149 3421 1285 3475 luurelr'ciis
1306 3421 1383 3486 lima:

160 3515 311 3573 <I>nler
329 3513 424 3564 mullos
444 3529 476 3564 oc
496 3514 587 3565 rorice
606 3529 712 3564 errores
730 3519 824 3563 lemme
843 3513 1038 3578 inconsulteque
1058 3513 1209 3578 virentium,
1228 3511 1294 3563 olea:
1318 3515 1384 3564 dore

159 3611 182 3655 et
194 3605 314 3668 perdere.
343 3603 391 3654 boc
409 3610 447 3654 eal
467 3605 561 3668 strepui
579 3603 667 3653 animi
679 3603 792 3666 perdere
805 3609 828 3652 rt
843 3599 929 3666 dar-el.
948 3629 977 3636 -
996 3600 1044 3665 Vl)
1063 3600 1094 3652 ln
1109 3599 1199 3652 modio
1213 3599 1384 3654 0011002114

160 3692 269 3744 membr.
290 3689 321 3744 8⁰
340 3709 409 3746 satec.
425 3691 575 3744 Xlex'V
595 3690 688 3742 dorem
709 3688 817 3758 paginis
836 3689 908 3743 binis
928 3689 1062 3742 columnis
1080 3689 1189 3758 scriptis
1208 3689 1384 3742 continentur

160 3781 240 3834 baec:
263 3781 286 3848 1)
306 3782 446 3848 Incipiunt
466 3782 610 3848 proverbia
629 3797 717 3832 sertore
736 3775 812 3845 [inc.:
832 3781 958 3832 Alienum
977 3788 1014 3832 est
1032 3797 1108 3833 omne
1127 3781 1255 3846 prrioquid
1267 3781 1383 3848 optando

159 3873 241 3924 creuit
268 3869 297 3922 id
320 3873 361 3923 ost
386 3868 497 3922 Publilii
517 3867 682 3932 sententiam
711 3868 779 3920 dos:
804 3870 896 3921 Zelum
921 3871 1271 3936 dorcacestrensem
1291 3877 1382 3922 contra

160 3957 282 4026 homines}
304 3961 397 4012 Zelcri
416 3967 503 4012 autem
522 3961 673 4012 bominibus
692 3961 821 4011 viciosum
840 3957 912 4024 est.l;
938 3959 964 4022 ⁶2)
983 3959 1108 4012 collectio
1127 3957 1177 4011 illa
1195 3959 1292 4022 altera,
1312 3977 1383 4026 (pirae

160 4049 315 4102 continetur
336 4047 427 4102 codice
445 4049 528 4102 sotis:
556 4051 624 4102 Item
647 4052 787 4116 proverbia
811 4051 928 4101 ciusdem
953 4047 1030 4114 lima:
1050 4051 1139 4102 Aoidc
1159 4057 1214 4114 etc,
1242 4049 1310 4104 cles:
1330 4067 1382 4102 nou

160 4157 212 4192 esse
227 4142 313 4208 tiaram
327 4141 438 4206 dignum
452 4155 486 4190 er
499 4155 550 4206 prro
563 4145 674 4204 pretatur
686 4133 771 4206 ultio}
786 4134 895 4202 —vsst
909 4135 999 4191 codex
1015 4137 1101 4192 12305
1116 4139 1227 4193 membr.
1238 4155 1307 4195 eaeo.
1318 4135 1382 4194 XIV

161 4228 282 4282 scutinei
296 4228 413 4282 Senecae
432 4227 465 4279 ‹lr
485 4226 621 4280 itt-nesciis
640 4229 668 4280 et
683 4225 751 4280 alios
765 4225 888 4280 eiusdem
901 4225 1041 4294 scriptoris
1055 4227 1146 4282 libros.
1158 4255 1190 4265 -
1202 4227 1278 4292 VIII)
1293 4227 1382 4284 Codex

161 4319 229 4370 11944
248 4318 359 4370 membr.
379 4335 448 4368 sace
470 4316 516 4368 XV
542 4320 606 4375 (non
630 4333 698 4370 sace.
718 4315 794 4382 xiv)
818 4316 961 4384 eleganter
984 4316 1101 4384 scriptus
1124 4317 1247 4372 continet
1265 4318 1382 4372 Senecae

161 4406 314 4475 tragoedias
333 4406 433 4458 «100001.
450 4435 457 4441 -
490 4409 592 4458 coluros
607 4409 724 4458 Soneme
738 4405 842 4459 ecdicos
856 4404 1036 4474 Phillippicoo
1050 4403 1254 4460 Studemundus
1272 4411 1383 4478 propter

162 4497 289 4564 tourporis
309 4494 452 4564 rtrrguslirts
471 4513 525 4548 non
544 4494 671 4562 inspexit.

249 4585 272 4652 ὓ)
292 4586 376 4654 praef.
397 4586 449 4638 rol.
464 4585 503 4637 111
523 4603 548 4653 p.
562 4584 620 4638 VIl.
645 4583 710 4638 locis
730 4585 764 4638 ub
784 4583 885 4638 Haasio
904 4585 1122 4639 commemoratis
1141 4585 1219 4650 adde,
1238 4586 1261 4640 si
1281 4588 1380 4655 placet,

162 4675 219 4728 hos:
239 4693 280 4743 ep.
302 4693 367 4728 nun.
388 4674 464 4727 Vllll
488 4675 509 4735 1,
530 4676 558 4730 s:
584 4673 646 4726 xvi
666 4675 690 4736 3,
710 4675 738 4731 li:
762 4673 811 4726 XX
833 4674 856 4736 7,
878 4675 923 4733 17;
950 4675 1047 4742 Agrum.
1067 4675 1126 4728 4119.

1188 4765 1221 4816 3*
