3514 5244
735 401 846 495 -19-
889 490 907 494 -

179 595 333 678 beneficia
356 603 493 680 possunt
517 593 594 660 doro
627 591 659 656 in
682 593 712 659 N
734 592 814 658 vitio
846 593 915 658 eius
944 593 1072 676 generis
1105 599 1296 678 corruptum,
1331 592 1417 676 quod

182 699 310 765 librarii
335 706 479 764 autnon
502 698 679 764 odorantur
701 706 759 764 aut
781 699 945 784 perversis
968 698 1199 766 mutationibus
1223 699 1321 765 etiam
1344 719 1416 782 gra-

182 807 257 873 vius
280 805 428 890 reddunt,
461 806 641 892 rectissime
669 825 705 872 se
734 805 831 872 habet
854 807 887 872 in
911 807 1024 872 Vita:
1053 811 1208 896 quidem
1232 812 1414 874 dominis.

183 914 233 978 III
257 917 308 998 28,
332 917 353 980 5
377 917 464 996 isti,
494 911 581 996 quod
604 919 679 998 post
701 917 875 1000 praenotati
902 913 935 978 in
962 915 992 980 N
1019 913 1137 980 deesse
1170 935 1268 999 supra
1296 913 1417 979 dictum

181 1028 237 1087 est
260 1027 292 1086 et
316 1019 471 1085 facillime
495 1018 645 1085 excidere
668 1026 806 1106 poterat,
833 1041 898 1086 non
929 1019 1085 1086 omittitur
1113 1020 1146 1085 in
1174 1019 1416 1087 recentioribus.

185 1127 234 1192 111
257 1129 310 1212 30,
334 1130 355 1192 4
378 1132 413 1194 si
436 1151 518 1210 uon,
541 1126 986 1212 qussvoculassupplendas
1006 1147 1162 1193 essenon
1181 1127 1283 1212 primo
1308 1127 1417 1192 statim

182 1234 298 1300 obtutu
321 1232 533 1317 intellegitur,
558 1240 634 1299 ante
657 1239 728 1301 sine
752 1241 901 1300 servatae
926 1233 1057 1299 suntin
1081 1235 1120 1298 W
1145 1242 1177 1299 et
1203 1235 1242 1300 Pr
1272 1233 1416 1301 easdem-

181 1361 248 1424 que
271 1339 305 1405 in
329 1339 441 1406 codice
464 1339 606 1423 quodem
629 1360 688 1407 suo
711 1341 886 1406 Pincianus
911 1341 1062 1426 repperit.
1107 1340 1148 1407 dc
1173 1340 1262 1406 clem.
1287 1341 1318 1404 Π
1341 1345 1370 1426 4,
1395 1348 1415 1408 4

183 1448 218 1512 16
243 1447 388 1514 eiusdem
411 1446 472 1512 viri
496 1447 578 1513 libro
602 1447 742 1531 quodam
769 1469 827 1514 ms.
857 1447 938 1514 hacc
962 1446 1168 1532 legebantur:
1195 1471 1238 1513 cc
1256 1471 1316 1533 por
1337 1472 1416 1534 spc-

180 1559 275 1619 ciem
297 1557 515 1620 seueritatis·
539 1558 577 1618 ic
600 1557 871 1636 crudelitatem,
896 1577 937 1619 oe
957 1559 1162 1640 perspectent
1184 1559 1359 1621 clementiae
1381 1560 1414 1620 io

184 1664 488 1726 orisertcorcttoor
511 1663 728 1742 incidemus,
754 1661 869 1727 cumN
887 1661 1017 1728 omissis
1036 1661 1143 1728 verbis
1167 1685 1205 1726 tce
1218 1685 1278 1746 per
1291 1685 1336 1747 sp.
1352 1687 1411 1728 scu.

183 1773 217 1833 to
239 1771 325 1833 crud.
350 1791 389 1833 cce
412 1775 444 1834 et
467 1771 640 1834 incidamus
663 1767 743 1833 nihil
767 1767 887 1834 habeut
910 1768 974 1833 nisi
993 1791 1052 1852 per
1079 1773 1210 1853 speciem
1239 1771 1414 1835 elerrcccticc

182 1877 535 1940 inmisericordtoru.
586 1893 606 1939 a
639 1874 799 1959 scriptura
832 1874 954 1940 codicis
987 1875 1134 1939 Pinciani
1169 1895 1269 1960 prope
1298 1876 1416 1943 absunt

179 1981 315 2047 Gruteri
337 1981 387 2048 Pu
409 1988 442 2046 et
462 1981 602 2047 Parisini
616 1981 679 2046 mei
703 1983 791 2047 8542
815 1987 847 2047 et
871 1983 958 2047 8615
982 1983 1027 2051 tv,
1043 1980 1151 2066 infra),
1175 1982 1229 2065 qui
1247 2005 1316 2066 por
1338 2007 1415 2067 spe-

179 2093 274 2154 ciem
306 2091 517 2153 severitatis
551 2091 823 2169 crudelitatem,
850 2111 910 2172 per
936 2091 1068 2171 speciem
1096 2091 1271 2153 clementiae
1299 2093 1416 2154 iniseri-

181 2197 322 2261 cordiam
346 2195 476 2261 omissis
490 2195 786 2281 praepositionibus
811 2201 844 2260 ct
866 2193 1000 2260 vocibus
1016 2217 1055 2258 oe
1079 2201 1110 2260 ct
1133 2198 1304 2260 incidamus
1319 2217 1411 2281 prae·

182 2303 270 2367 bent.
296 2321 490 2386 quamquam
514 2322 577 2367 non
601 2321 685 2385 nego
709 2321 758 2386 ea,
782 2320 866 2385 quae
890 2301 923 2365 in
940 2301 1087 2366 Pinciani
1110 2300 1191 2366 libro
1214 2300 1413 2386 legebantur,

180 2408 303 2494 partim
326 2408 524 2494 interpolata
548 2429 621 2475 esse
645 2409 801 2494 posse.¹⁵)
847 2428 947 2491 quere
962 2408 1139 2492 videamus,
1162 2429 1238 2473 num
1262 2429 1302 2474 ex
1317 2411 1415 2495 scrip·

182 2523 257 2582 tura
273 2516 458 2582 Gruter-iani
482 2524 514 2582 et
530 2515 751 2582 Parisinorum
775 2523 927 2600 corrupta
950 2514 1008 2579 illa
1027 2513 1164 2599 quidem,
1189 2514 1248 2580 sed
1265 2515 1328 2581 huc
1342 2515 1413 2602 ipsa

182 2643 218 2689 re
243 2643 279 2688 sc
303 2623 344 2688 ab
369 2622 630 2708 interpolationis
654 2622 838 2708 suspicione
854 2621 1048 2688 defendente
1071 2641 1180 2687 verum
1205 2623 1278 2688 elici
1301 2624 1415 2708 possit.

181 2728 261 2793 mihi
285 2728 423 2813 quidem,
448 2749 520 2794 cum
543 2728 636 2794 initio
660 2729 797 2814 proximi
821 2729 979 2795 enuntiati
1002 2729 1075 2795 inN
1099 2731 1290 2796 lubotccioro
1314 2732 1412 2818 scrip·

182 2843 250 2899 tum
275 2837 319 2902 sit
341 2855 398 2921 pro
424 2855 471 2920 eo,
496 2835 583 2919 quod
607 2842 657 2901 est
679 2841 712 2901 irc
735 2839 790 2902 troc
806 2840 924 2918 leuiore,
950 2837 983 2902 in
1006 2842 1145 2901 mentem
1168 2836 1257 2902 venit
1280 2845 1354 2904 ante
1378 2837 1411 2903 id

181 2942 315 3007 verbum
338 2945 521 3007 tootocoro
545 2942 706 3009 excidisse
731 2952 763 3009 et
786 2950 887 3010 totum
917 2943 1117 3009 enuntiatum
1140 2943 1188 3009 sie
1211 2945 1409 3010 conforman-

179 3047 260 3113 dum
284 3068 372 3114 esse:
392 3071 451 3133 per
473 3053 603 3134 speciem
621 3054 790 3115 seueritatis
814 3053 1031 3130 crudeliter,
1052 3055 1263 3134 perspectum
1287 3054 1411 3116 cicaron-

182 3159 244 3219 tice
266 3158 526 3221 misericordia
548 3158 742 3221 iootoocro.
789 3155 949 3221 interdum
973 3155 1057 3220 enim
1081 3156 1207 3222 Seneca
1229 3155 1316 3221 nudo
1339 3177 1409 3242 per·

183 3262 269 3327 tecto
294 3260 337 3326 ud
362 3282 410 3345 66,
435 3281 519 3345 quae
544 3263 675 3347 saepius
699 3283 759 3328 usu
790 3270 953 3346 venerunt,
987 3261 1203 3345 significanda
1237 3263 1336 3327 utitur
1368 3272 1416 3349 (v,

181 3369 315 3451 quaein
340 3369 448 3453 capite
472 3369 583 3434 ultimo
607 3369 649 3435 de
671 3369 732 3434 hoc
755 3389 815 3434 usu
839 3367 1038 3454 disputabo).
1072 3376 1107 3434 ut
1124 3369 1284 3435 vocabula
1308 3375 1411 3436 ‹notte-

181 3477 253 3540 titus
281 3483 314 3540 et
344 3479 554 3541 rrtiscrr'cordio
581 3475 844 3540 incrudelitatem
875 3483 908 3540 et
935 3479 1178 3542 rrrisertrordicru
1206 3485 1417 3564 mutarentur,

183 3581 304 3647 factum
329 3590 380 3648 est
403 3582 486 3666 ideo,
510 3582 596 3666 quod
620 3583 754 3648 averbo
777 3587 872 3648 citro-o
896 3583 1039 3669 pendere
1058 3583 1266 3664 videbantur3
1292 3583 1412 3650 codicis

180 3694 293 3782 autem
315 3688 513 3756 Nlibrarius
528 3693 802 3756 iurrriserieordicrrr
827 3711 886 3775 pro
910 3710 957 3775 e0,
982 3689 1068 3774 quod
1092 3697 1142 3756 est
1162 3693 1413 3776 rrciscricordiuur,

181 3795 328 3882 scripsit,
357 3798 433 3880 quia
457 3799 700 3862 rrrstsericordiom
723 3797 836 3862 vitium
861 3797 925 3862 dici
948 3818 1046 3883 posse
1070 3795 1158 3861 haud
1182 3795 1344 3864 credebat.
1373 3833 1407 3844 -

181 3903 272 3969 adde
294 3911 465 3988 praeterea
488 3902 549 3969 hos
574 3903 767 3988 exemplaris
784 3903 949 3969 Gertziani
974 3903 1078 3969 locos:
1102 3925 1134 3988 p.
1160 3905 1211 3986 69,
1237 3907 1293 3984 ‘223
1318 3907 1369 3986 63,
1396 3907 1413 3970 7

180 4007 263 4096 (uon
290 4009 932 4092 66666666666166116116661661616),
959 4012 1008 4094 76,
1036 4013 1070 4091 1,
1099 4011 1228 4093 15111,
1260 4013 1331 4092 166,
1356 4015 1413 4091 ‘263

189 4119 259 4200 185,
284 4119 341 4199 273
366 4115 457 4182 ulios.
503 4137 543 4181 ac
570 4136 611 4182 ne
640 4116 674 4181 id
697 4116 825 4200 quidem
856 4117 1036 4182 sententiae
1060 4137 1152 4181 meac
1176 4116 1298 4202 obstat,
1327 4116 1414 4200 quod

182 4224 324 4289 omnium
353 4222 498 4288 codicum
529 4229 658 4308 praeter
691 4221 814 4306 aliquot
847 4224 1048 4309 corruptelas
1081 4222 1219 4288 laicanae
1251 4223 1412 4307 quaedam
1491 4263 1495 4270 ·

280 4400 315 4468 ¹⁵)
333 4399 474 4454 intellexit
493 4401 545 4454 hoc
564 4401 697 4466 Gertzius,
718 4400 767 4469 qui
790 4401 880 4454 locum
899 4401 941 4456 116
963 4417 1060 4455 sanare
1083 4404 1198 4454 conatus
1221 4405 1270 4465 661,
1296 4406 1327 4456 61
1350 4403 1413 4457 scri·

184 4489 276 4543 beret:
288 4507 341 4558 per
359 4493 473 4558 speciem
492 4493 647 4544 severitatis
665 4491 889 4546 incrudelitatem
902 4493 1054 4554 incidimus,
1070 4508 1123 4559 per
1138 4493 1252 4558 speciem
1262 4493 1414 4546 clementiae

180 4581 214 4631 s'u
232 4581 458 4633 misericordiam.
497 4597 668 4646 quamquam
687 4583 780 4634 autem
800 4579 839 4634 sic
857 4579 967 4634 facilins
986 4579 1153 4648 explicatur,
1172 4581 1308 4648 quomodo
1330 4582 1414 4636 verba

180 4666 234 4722 ,illa
253 4667 452 4732 interciderint,
472 4667 501 4720 id
520 4669 615 4722 tamen
634 4667 769 4737 displicet¹
790 4668 862 4735 quod
881 4667 964 4722 nimis
983 4687 1086 4738 magne
1105 4669 1207 4724 lacuna
1224 4669 1366 4724 statuitur.

1216 4759 1251 4812 2.
