3548 5256
923 417 966 486 28

331 617 374 680 24
397 621 574 703 γυμνότερος
596 611 719 702 ἀπόρους

330 722 373 788 25
396 720 572 810 Διομηδειος
596 723 726 810 ἀνάγκης
752 725 870 798 ΜΙνζ.

330 832 373 896 26
398 828 553 904 Αἱαντειος
575 833 682 912 γέλωςς
711 832 768 895 ΜΙ
783 831 813 904 ξ’.

330 939 371 1003 27
395 941 432 1001 τὰ
454 944 518 1023 τρία
539 951 596 1005 τῶν
622 937 664 1012 εὶς
686 943 735 1004 τὸν
760 943 903 1006 θάνατονς
934 938 992 1003 Ml
1007 939 1060 1012 Εα’.

330 1047 372 1112 28
398 1046 430 1119 ἐς
452 1053 601 1133 κόρακαςς
625 1047 683 1111 MI
698 1045 747 1121 ἐξ.

329 1155 372 1219 29
396 1152 557 1240 Σαρδόνιος
579 1158 687 1236 γέλωςς
716 1153 841 1243 111εηὶ

330 1261 374 1326 30
396 1257 466 1346 ὑπὲρ
490 1261 557 1327 ὄνου
580 1273 683 1334 σκιᾶςς
711 1262 769 1326 Ml
783 1260 838 1334 ἔθ’.

330 1370 370 1433 31
396 1367 462 1433 ὄνου
486 1373 703 1456 παροικόψευνςς
732 1369 790 1434 Ml
805 1369 837 1435 0'.

329 1476 371 1540 32
396 1479 432 1540 τὰ
457 1475 569 1542 ἐκτῶν
594 1474 731 1564 ἁμαξῶν·
760 1476 807 1542 ἐπὶ
832 1490 887 1542 τῶν
912 1477 1048 1558 ἀσελγῶς
1071 1481 1277 1542 οκωπτόντωνς
1302 1475 1425 1540 11103.

330 1583 372 1648 33
397 1581 496 1655 Λυδὸς
517 1588 696 1672 καπηλεόεις
724 1584 782 1648 Ml
796 1587 846 1658 ος’.

329 1692 372 1754 34
396 1688 487 1777 Οἰνόη
511 1696 562 1776 τὴν
586 1695 759 1778 χαράδρανς
788 1691 845 1756 Ml
861 1691 918 1757 πα’.

329 1798 371 1862 35
395 1794 429 1861 οὐ
453 1803 572 1885 φροντὶς
596 1796 803 1885 Ἱπποκλείδης
833 1799 889 1864 Ml
905 1798 959 1865 πδ.

329 1905 371 1970 36
397 1901 442 1976 αἲξ
467 1909 519 1991 τὴν
542 1911 696 1993 μάχαιραν
721 1903 784 1993 [καὶ
807 1903 879 1993 ὄϊς]ς

329 2013 370 2076 31
396 2018 487 2098 μανία
510 2013 533 2077 δ’
559 2009 593 2078 οὐ
617 2025 704 2079 πᾶσιν
727 2011 830 2101 ὁμοίας
858 2013 916 2077 Ml
931 2014 985 2086 πς’.

355 2319 366 2380 1
396 2320 445 2381 τὸν
469 2315 641 2403 Κολοφῶνα
664 2315 824 2404 ἑπέθηιιενς
853 2316 928 2381 ΜΙΙ
943 2315 977 2382 α’.

351 2425 371 2486 2
397 2421 512 2509 Λοκροὶ
537 2427 592 2496 τας
614 2429 782 2510 συνθηκαςς
806 2424 880 2489 Mn
894 2425 928 2506 γ’.

352 2531 372 2594 3
395 2531 497 2602 Θάσος
521 2529 645 2611 ἀγαθόν
668 2538 720 2598 καὶ
744 2531 869 2615 ἀγαθῶν
893 2531 1052 2614 ἀγαθίδεςς
1080 2531 1154 2596 ΜΙΙ
1168 2532 1204 2597 κ’.

352 2637 373 2700 4
396 2636 469 2702 ὅπου
492 2637 522 2702 αἱ
545 2641 654 2726 ἔλαφοι
678 2643 714 2703 τὰ
737 2646 849 2724 κέρατα
868 2639 1086 2722 ἀποβάλλουσι·
1110 2638 1157 2704 ἐπὶ
1173 2651 1227 2704 τῶν
1243 2639 1381 2723 ἐργώδεις
1396 2641 1554 2702 ποιουντιυν

394 2748 448 2816 τὰς
471 2746 624 2830 διατριβὰς
648 2745 776 2834 εἴρηται,
806 2753 937 2832 παρόσον
968 2747 1077 2812 ἐκεῖναι
1105 2745 1134 2812 ἐν
1164 2752 1301 2831 τραχέσιν
1324 2750 1376 2810 καὶ
1400 2746 1555 2826 δυσβάτοις

395 2858 496 2925 τόποις
519 2857 572 2924 τὰς
595 2860 775 2940 περιτρίψεις
797 2864 942 2919 ποιουσινς
971 2853 1045 2918 ΜΠ
1059 2853 1112 2936 κβ.

349 2960 370 3024 5
394 2964 489 3024 πάντα
512 2963 599 3026 λίθον
623 2972 725 3027 κινεῐνς
755 2961 895 3027 Mna&

350 3069 370 3131 6
394 3071 436 3152 μὴ
459 3071 529 3132 κίνει
548 3064 740 3156 Καμάριναν·
766 3074 896 3153 παρόσον
922 3069 1027 3134 ἐκείνοι
1042 3072 1094 3154 πἠν
1110 3071 1213 3154 λίμνην
1227 3063 1322 3138 οὗτος
1335 3064 1554 3152 ὀνομαζομένην

395 3179 662 3261 μετοχετευσαντες
685 3175 869 3263 ἐβλάβησανς
893 3175 967 3240 MII
981 3175 1033 3242 κε’.

350 3283 368 3346 7
394 3279 513 3363 Αἱγιὲες
536 3279 604 3347 οὔτε
629 3289 718 3366 τρίτοι
742 3281 811 3348 οὔτε
835 3290 981 3368 τὲταρτοις
1010 3281 1153 3348 11111λεῖ

350 3391 369 3454 8
393 3387 484 3453 ἄκουε
508 3399 559 3454 του
583 3395 708 3474 τέτταρα
730 3390 793 3456 ὡτα
816 3393 953 3477 ἔχοντοςς
977 3389 1051 3454 Mn
1066 3389 1121 3476 λη’.

349 3497 369 3560 9
394 3491 673 3583 εάμεταβολώτερος
695 3503 859 3583 κοθόρνους
889 3497 963 3563 ΜΙΙ
978 3495 1027 3578 ἐτ’.

330 3604 371 3668 10
394 3607 427 3667 τὸ
452 3601 615 3676 Φιλοξένο)
643 3623 674 3668 ος
703 3604 776 3670 MII
791 3605 846 3670 οα’.

330 3711 367 3774 11
394 3715 470 3795 μέγα
493 3722 592 3796 φρονεῖ
616 3715 732 3797 μᾶλλον
756 3711 775 3796 ἢ
800 3709 920 3800 Πηλεὺς
944 3711 992 3777 ἐπὶ
1016 3723 1051 3796 τη
1077 3715 1227 3797 μαχαίρης
1257 3709 1329 3774 ΜΠ
1344 3709 1400 3774 οθ’.

330 3819 370 3882 12
394 3819 466 3900 βοῦς
491 3815 637 3903 Κόπριοςς
666 3818 813 3902 ΜΠπβ’.

330 3926 370 3989 13
395 3923 599 4010 ἀκαρπότερος
623 3921 787 3999 Ἀδώνιδος
809 3933 923 4013 κήπους
951 3926 1024 3991 ΜΙΙ
1038 3923 1075 4009 η’.

331 4035 371 4096 14
395 4031 493 4118 ἄμμες
515 4034 579 4097 ποτ’
604 4032 693 4120 ἡμενς
722 4032 796 4097 ΜΙΙ
811 4034 871 4118 οβ’.

331 4141 370 4205 15
393 4143 479 4205 κοινὰ
503 4143 539 4204 τὰ
563 4143 669 4226 μίλωνς
697 4140 772 4204 ΜΗ
787 4141 841 4224 (μ’.

331 4249 370 4314 16
394 4245 555 4332 Μεγαρέων
579 4250 706 4332 δόυιρυας
734 4247 808 4312 ΜΙΙ
822 4247 876 4331 (γε’.

331 4357 369 4419 17
395 4358 426 4418 τό
450 4358 533 4439 παρὰ
558 4359 625 4439 δρῦν
650 4361 772 4428 σαόποςς
802 4353 876 4421 Mn
893 4354 947 4444 ρη’.

332 4481 592 4489 -—.—..-—.—-—

967 4533 993 4587 H
1013 4534 1028 4586 7
1048 4530 1152 4602 νὶγιαιὲο
1171 4532 1229 4587 cod.
