<?xml version="1.0" encoding="UTF-8"?>
<!DOCTYPE html PUBLIC "-//W3C//DTD XHTML 1.0 Transitional//EN"
    "http://www.w3.org/TR/xhtml1/DTD/xhtml1-transitional.dtd">
<html xmlns="http://www.w3.org/1999/xhtml" xml:lang="en" lang="en">
 <head>
  <title>
</title>
<meta http-equiv="Content-Type" content="text/html;charset=utf-8" />
  <meta name='ocr-system' content='tesseract 3.04.00' />
  <meta name='ocr-capabilities' content='ocr_page ocr_carea ocr_par ocr_line ocrx_word'/>
</head>
<body>
  <div class='ocr_page' id='page_1' title='image "./destoicorumstud00strigoog_0861.png"; bbox 0 0 3546 5236; ppageno 0'>
   <div class='ocr_carea' id='block_1_1' title="bbox 937 301 1082 396">
    <p class='ocr_par' dir='ltr' id='par_1_1' title="bbox 895 301 1082 396">
     <span class='ocr_line' id='line_1_1' title="bbox 937 301 1082 396; baseline -0.005 -0.225"><span class='ocrx_word' id='word_1_1' title='bbox 895 301 1052 396; x_wconf 28' lang='lat'><strong>„122⁴</strong></span> <span class='ocrx_word' id='word_1_2' title='bbox 1074 391 1082 395; x_wconf 82' lang='grc'><em>,</em></span> 
     </span>
    </p>
   </div>
   <div class='ocr_carea' id='block_1_2' title="bbox 362 492 1596 796">
    <p class='ocr_par' dir='ltr' id='par_1_2' title="bbox 362 492 1596 796">
     <span class='ocr_line' id='line_1_2' title="bbox 364 492 1594 578; baseline 0.002 -21"><span class='ocrx_word' id='word_1_3' title='bbox 364 513 426 577; x_wconf 91' lang='lat' dir='ltr'><strong>cgo</strong></span> <span class='ocrx_word' id='word_1_4' title='bbox 465 493 608 560; x_wconf 80' lang='lat' dir='ltr'><strong>Senecae</strong></span> <span class='ocrx_word' id='word_1_5' title='bbox 645 493 943 578; x_wconf 79' lang='lat' dir='ltr'><strong>interpretationem</strong></span> <span class='ocrx_word' id='word_1_6' title='bbox 980 493 1132 559; x_wconf 82' lang='lat' dir='ltr'><strong>Latinam</strong></span> <span class='ocrx_word' id='word_1_7' title='bbox 1170 502 1202 558; x_wconf 88' lang='lat' dir='ltr'><strong>et</strong></span> <span class='ocrx_word' id='word_1_8' title='bbox 1238 492 1362 560; x_wconf 84' lang='lat' dir='ltr'><strong>codicis</strong></span> <span class='ocrx_word' id='word_1_9' title='bbox 1389 495 1415 559; x_wconf 92' lang='lat' dir='ltr'><strong>B</strong></span> <span class='ocrx_word' id='word_1_10' title='bbox 1453 493 1594 577; x_wconf 84' lang='lat' dir='ltr'><strong>vestigia</strong></span> 
     </span>
     <span class='ocr_line' id='line_1_3' title="bbox 362 599 1594 687; baseline 0 -23"><span class='ocrx_word' id='word_1_11' title='bbox 362 623 391 665; x_wconf 84' lang='lat' dir='ltr'><strong>r.</strong></span> <span class='ocrx_word' id='word_1_12' title='bbox 405 599 587 666; x_wconf 84' lang='lat' dir='ltr'><strong>Windhaus</strong></span> <span class='ocrx_word' id='word_1_13' title='bbox 610 623 641 686; x_wconf 88' lang='lat' dir='ltr'><strong>p.</strong></span> <span class='ocrx_word' id='word_1_14' title='bbox 662 605 728 684; x_wconf 76' lang='lat'><strong>21),</strong></span> <span class='ocrx_word' id='word_1_15' title='bbox 752 611 906 684; x_wconf 86' lang='lat' dir='ltr'><strong>qnantum</strong></span> <span class='ocrx_word' id='word_1_16' title='bbox 929 601 999 666; x_wconf 88' lang='lat' dir='ltr'><strong>fieri</strong></span> <span class='ocrx_word' id='word_1_17' title='bbox 1022 607 1140 687; x_wconf 75' lang='lat' dir='ltr'><strong>potest,</strong></span> <span class='ocrx_word' id='word_1_18' title='bbox 1164 608 1295 668; x_wconf 84' lang='lat' dir='ltr'><strong>secutus</strong></span> <span class='ocrx_word' id='word_1_19' title='bbox 1318 602 1401 667; x_wconf 88' lang='lat' dir='ltr'><strong>haec</strong></span> <span class='ocrx_word' id='word_1_20' title='bbox 1424 601 1491 666; x_wconf 84' lang='lat' dir='ltr'><strong>fere</strong></span> <span class='ocrx_word' id='word_1_21' title='bbox 1515 601 1594 666; x_wconf 92' lang='lat' dir='ltr'><strong>olim</strong></span> 
     </span>
     <span class='ocr_line' id='line_1_4' title="bbox 363 706 1596 796; baseline 0 -24"><span class='ocrx_word' id='word_1_22' title='bbox 363 706 485 793; x_wconf 84' lang='lat' dir='ltr'><strong>scripta</strong></span> <span class='ocrx_word' id='word_1_23' title='bbox 505 708 606 774; x_wconf 85' lang='lat' dir='ltr'><strong>luisse</strong></span> <span class='ocrx_word' id='word_1_24' title='bbox 621 707 784 774; x_wconf 81' lang='lat' dir='ltr'><strong>existimo:</strong></span> <span class='ocrx_word' id='word_1_25' title='bbox 810 706 1011 795; x_wconf 72' lang='grc' dir='ltr'>Μητροδώρου</span> <span class='ocrx_word' id='word_1_26' title='bbox 1033 709 1198 774; x_wconf 82' lang='grc' dir='ltr'>ἐπιστολῶν</span> <span class='ocrx_word' id='word_1_27' title='bbox 1222 713 1298 792; x_wconf 84' lang='grc' dir='ltr'>πρὸς</span> <span class='ocrx_word' id='word_1_28' title='bbox 1320 713 1377 795; x_wconf 78' lang='grc' dir='ltr'><strong>τὴν</strong></span> <span class='ocrx_word' id='word_1_29' title='bbox 1401 706 1596 796; x_wconf 46' lang='lat' dir='ltr'><strong>dicipiant·</strong></span> 
     </span>
    </p>
   </div>
   <div class='ocr_carea' id='block_1_3' title="bbox 363 795 1714 903">
    <p class='ocr_par' dir='ltr' id='par_1_3' title="bbox 363 795 1714 903">
     <span class='ocr_line' id='line_1_5' title="bbox 363 795 1714 903; baseline -0.001 -24"><span class='ocrx_word' id='word_1_30' title='bbox 363 817 445 886; x_wconf 78' lang='grc' dir='ltr'>ἔστιν,</span> <span class='ocrx_word' id='word_1_31' title='bbox 476 820 532 900; x_wconf 82' lang='grc' dir='ltr'>γάρ</span> <span class='ocrx_word' id='word_1_32' title='bbox 565 839 628 888; x_wconf 83' lang='grc' dir='ltr'><strong>πως</strong></span> <span class='ocrx_word' id='word_1_33' title='bbox 660 813 753 902; x_wconf 73' lang='grc' dir='ltr'>ἡδονή</span> <span class='ocrx_word' id='word_1_34' title='bbox 783 838 826 887; x_wconf 86' lang='grc' dir='ltr'><strong>τις</strong></span> <span class='ocrx_word' id='word_1_35' title='bbox 849 820 1065 900; x_wconf 75' lang='grc' dir='ltr'>ουηγ&lt;εν&gt;ης</span> <span class='ocrx_word' id='word_1_36' title='bbox 1092 817 1222 900; x_wconf 83' lang='grc' dir='ltr'>λώπ&lt;η·</span> <span class='ocrx_word' id='word_1_37' title='bbox 1260 819 1421 903; x_wconf 55' lang='lat' dir='ltr'><strong>inperetur</strong></span> <span class='ocrx_word' id='word_1_38' title='bbox 1447 818 1597 899; x_wconf 81' lang='grc' dir='ltr'>τοιώτ&gt;ην</span> <span class='ocrx_word' id='word_1_39' title='bbox 1713 795 1714 866; x_wconf 49' lang='lat'><em>3</em></span> 
     </span>
    </p>
   </div>
   <div class='ocr_carea' id='block_1_4' title="bbox 363 920 1597 1649">
    <p class='ocr_par' dir='ltr' id='par_1_4' title="bbox 363 920 1597 1649">
     <span class='ocr_line' id='line_1_6' title="bbox 363 920 1595 1007; baseline -0.001 -22"><span class='ocrx_word' id='word_1_40' title='bbox 363 925 444 988; x_wconf 79' lang='grc' dir='ltr'>κατὰ</span> <span class='ocrx_word' id='word_1_41' title='bbox 466 932 568 988; x_wconf 81' lang='grc' dir='ltr'>τουτον</span> <span class='ocrx_word' id='word_1_42' title='bbox 591 927 641 988; x_wconf 79' lang='grc' dir='ltr'><strong>τὸν</strong></span> <span class='ocrx_word' id='word_1_43' title='bbox 668 929 779 1006; x_wconf 79' lang='grc' dir='ltr'>καιρόν.</span> <span class='ocrx_word' id='word_1_44' title='bbox 825 929 923 1005; x_wconf 87' lang='lat' dir='ltr'><strong>atque</strong></span> <span class='ocrx_word' id='word_1_45' title='bbox 951 922 1012 987; x_wconf 93' lang='lat' dir='ltr'><strong>hoc</strong></span> <span class='ocrx_word' id='word_1_46' title='bbox 1040 920 1170 1006; x_wconf 89' lang='lat' dir='ltr'><strong>quidem</strong></span> <span class='ocrx_word' id='word_1_47' title='bbox 1197 943 1303 1007; x_wconf 89' lang='lat' dir='ltr'><strong>paene</strong></span> <span class='ocrx_word' id='word_1_48' title='bbox 1336 929 1459 988; x_wconf 88' lang='lat' dir='ltr'><strong>certum</strong></span> <span class='ocrx_word' id='word_1_49' title='bbox 1486 921 1595 988; x_wconf 85' lang='lat' dir='ltr'><strong>estin</strong></span> 
     </span>
     <span class='ocr_line' id='line_1_7' title="bbox 364 1026 1597 1116; baseline -0.002 -24"><span class='ocrx_word' id='word_1_50' title='bbox 364 1026 451 1094; x_wconf 83' lang='lat'><em>1100</em></span> <span class='ocrx_word' id='word_1_51' title='bbox 478 1051 541 1101; x_wconf 85' lang='grc' dir='ltr'><strong>πως</strong></span> <span class='ocrx_word' id='word_1_52' title='bbox 570 1029 685 1112; x_wconf 83' lang='lat' dir='ltr'><strong>latere,</strong></span> <span class='ocrx_word' id='word_1_53' title='bbox 719 1029 803 1094; x_wconf 83' lang='lat' dir='ltr'><strong>siout</strong></span> <span class='ocrx_word' id='word_1_54' title='bbox 835 1049 935 1114; x_wconf 85' lang='lat' dir='ltr'><strong>supra</strong></span> <span class='ocrx_word' id='word_1_55' title='bbox 967 1029 999 1093; x_wconf 91' lang='lat' dir='ltr'><strong>in</strong></span> <span class='ocrx_word' id='word_1_56' title='bbox 1031 1030 1160 1095; x_wconf 93' lang='lat' dir='ltr'><strong>nomine</strong></span> <span class='ocrx_word' id='word_1_57' title='bbox 1187 1028 1392 1116; x_wconf 75' lang='grc' dir='ltr'>Μητροδώρου</span> <span class='ocrx_word' id='word_1_58' title='bbox 1425 1027 1452 1095; x_wconf 95' lang='grc' dir='ltr'><strong>Ο</strong></span> <span class='ocrx_word' id='word_1_59' title='bbox 1480 1049 1542 1114; x_wconf 87' lang='lat' dir='ltr'><strong>pro</strong></span> <span class='ocrx_word' id='word_1_60' title='bbox 1573 1051 1597 1090; x_wconf 85' lang='grc' dir='ltr'>οι</span> 
     </span>
     <span class='ocr_line' id='line_1_8' title="bbox 366 1135 1597 1220; baseline -0.002 -20"><span class='ocrx_word' id='word_1_61' title='bbox 366 1135 474 1220; x_wconf 87' lang='lat' dir='ltr'><strong>posita</strong></span> <span class='ocrx_word' id='word_1_62' title='bbox 504 1143 567 1216; x_wconf 87' lang='lat' dir='ltr'><strong>est,</strong></span> <span class='ocrx_word' id='word_1_63' title='bbox 597 1138 751 1201; x_wconf 87' lang='lat' dir='ltr'><strong>incertum</strong></span> <span class='ocrx_word' id='word_1_64' title='bbox 781 1135 941 1218; x_wconf 91' lang='lat' dir='ltr'><strong>quomodo</strong></span> <span class='ocrx_word' id='word_1_65' title='bbox 965 1135 1078 1202; x_wconf 87' lang='lat' dir='ltr'><strong>ultima</strong></span> <span class='ocrx_word' id='word_1_66' title='bbox 1105 1135 1278 1202; x_wconf 86' lang='lat' dir='ltr'><strong>Metrodori</strong></span> <span class='ocrx_word' id='word_1_67' title='bbox 1306 1137 1406 1202; x_wconf 87' lang='lat' dir='ltr'><strong>verba</strong></span> <span class='ocrx_word' id='word_1_68' title='bbox 1439 1137 1597 1200; x_wconf 87' lang='lat' dir='ltr'><strong>lacunosa</strong></span> 
     </span>
     <span class='ocr_line' id='line_1_9' title="bbox 365 1242 1597 1328; baseline -0.001 -24"><span class='ocrx_word' id='word_1_69' title='bbox 365 1242 398 1306; x_wconf 87' lang='lat' dir='ltr'><strong>in</strong></span> <span class='ocrx_word' id='word_1_70' title='bbox 421 1243 447 1306; x_wconf 92' lang='lat' dir='ltr'><strong>B</strong></span> <span class='ocrx_word' id='word_1_71' title='bbox 479 1251 510 1308; x_wconf 88' lang='lat' dir='ltr'><strong>ct</strong></span> <span class='ocrx_word' id='word_1_72' title='bbox 539 1243 635 1308; x_wconf 82' lang='lat' dir='ltr'><strong>valde</strong></span> <span class='ocrx_word' id='word_1_73' title='bbox 664 1251 815 1328; x_wconf 87' lang='lat' dir='ltr'><strong>corrupta</strong></span> <span class='ocrx_word' id='word_1_74' title='bbox 843 1243 1045 1310; x_wconf 87' lang='lat' dir='ltr'><strong>restituenda</strong></span> <span class='ocrx_word' id='word_1_75' title='bbox 1073 1243 1146 1309; x_wconf 85' lang='lat' dir='ltr'><strong>sint.</strong></span> <span class='ocrx_word' id='word_1_76' title='bbox 1192 1242 1306 1308; x_wconf 89' lang='lat' dir='ltr'><strong>eodem</strong></span> <span class='ocrx_word' id='word_1_77' title='bbox 1331 1244 1414 1307; x_wconf 90' lang='lat' dir='ltr'><strong>enim</strong></span> <span class='ocrx_word' id='word_1_78' title='bbox 1437 1244 1507 1307; x_wconf 86' lang='lat' dir='ltr'><strong>iure</strong></span> <span class='ocrx_word' id='word_1_79' title='bbox 1532 1261 1597 1324; x_wconf 87' lang='lat' dir='ltr'><strong>quo</strong></span> 
     </span>
     <span class='ocr_line' id='line_1_10' title="bbox 364 1347 1597 1436; baseline -0.002 -22"><span class='ocrx_word' id='word_1_80' title='bbox 364 1357 522 1436; x_wconf 70' lang='grc' dir='ltr'>θηρευτὲοι</span> <span class='ocrx_word' id='word_1_81' title='bbox 546 1354 651 1436; x_wconf 82' lang='grc' dir='ltr'>ταυτην</span> <span class='ocrx_word' id='word_1_82' title='bbox 675 1351 846 1416; x_wconf 87' lang='lat' dir='ltr'><strong>restituere</strong></span> <span class='ocrx_word' id='word_1_83' title='bbox 869 1349 958 1432; x_wconf 83' lang='lat' dir='ltr'><strong>IIcet,</strong></span> <span class='ocrx_word' id='word_1_84' title='bbox 989 1349 1167 1416; x_wconf 87' lang='lat' dir='ltr'><strong>contendas</strong></span> <span class='ocrx_word' id='word_1_85' title='bbox 1191 1350 1224 1414; x_wconf 93' lang='lat' dir='ltr'><strong>iu</strong></span> <span class='ocrx_word' id='word_1_86' title='bbox 1248 1349 1440 1416; x_wconf 83' lang='lat' dir='ltr'>OYTTEIN</span> <span class='ocrx_word' id='word_1_87' title='bbox 1464 1347 1597 1413; x_wconf 86' lang='lat' dir='ltr'><strong>infiniti-</strong></span> 
     </span>
     <span class='ocr_line' id='line_1_11' title="bbox 365 1455 1596 1544; baseline -0.001 -25"><span class='ocrx_word' id='word_1_88' title='bbox 365 1477 439 1521; x_wconf 85' lang='lat' dir='ltr'><strong>rum</strong></span> <span class='ocrx_word' id='word_1_89' title='bbox 459 1457 561 1522; x_wconf 87' lang='lat' dir='ltr'><strong>latere</strong></span> <span class='ocrx_word' id='word_1_90' title='bbox 586 1464 618 1521; x_wconf 91' lang='lat' dir='ltr'><strong>et</strong></span> <span class='ocrx_word' id='word_1_91' title='bbox 640 1459 678 1543; x_wconf 79' lang='grc' dir='ltr'><strong>ἣν</strong></span> <span class='ocrx_word' id='word_1_92' title='bbox 703 1459 745 1522; x_wconf 80' lang='grc' dir='ltr'><strong>δεῖ</strong></span> <span class='ocrx_word' id='word_1_93' title='bbox 769 1459 907 1544; x_wconf 59' lang='lat' dir='ltr'><strong>tapetem</strong></span> <span class='ocrx_word' id='word_1_94' title='bbox 932 1456 1135 1523; x_wconf 86' lang='lat' dir='ltr'><strong>scribendum</strong></span> <span class='ocrx_word' id='word_1_95' title='bbox 1159 1476 1242 1523; x_wconf 85' lang='lat' dir='ltr'><strong>esse.</strong></span> <span class='ocrx_word' id='word_1_96' title='bbox 1288 1465 1459 1541; x_wconf 86' lang='lat' dir='ltr'><strong>praeterea</strong></span> <span class='ocrx_word' id='word_1_97' title='bbox 1482 1455 1596 1520; x_wconf 90' lang='lat' dir='ltr'><strong>dubito</strong></span> 
     </span>
     <span class='ocr_line' id='line_1_12' title="bbox 364 1561 1512 1649; baseline 0.002 -23"><span class='ocrx_word' id='word_1_98' title='bbox 364 1583 438 1627; x_wconf 89' lang='lat' dir='ltr'><strong>uum</strong></span> <span class='ocrx_word' id='word_1_99' title='bbox 463 1563 621 1629; x_wconf 88' lang='lat' dir='ltr'><strong>Graecum</strong></span> <span class='ocrx_word' id='word_1_100' title='bbox 646 1567 787 1648; x_wconf 73' lang='grc' dir='ltr'>θηρευειν</span> <span class='ocrx_word' id='word_1_101' title='bbox 811 1563 928 1627; x_wconf 89' lang='lat' dir='ltr'><strong>Latino</strong></span> <span class='ocrx_word' id='word_1_102' title='bbox 953 1572 1076 1648; x_wconf 82' lang='lat' dir='ltr'><strong>capture</strong></span> <span class='ocrx_word' id='word_1_103' title='bbox 1099 1584 1230 1649; x_wconf 84' lang='lat' dir='ltr'><strong>prorsus</strong></span> <span class='ocrx_word' id='word_1_104' title='bbox 1254 1561 1512 1648; x_wconf 78' lang='lat' dir='ltr'><strong>respondeat³⁷).</strong></span> 
     </span>
    </p>
   </div>
   <div class='ocr_carea' id='block_1_5' title="bbox 471 1687 1714 2414">
    <p class='ocr_par' dir='ltr' id='par_1_5' title="bbox 471 1687 1714 2414">
     <span class='ocr_line' id='line_1_13' title="bbox 474 1687 1597 1773; baseline -0.001 -20"><span class='ocrx_word' id='word_1_105' title='bbox 474 1708 528 1773; x_wconf 90' lang='lat' dir='ltr'><strong>ep.</strong></span> <span class='ocrx_word' id='word_1_106' title='bbox 552 1707 637 1752; x_wconf 88' lang='lat' dir='ltr'><strong>mor.</strong></span> <span class='ocrx_word' id='word_1_107' title='bbox 666 1687 758 1752; x_wconf 88' lang='lat' dir='ltr'>XVII</span> <span class='ocrx_word' id='word_1_108' title='bbox 783 1691 811 1771; x_wconf 85' lang='lat'><strong>2,</strong></span> <span class='ocrx_word' id='word_1_109' title='bbox 838 1691 895 1754; x_wconf 88' lang='lat'><strong>13:</strong></span> <span class='ocrx_word' id='word_1_110' title='bbox 923 1691 965 1754; x_wconf 86' lang='lat' dir='ltr'><strong>ud</strong></span> <span class='ocrx_word' id='word_1_111' title='bbox 990 1691 1121 1772; x_wconf 75' lang='lat' dir='ltr'><strong>plocium</strong></span> <span class='ocrx_word' id='word_1_112' title='bbox 1148 1697 1203 1754; x_wconf 85' lang='lat' dir='ltr'><strong>cul</strong></span> <span class='ocrx_word' id='word_1_113' title='bbox 1218 1694 1344 1773; x_wconf 81' lang='lat' dir='ltr'><strong>samum</strong></span> <span class='ocrx_word' id='word_1_114' title='bbox 1366 1711 1429 1754; x_wconf 84' lang='lat' dir='ltr'><strong>con</strong></span> <span class='ocrx_word' id='word_1_115' title='bbox 1452 1697 1496 1753; x_wconf 82' lang='lat' dir='ltr'><strong>erl</strong></span> <span class='ocrx_word' id='word_1_116' title='bbox 1518 1691 1597 1754; x_wconf 75' lang='lat' dir='ltr'><strong>sotir</strong></span> 
     </span>
     <span class='ocr_line' id='line_1_14' title="bbox 471 1794 1714 1882; baseline 0 -22"><span class='ocrx_word' id='word_1_117' title='bbox 471 1799 564 1860; x_wconf 83' lang='lat' dir='ltr'><strong>unius</strong></span> <span class='ocrx_word' id='word_1_118' title='bbox 591 1799 702 1879; x_wconf 75' lang='lat' dir='ltr'><strong>opleto.</strong></span> <span class='ocrx_word' id='word_1_119' title='bbox 756 1798 816 1860; x_wconf 87' lang='lat' dir='ltr'><strong>illic</strong></span> <span class='ocrx_word' id='word_1_120' title='bbox 844 1794 945 1879; x_wconf 86' lang='lat' dir='ltr'><strong>(apud</strong></span> <span class='ocrx_word' id='word_1_121' title='bbox 975 1796 1091 1874; x_wconf 84' lang='lat' dir='ltr'><strong>bonos)</strong></span> <span class='ocrx_word' id='word_1_122' title='bbox 1124 1797 1206 1861; x_wconf 85' lang='lat' dir='ltr'><strong>idem</strong></span> <span class='ocrx_word' id='word_1_123' title='bbox 1228 1803 1329 1880; x_wconf 75' lang='lat' dir='ltr'><strong>potest</strong></span> <span class='ocrx_word' id='word_1_124' title='bbox 1355 1818 1420 1860; x_wconf 85' lang='grc' dir='ltr'>ιιιιο</span> <span class='ocrx_word' id='word_1_125' title='bbox 1446 1799 1598 1860; x_wconf 81' lang='lat' dir='ltr'><strong>cententio</strong></span> <span class='ocrx_word' id='word_1_126' title='bbox 1713 1877 1714 1882; x_wconf 7' lang='grc' dir='ltr'>ρ</span> 
     </span>
     <span class='ocr_line' id='line_1_15' title="bbox 474 1885 1597 1988; baseline 0 -21"><span class='ocrx_word' id='word_1_127' title='bbox 474 1905 555 1986; x_wconf 81' lang='lat' dir='ltr'><strong>quod</strong></span> <span class='ocrx_word' id='word_1_128' title='bbox 568 1905 711 1983; x_wconf 76' lang='lat' dir='ltr'><strong>oracioni,</strong></span> <span class='ocrx_word' id='word_1_129' title='bbox 737 1905 809 1986; x_wconf 80' lang='lat' dir='ltr'><strong>quic</strong></span> <span class='ocrx_word' id='word_1_130' title='bbox 822 1907 966 1984; x_wconf 77' lang='grc' dir='ltr'>οιιιιιιιιοι,</span> <span class='ocrx_word' id='word_1_131' title='bbox 986 1906 1014 1966; x_wconf 79' lang='lat' dir='ltr'><strong>ri</strong></span> <span class='ocrx_word' id='word_1_132' title='bbox 1023 1911 1215 1988; x_wconf 81' lang='lat' dir='ltr'><strong>perrcpclur,</strong></span> <span class='ocrx_word' id='word_1_133' title='bbox 1239 1885 1303 1966; x_wconf 80' lang='lat' dir='ltr'><strong>unc</strong></span> <span class='ocrx_word' id='word_1_134' title='bbox 1317 1906 1388 1966; x_wconf 80' lang='lat' dir='ltr'><strong>erit:</strong></span> <span class='ocrx_word' id='word_1_135' title='bbox 1411 1905 1459 1967; x_wconf 81' lang='lat' dir='ltr'><strong>tic</strong></span> <span class='ocrx_word' id='word_1_136' title='bbox 1474 1905 1597 1967; x_wconf 81' lang='lat' dir='ltr'><strong>diuerso</strong></span> 
     </span>
     <span class='ocr_line' id='line_1_16' title="bbox 475 2010 1597 2093; baseline 0 -21"><span class='ocrx_word' id='word_1_137' title='bbox 475 2011 669 2074; x_wconf 76' lang='lat' dir='ltr'><strong>dissimilium</strong></span> <span class='ocrx_word' id='word_1_138' title='bbox 692 2011 806 2074; x_wconf 83' lang='lat' dir='ltr'><strong>iudicia</strong></span> <span class='ocrx_word' id='word_1_139' title='bbox 827 2017 908 2090; x_wconf 75' lang='lat' dir='ltr'><strong>sunl,</strong></span> <span class='ocrx_word' id='word_1_140' title='bbox 932 2011 1094 2074; x_wconf 73' lang='lat' dir='ltr'><strong>dissimilet</strong></span> <span class='ocrx_word' id='word_1_141' title='bbox 1116 2011 1264 2093; x_wconf 73' lang='lat' dir='ltr'><strong>ausano.</strong></span> <span class='ocrx_word' id='word_1_142' title='bbox 1311 2010 1404 2074; x_wconf 74' lang='lat' dir='ltr'><strong>doliu</strong></span> <span class='ocrx_word' id='word_1_143' title='bbox 1426 2013 1530 2074; x_wconf 76' lang='lat' dir='ltr'><strong>onmia</strong></span> <span class='ocrx_word' id='word_1_144' title='bbox 1553 2013 1597 2072; x_wconf 72' lang='lat' dir='ltr'><strong>irc</strong></span> 
     </span>
     <span class='ocr_line' id='line_1_17' title="bbox 473 2119 1596 2201; baseline 0.001 -22"><span class='ocrx_word' id='word_1_145' title='bbox 473 2119 582 2196; x_wconf 59' lang='lat' dir='ltr'><strong>rrerrlcc,</strong></span> <span class='ocrx_word' id='word_1_146' title='bbox 618 2119 703 2197; x_wconf 84' lang='lat' dir='ltr'><strong>lenio,</strong></span> <span class='ocrx_word' id='word_1_147' title='bbox 737 2124 885 2200; x_wconf 67' lang='lat' dir='ltr'><strong>capreola.</strong></span> <span class='ocrx_word' id='word_1_148' title='bbox 931 2124 1026 2200; x_wconf 76' lang='lat' dir='ltr'><strong>palca</strong></span> <span class='ocrx_word' id='word_1_149' title='bbox 1058 2126 1091 2180; x_wconf 81' lang='lat' dir='ltr'><strong>lo</strong></span> <span class='ocrx_word' id='word_1_150' title='bbox 1118 2137 1211 2201; x_wconf 79' lang='lat' dir='ltr'><strong>posse</strong></span> <span class='ocrx_word' id='word_1_151' title='bbox 1242 2138 1336 2182; x_wconf 83' lang='lat' dir='ltr'><strong>unam</strong></span> <span class='ocrx_word' id='word_1_152' title='bbox 1368 2119 1503 2180; x_wconf 62' lang='lat' dir='ltr'><strong>amrium-</strong></span> <span class='ocrx_word' id='word_1_153' title='bbox 1531 2138 1596 2181; x_wconf 77' lang='lat' dir='ltr'><strong>esso</strong></span> 
     </span>
     <span class='ocr_line' id='line_1_18' title="bbox 472 2225 1714 2307; baseline 0.002 -22"><span class='ocrx_word' id='word_1_154' title='bbox 472 2225 670 2286; x_wconf 70' lang='lat' dir='ltr'><strong>rerrlertliorrr&#39;:l</strong></span> <span class='ocrx_word' id='word_1_155' title='bbox 705 2244 767 2287; x_wconf 82' lang='lat' dir='ltr'><strong>coc</strong></span> <span class='ocrx_word' id='word_1_156' title='bbox 790 2231 843 2286; x_wconf 82' lang='lat' dir='ltr'><strong>ecl</strong></span> <span class='ocrx_word' id='word_1_157' title='bbox 865 2226 979 2287; x_wconf 77' lang='lat' dir='ltr'><strong>caius</strong></span> <span class='ocrx_word' id='word_1_158' title='bbox 1001 2245 1064 2287; x_wconf 77' lang='lat' dir='ltr'><strong>uria</strong></span> <span class='ocrx_word' id='word_1_159' title='bbox 1087 2227 1252 2288; x_wconf 77' lang='lat' dir='ltr'><strong>sententia:</strong></span> <span class='ocrx_word' id='word_1_160' title='bbox 1279 2225 1338 2287; x_wconf 87' lang='lat' dir='ltr'><strong>illi</strong></span> <span class='ocrx_word' id='word_1_161' title='bbox 1355 2225 1457 2307; x_wconf 83' lang='lat' dir='ltr'><strong>placet</strong></span> <span class='ocrx_word' id='word_1_162' title='bbox 1479 2245 1594 2303; x_wconf 37' lang='lat' dir='ltr'><strong>umarus.</strong></span> <span class='ocrx_word' id='word_1_163' title='bbox 1713 2301 1714 2304; x_wconf 8' lang='grc' dir='ltr'><strong>Ἴ</strong></span> 
     </span>
     <span class='ocr_line' id='line_1_19' title="bbox 473 2331 1598 2414; baseline 0.003 -22"><span class='ocrx_word' id='word_1_164' title='bbox 473 2333 610 2393; x_wconf 80' lang='lat' dir='ltr'><strong>perilot-ia</strong></span> <span class='ocrx_word' id='word_1_165' title='bbox 632 2352 696 2394; x_wconf 81' lang='lat' dir='ltr'><strong>unc</strong></span> <span class='ocrx_word' id='word_1_166' title='bbox 718 2333 783 2410; x_wconf 73' lang='lat' dir='ltr'><strong>or&#39;o,v</strong></span> <span class='ocrx_word' id='word_1_167' title='bbox 801 2351 865 2395; x_wconf 81' lang='lat' dir='ltr'><strong>croc</strong></span> <span class='ocrx_word' id='word_1_168' title='bbox 881 2333 983 2412; x_wconf 80' lang='lat' dir='ltr'><strong>facies</strong></span> <span class='ocrx_word' id='word_1_169' title='bbox 1006 2339 1065 2394; x_wconf 81' lang='lat' dir='ltr'><strong>col:</strong></span> <span class='ocrx_word' id='word_1_170' title='bbox 1092 2332 1176 2414; x_wconf 76' lang='lat' dir='ltr'><strong>cprrd</strong></span> <span class='ocrx_word' id='word_1_171' title='bbox 1198 2331 1252 2396; x_wconf 81' lang='lat' dir='ltr'><strong>tos</strong></span> <span class='ocrx_word' id='word_1_172' title='bbox 1267 2333 1356 2414; x_wconf 78' lang='lat' dir='ltr'><strong>suisa</strong></span> <span class='ocrx_word' id='word_1_173' title='bbox 1378 2340 1459 2410; x_wconf 81' lang='lat' dir='ltr'><strong>sunl,</strong></span> <span class='ocrx_word' id='word_1_174' title='bbox 1488 2331 1598 2414; x_wconf 78' lang='lat' dir='ltr'><strong>quibua</strong></span> 
     </span>
    </p>
   </div>
   <div class='ocr_carea' id='block_1_6' title="bbox 472 2438 1597 2607">
    <p class='ocr_par' dir='ltr' id='par_1_6' title="bbox 472 2438 1597 2607">
     <span class='ocr_line' id='line_1_20' title="bbox 473 2438 1597 2520; baseline 0.003 -21"><span class='ocrx_word' id='word_1_175' title='bbox 473 2438 695 2500; x_wconf 70' lang='lat' dir='ltr'><strong>odient-iuratur.</strong></span> <span class='ocrx_word' id='word_1_176' title='bbox 733 2459 899 2520; x_wconf 65' lang='lat' dir='ltr'><strong>ultraquam</strong></span> <span class='ocrx_word' id='word_1_177' title='bbox 923 2444 1024 2500; x_wconf 78' lang='lat' dir='ltr'><strong>oulen</strong></span> <span class='ocrx_word' id='word_1_178' title='bbox 1040 2439 1137 2520; x_wconf 49' lang='lat' dir='ltr'><strong>,falsis</strong></span> <span class='ocrx_word' id='word_1_179' title='bbox 1159 2440 1330 2502; x_wconf 81' lang='lat' dir='ltr'><strong>corrslcnlic</strong></span> <span class='ocrx_word' id='word_1_180' title='bbox 1353 2445 1412 2501; x_wconf 82' lang='lat' dir='ltr'><strong>erl:</strong></span> <span class='ocrx_word' id='word_1_181' title='bbox 1434 2440 1597 2502; x_wconf 74' lang='grc' dir='ltr'>οονίοιιιιιν</span> 
     </span>
     <span class='ocr_line' id='line_1_21' title="bbox 472 2545 677 2607; baseline 0 -1"><span class='ocrx_word' id='word_1_182' title='bbox 472 2551 499 2606; x_wconf 89' lang='lat' dir='ltr'><strong>cl</strong></span> <span class='ocrx_word' id='word_1_183' title='bbox 522 2545 677 2607; x_wconf 80' lang='lat' dir='ltr'><strong>cliasr&#39;clcnl.</strong></span> 
     </span>
    </p>
   </div>
   <div class='ocr_carea' id='block_1_7' title="bbox 366 2667 1595 3074">
    <p class='ocr_par' dir='ltr' id='par_1_7' title="bbox 366 2667 1595 3074">
     <span class='ocr_line' id='line_1_22' title="bbox 366 2667 1595 2753; baseline 0.003 -25"><span class='ocrx_word' id='word_1_184' title='bbox 366 2668 420 2731; x_wconf 80' lang='lat' dir='ltr'><strong>rix</strong></span> <span class='ocrx_word' id='word_1_185' title='bbox 450 2667 604 2732; x_wconf 85' lang='lat' dir='ltr'><strong>credibile</strong></span> <span class='ocrx_word' id='word_1_186' title='bbox 635 2677 684 2733; x_wconf 85' lang='lat' dir='ltr'><strong>est</strong></span> <span class='ocrx_word' id='word_1_187' title='bbox 712 2669 812 2733; x_wconf 88' lang='lat' dir='ltr'><strong>rerba</strong></span> <span class='ocrx_word' id='word_1_188' title='bbox 839 2689 901 2732; x_wconf 85' lang='lat' dir='ltr'><strong>coc</strong></span> <span class='ocrx_word' id='word_1_189' title='bbox 917 2707 960 2714; x_wconf 94' lang='lat'><em>-</em></span> <span class='ocrx_word' id='word_1_190' title='bbox 976 2672 1137 2750; x_wconf 72' lang='lat' dir='ltr'><strong>sententio,</strong></span> <span class='ocrx_word' id='word_1_191' title='bbox 1167 2687 1251 2750; x_wconf 85' lang='lat' dir='ltr'><strong>quae</strong></span> <span class='ocrx_word' id='word_1_192' title='bbox 1280 2669 1474 2733; x_wconf 88' lang='lat' dir='ltr'><strong>contrarium</strong></span> <span class='ocrx_word' id='word_1_193' title='bbox 1497 2668 1595 2753; x_wconf 87' lang='lat' dir='ltr'><strong>plane</strong></span> 
     </span>
     <span class='ocr_line' id='line_1_23' title="bbox 368 2760 1594 2859; baseline 0 -21"><span class='ocrx_word' id='word_1_194' title='bbox 368 2775 399 2838; x_wconf 88' lang='lat' dir='ltr'><strong>ci</strong></span> <span class='ocrx_word' id='word_1_195' title='bbox 423 2773 509 2856; x_wconf 84' lang='lat' dir='ltr'><strong>qruod</strong></span> <span class='ocrx_word' id='word_1_196' title='bbox 533 2774 738 2840; x_wconf 87' lang='lat' dir='ltr'><strong>desideratur</strong></span> <span class='ocrx_word' id='word_1_197' title='bbox 762 2760 959 2859; x_wconf 57' lang='lat' dir='ltr'><strong>exprimant</strong></span> <span class='ocrx_word' id='word_1_198' title='bbox 979 2783 1044 2840; x_wconf 88' lang='lat' dir='ltr'><strong>tam</strong></span> <span class='ocrx_word' id='word_1_199' title='bbox 1072 2774 1128 2840; x_wconf 91' lang='lat' dir='ltr'><strong>diu</strong></span> <span class='ocrx_word' id='word_1_200' title='bbox 1152 2775 1183 2839; x_wconf 93' lang='lat' dir='ltr'><strong>in</strong></span> <span class='ocrx_word' id='word_1_201' title='bbox 1209 2774 1448 2859; x_wconf 82' lang='lat' dir='ltr'><strong>exemplaribus</strong></span> <span class='ocrx_word' id='word_1_202' title='bbox 1471 2775 1594 2840; x_wconf 89' lang='lat' dir='ltr'><strong>servari</strong></span> 
     </span>
     <span class='ocr_line' id='line_1_24' title="bbox 367 2881 1594 2967; baseline 0 -21"><span class='ocrx_word' id='word_1_203' title='bbox 367 2882 522 2966; x_wconf 85' lang='lat' dir='ltr'><strong>potuIssc.</strong></span> <span class='ocrx_word' id='word_1_204' title='bbox 579 2881 636 2946; x_wconf 87' lang='lat' dir='ltr'><strong>sed</strong></span> <span class='ocrx_word' id='word_1_205' title='bbox 675 2883 782 2947; x_wconf 86' lang='lat' dir='ltr'><strong>omnia</strong></span> <span class='ocrx_word' id='word_1_206' title='bbox 821 2883 901 2947; x_wconf 87' lang='lat' dir='ltr'><strong>bene</strong></span> <span class='ocrx_word' id='word_1_207' title='bbox 934 2881 1123 2967; x_wconf 87' lang='lat' dir='ltr'><strong>procedent,</strong></span> <span class='ocrx_word' id='word_1_208' title='bbox 1162 2883 1190 2948; x_wconf 88' lang='lat' dir='ltr'><strong>si</strong></span> <span class='ocrx_word' id='word_1_209' title='bbox 1222 2890 1298 2947; x_wconf 91' lang='lat' dir='ltr'><strong>ante</strong></span> <span class='ocrx_word' id='word_1_210' title='bbox 1325 2885 1418 2946; x_wconf 76' lang='lat' dir='ltr'><strong>cuiue</strong></span> <span class='ocrx_word' id='word_1_211' title='bbox 1446 2882 1594 2947; x_wconf 88' lang='lat' dir='ltr'><strong>voculam</strong></span> 
     </span>
     <span class='ocr_line' id='line_1_25' title="bbox 366 2987 1593 3074; baseline 0.002 -22"><span class='ocrx_word' id='word_1_212' title='bbox 366 2992 442 3052; x_wconf 75' lang='lat' dir='ltr'><strong>ruisi</strong></span> <span class='ocrx_word' id='word_1_213' title='bbox 457 2989 668 3074; x_wconf 86' lang='lat' dir='ltr'><strong>posuerimus.</strong></span> <span class='ocrx_word' id='word_1_214' title='bbox 702 2992 747 3054; x_wconf 83' lang='lat' dir='ltr'><strong>illi</strong></span> <span class='ocrx_word' id='word_1_215' title='bbox 771 2996 878 3054; x_wconf 88' lang='lat' dir='ltr'><strong>autem</strong></span> <span class='ocrx_word' id='word_1_216' title='bbox 902 2990 934 3053; x_wconf 93' lang='lat' dir='ltr'><strong>in</strong></span> <span class='ocrx_word' id='word_1_217' title='bbox 954 2992 1031 3053; x_wconf 81' lang='lat' dir='ltr'><strong>illis</strong></span> <span class='ocrx_word' id='word_1_218' title='bbox 1046 2989 1098 3054; x_wconf 85' lang='lat' dir='ltr'><strong>vel</strong></span> <span class='ocrx_word' id='word_1_219' title='bbox 1112 2992 1191 3053; x_wconf 83' lang='lat' dir='ltr'><strong>illic</strong></span> <span class='ocrx_word' id='word_1_220' title='bbox 1213 2987 1401 3054; x_wconf 90' lang='lat' dir='ltr'><strong>mutandum</strong></span> <span class='ocrx_word' id='word_1_221' title='bbox 1418 3009 1491 3055; x_wconf 88' lang='lat' dir='ltr'><strong>esse</strong></span> <span class='ocrx_word' id='word_1_222' title='bbox 1506 2997 1593 3074; x_wconf 88' lang='lat' dir='ltr'><strong>puto.</strong></span> 
     </span>
    </p>
   </div>
   <div class='ocr_carea' id='block_1_8' title="bbox 469 3113 1595 3516">
    <p class='ocr_par' dir='ltr' id='par_1_8' title="bbox 469 3113 1595 3516">
     <span class='ocr_line' id='line_1_26' title="bbox 474 3113 1595 3199; baseline -0.001 -20"><span class='ocrx_word' id='word_1_223' title='bbox 474 3135 528 3199; x_wconf 88' lang='lat' dir='ltr'><strong>ep.</strong></span> <span class='ocrx_word' id='word_1_224' title='bbox 551 3135 637 3179; x_wconf 84' lang='lat' dir='ltr'><strong>mor.</strong></span> <span class='ocrx_word' id='word_1_225' title='bbox 660 3113 769 3178; x_wconf 86' lang='lat' dir='ltr'>XVIII</span> <span class='ocrx_word' id='word_1_226' title='bbox 796 3121 822 3198; x_wconf 88' lang='lat'><strong>1,</strong></span> <span class='ocrx_word' id='word_1_227' title='bbox 847 3117 903 3180; x_wconf 89' lang='lat'><strong>22:</strong></span> <span class='ocrx_word' id='word_1_228' title='bbox 932 3137 1014 3180; x_wconf 77' lang='lat' dir='ltr'><strong>unua</strong></span> <span class='ocrx_word' id='word_1_229' title='bbox 1037 3124 1082 3180; x_wconf 81' lang='lat' dir='ltr'><strong>ert</strong></span> <span class='ocrx_word' id='word_1_230' title='bbox 1104 3119 1185 3180; x_wconf 83' lang='lat' dir='ltr'><strong>enim</strong></span> <span class='ocrx_word' id='word_1_231' title='bbox 1207 3117 1298 3179; x_wconf 73' lang='lat' dir='ltr'><strong>tuicio</strong></span> <span class='ocrx_word' id='word_1_232' title='bbox 1319 3116 1399 3179; x_wconf 85' lang='lat' dir='ltr'><strong>oilae</strong></span> <span class='ocrx_word' id='word_1_233' title='bbox 1414 3117 1595 3196; x_wconf 70' lang='lat' dir='ltr'><strong>fluctuantis</strong></span> 
     </span>
     <span class='ocr_line' id='line_1_27' title="bbox 475 3222 1594 3306; baseline 0.001 -21"><span class='ocrx_word' id='word_1_234' title='bbox 475 3229 503 3286; x_wconf 86' lang='lat' dir='ltr'><strong>cl</strong></span> <span class='ocrx_word' id='word_1_235' title='bbox 534 3223 674 3287; x_wconf 79' lang='lat' dir='ltr'><strong>turbidae</strong></span> <span class='ocrx_word' id='word_1_236' title='bbox 705 3229 817 3306; x_wconf 81' lang='lat' dir='ltr'><strong>portua</strong></span> <span class='ocrx_word' id='word_1_237' title='bbox 849 3229 992 3286; x_wconf 82' lang='lat' dir='ltr'><strong>euentura</strong></span> <span class='ocrx_word' id='word_1_238' title='bbox 1024 3230 1221 3301; x_wconf 71' lang='lat' dir='ltr'><strong>contemmere,</strong></span> <span class='ocrx_word' id='word_1_239' title='bbox 1260 3229 1343 3286; x_wconf 81' lang='lat' dir='ltr'><strong>storo</strong></span> <span class='ocrx_word' id='word_1_240' title='bbox 1365 3224 1503 3302; x_wconf 76' lang='lat' dir='ltr'><strong>fidenter</strong></span> <span class='ocrx_word' id='word_1_241' title='bbox 1535 3222 1594 3286; x_wconf 85' lang='lat' dir='ltr'><strong>cd-</strong></span> 
     </span>
     <span class='ocr_line' id='line_1_28' title="bbox 469 3329 1592 3412; baseline 0.001 -20"><span class='ocrx_word' id='word_1_242' title='bbox 469 3337 629 3412; x_wconf 82' lang='lat' dir='ltr'><strong>portum.</strong></span> <span class='ocrx_word' id='word_1_243' title='bbox 667 3331 726 3394; x_wconf 85' lang='lat' dir='ltr'><strong>lelc</strong></span> <span class='ocrx_word' id='word_1_244' title='bbox 737 3335 887 3412; x_wconf 81' lang='lat' dir='ltr'><strong>fortunae</strong></span> <span class='ocrx_word' id='word_1_245' title='bbox 901 3330 1028 3392; x_wconf 82' lang='lat' dir='ltr'><strong>cdoerao</strong></span> <span class='ocrx_word' id='word_1_246' title='bbox 1041 3335 1165 3412; x_wconf 85' lang='lat' dir='ltr'><strong>pectore</strong></span> <span class='ocrx_word' id='word_1_247' title='bbox 1178 3331 1326 3411; x_wconf 74' lang='lat' dir='ltr'><strong>excipere,</strong></span> <span class='ocrx_word' id='word_1_248' title='bbox 1350 3349 1414 3392; x_wconf 82' lang='lat' dir='ltr'><strong>corr</strong></span> <span class='ocrx_word' id='word_1_249' title='bbox 1427 3329 1592 3393; x_wconf 69' lang='lat' dir='ltr'><strong>latitantem</strong></span> 
     </span>
     <span class='ocr_line' id='line_1_29' title="bbox 472 3439 806 3516; baseline 0.006 -18"><span class='ocrx_word' id='word_1_250' title='bbox 472 3457 527 3498; x_wconf 84' lang='lat' dir='ltr'><strong>ccc</strong></span> <span class='ocrx_word' id='word_1_251' title='bbox 551 3439 806 3516; x_wconf 63' lang='lat' dir='ltr'><strong>leccioerscalem.</strong></span> 
     </span>
    </p>
   </div>
   <div class='ocr_carea' id='block_1_9' title="bbox 366 3557 1594 3858">
    <p class='ocr_par' dir='ltr' id='par_1_9' title="bbox 366 3557 1594 3858">
     <span class='ocr_line' id='line_1_30' title="bbox 366 3557 1594 3644; baseline -0.001 -20"><span class='ocrx_word' id='word_1_252' title='bbox 366 3562 546 3643; x_wconf 76' lang='lat' dir='ltr'><strong>adopertum</strong></span> <span class='ocrx_word' id='word_1_253' title='bbox 580 3558 737 3624; x_wconf 83' lang='lat' dir='ltr'><strong>Trillerus</strong></span> <span class='ocrx_word' id='word_1_254' title='bbox 775 3559 905 3644; x_wconf 86' lang='lat' dir='ltr'><strong>scripsit</strong></span> <span class='ocrx_word' id='word_1_255' title='bbox 941 3559 974 3623; x_wconf 92' lang='lat' dir='ltr'><strong>in</strong></span> <span class='ocrx_word' id='word_1_256' title='bbox 1009 3557 1275 3624; x_wconf 72' lang='lat' dir='ltr'><strong>observationibus</strong></span> <span class='ocrx_word' id='word_1_257' title='bbox 1306 3561 1420 3623; x_wconf 78' lang='lat' dir='ltr'><strong>cilicis</strong></span> <span class='ocrx_word' id='word_1_258' title='bbox 1455 3557 1594 3624; x_wconf 82' lang='lat' dir='ltr'><strong>Franco</strong></span> 
     </span>
     <span class='ocr_line' id='line_1_31' title="bbox 366 3665 1592 3750; baseline -0.001 -21"><span class='ocrx_word' id='word_1_259' title='bbox 366 3665 442 3731; x_wconf 81' lang='lat' dir='ltr'><strong>furti</strong></span> <span class='ocrx_word' id='word_1_260' title='bbox 467 3687 496 3730; x_wconf 87' lang='lat' dir='ltr'><strong>a.</strong></span> <span class='ocrx_word' id='word_1_261' title='bbox 512 3666 552 3730; x_wconf 91' lang='lat' dir='ltr'><strong>M.</strong></span> <span class='ocrx_word' id='word_1_262' title='bbox 577 3686 605 3729; x_wconf 89' lang='lat' dir='ltr'><strong>a.</strong></span> <span class='ocrx_word' id='word_1_263' title='bbox 631 3669 713 3732; x_wconf 77' lang='lat'><strong>1742</strong></span> <span class='ocrx_word' id='word_1_264' title='bbox 738 3666 865 3733; x_wconf 82' lang='lat' dir='ltr'><strong>emissis</strong></span> <span class='ocrx_word' id='word_1_265' title='bbox 889 3669 1231 3750; x_wconf 77' lang='lat' dir='ltr'><strong>p.178sq.,cperlrun</strong></span> <span class='ocrx_word' id='word_1_266' title='bbox 1255 3665 1592 3748; x_wconf 82' lang='lat' dir='ltr'><strong>Schweighaeuserur.</strong></span> 
     </span>
     <span class='ocr_line' id='line_1_32' title="bbox 368 3769 1592 3858; baseline -0.002 -20"><span class='ocrx_word' id='word_1_267' title='bbox 368 3773 427 3838; x_wconf 88' lang='lat' dir='ltr'><strong>sed</strong></span> <span class='ocrx_word' id='word_1_268' title='bbox 452 3772 588 3838; x_wconf 90' lang='lat' dir='ltr'><strong>candem</strong></span> <span class='ocrx_word' id='word_1_269' title='bbox 612 3773 676 3838; x_wconf 90' lang='lat' dir='ltr'><strong>vim</strong></span> <span class='ocrx_word' id='word_1_270' title='bbox 699 3772 799 3839; x_wconf 88' lang='lat' dir='ltr'><strong>habet</strong></span> <span class='ocrx_word' id='word_1_271' title='bbox 821 3775 949 3839; x_wconf 66' lang='lat' dir='ltr'><strong>odacro</strong></span> <span class='ocrx_word' id='word_1_272' title='bbox 967 3782 1091 3858; x_wconf 84' lang='lat' dir='ltr'><strong>pectore</strong></span> <span class='ocrx_word' id='word_1_273' title='bbox 1115 3780 1147 3838; x_wconf 89' lang='lat' dir='ltr'><strong>et</strong></span> <span class='ocrx_word' id='word_1_274' title='bbox 1171 3773 1241 3838; x_wconf 89' lang='lat' dir='ltr'><strong>sine</strong></span> <span class='ocrx_word' id='word_1_275' title='bbox 1260 3771 1358 3838; x_wconf 89' lang='lat' dir='ltr'><strong>dnbio</strong></span> <span class='ocrx_word' id='word_1_276' title='bbox 1374 3773 1500 3838; x_wconf 81' lang='lat' dir='ltr'><strong>Seneca</strong></span> <span class='ocrx_word' id='word_1_277' title='bbox 1514 3769 1592 3838; x_wconf 90' lang='lat' dir='ltr'><strong>illud</strong></span> 
     </span>
    </p>
   </div>
   <div class='ocr_carea' id='block_1_10' title="bbox 365 4039 1592 4558">
    <p class='ocr_par' dir='ltr' id='par_1_10' title="bbox 366 4039 1592 4200">
     <span class='ocr_line' id='line_1_33' title="bbox 458 4039 1592 4108; baseline -0.001 -16"><span class='ocrx_word' id='word_1_278' title='bbox 458 4039 493 4108; x_wconf 80' lang='lat'><strong>³⁰)</strong></span> <span class='ocrx_word' id='word_1_279' title='bbox 517 4040 540 4093; x_wconf 84' lang='lat' dir='ltr'><strong>si</strong></span> <span class='ocrx_word' id='word_1_280' title='bbox 563 4057 693 4094; x_wconf 87' lang='lat' dir='ltr'><strong>numerus</strong></span> <span class='ocrx_word' id='word_1_281' title='bbox 716 4039 832 4108; x_wconf 84' lang='lat' dir='ltr'><strong>excidit,</strong></span> <span class='ocrx_word' id='word_1_282' title='bbox 855 4040 929 4094; x_wconf 88' lang='lat' dir='ltr'><strong>malo</strong></span> <span class='ocrx_word' id='word_1_283' title='bbox 953 4057 1016 4094; x_wconf 89' lang='lat' dir='ltr'><strong>cum</strong></span> <span class='ocrx_word' id='word_1_284' title='bbox 1039 4043 1102 4108; x_wconf 89' lang='lat' dir='ltr'><strong>post</strong></span> <span class='ocrx_word' id='word_1_285' title='bbox 1125 4039 1197 4093; x_wconf 87' lang='lat' dir='ltr'><strong>hauc</strong></span> <span class='ocrx_word' id='word_1_286' title='bbox 1219 4056 1313 4093; x_wconf 87' lang='lat' dir='ltr'><strong>vocem</strong></span> <span class='ocrx_word' id='word_1_287' title='bbox 1336 4039 1461 4104; x_wconf 83' lang='lat' dir='ltr'><strong>inserere,</strong></span> <span class='ocrx_word' id='word_1_288' title='bbox 1486 4058 1542 4094; x_wconf 90' lang='lat' dir='ltr'><strong>non</strong></span> <span class='ocrx_word' id='word_1_289' title='bbox 1563 4043 1592 4092; x_wconf 93' lang='lat' dir='ltr'><strong>ut</strong></span> 
     </span>
     <span class='ocr_line' id='line_1_34' title="bbox 366 4127 1511 4200; baseline -0.001 -16"><span class='ocrx_word' id='word_1_290' title='bbox 366 4131 643 4200; x_wconf 83' lang='lat' dir='ltr'><strong>Schweighaeuserus</strong></span> <span class='ocrx_word' id='word_1_291' title='bbox 660 4131 723 4185; x_wconf 90' lang='lat' dir='ltr'><strong>vult</strong></span> <span class='ocrx_word' id='word_1_292' title='bbox 741 4133 803 4199; x_wconf 85' lang='lat' dir='ltr'><strong>post</strong></span> <span class='ocrx_word' id='word_1_293' title='bbox 822 4127 963 4180; x_wconf 65' lang='lat' dir='ltr'><strong>irrueretur.</strong></span> <span class='ocrx_word' id='word_1_294' title='bbox 1001 4129 1047 4183; x_wconf 87' lang='lat' dir='ltr'><strong>sed</strong></span> <span class='ocrx_word' id='word_1_295' title='bbox 1066 4129 1181 4184; x_wconf 84' lang='lat' dir='ltr'><strong>fortasse</strong></span> <span class='ocrx_word' id='word_1_296' title='bbox 1200 4129 1367 4183; x_wconf 80' lang='lat' dir='ltr'><strong>necessarius</strong></span> <span class='ocrx_word' id='word_1_297' title='bbox 1386 4133 1511 4184; x_wconf 84' lang='lat' dir='ltr'><strong>nonest.</strong></span> 
     </span>
    </p>

    <p class='ocr_par' dir='ltr' id='par_1_11' title="bbox 365 4217 1590 4558">
     <span class='ocr_line' id='line_1_35' title="bbox 457 4217 1590 4288; baseline 0.002 -16"><span class='ocrx_word' id='word_1_298' title='bbox 457 4217 492 4288; x_wconf 75' lang='lat'><strong>⁸⁷)</strong></span> <span class='ocrx_word' id='word_1_299' title='bbox 511 4219 568 4273; x_wconf 85' lang='lat' dir='ltr'><strong>iam</strong></span> <span class='ocrx_word' id='word_1_300' title='bbox 582 4219 685 4288; x_wconf 83' lang='lat' dir='ltr'><strong>scripta</strong></span> <span class='ocrx_word' id='word_1_301' title='bbox 699 4220 767 4274; x_wconf 90' lang='lat' dir='ltr'><strong>haec</strong></span> <span class='ocrx_word' id='word_1_302' title='bbox 781 4223 869 4286; x_wconf 83' lang='lat' dir='ltr'><strong>erant,</strong></span> <span class='ocrx_word' id='word_1_303' title='bbox 888 4237 951 4273; x_wconf 89' lang='lat' dir='ltr'><strong>cum</strong></span> <span class='ocrx_word' id='word_1_304' title='bbox 963 4219 1095 4288; x_wconf 87' lang='lat' dir='ltr'><strong>inspecta,</strong></span> <span class='ocrx_word' id='word_1_305' title='bbox 1110 4236 1194 4287; x_wconf 84' lang='lat' dir='ltr'><strong>quam</strong></span> <span class='ocrx_word' id='word_1_306' title='bbox 1209 4219 1356 4287; x_wconf 84' lang='lat' dir='ltr'><strong>neglegere</strong></span> <span class='ocrx_word' id='word_1_307' title='bbox 1369 4236 1424 4272; x_wconf 93' lang='lat' dir='ltr'><strong>non</strong></span> <span class='ocrx_word' id='word_1_308' title='bbox 1438 4219 1590 4280; x_wconf 82' lang='lat' dir='ltr'><strong>debueram,</strong></span> 
     </span>
     <span class='ocr_line' id='line_1_36' title="bbox 366 4308 1590 4379; baseline -0.002 -17"><span class='ocrx_word' id='word_1_309' title='bbox 366 4308 517 4379; x_wconf 85' lang='lat' dir='ltr'><strong>Dueningii</strong></span> <span class='ocrx_word' id='word_1_310' title='bbox 540 4309 772 4364; x_wconf 77' lang='lat' dir='ltr'><strong>commentatione</strong></span> <span class='ocrx_word' id='word_1_311' title='bbox 791 4310 855 4364; x_wconf 85' lang='lat' dir='ltr'><strong>hac:</strong></span> <span class='ocrx_word' id='word_1_312' title='bbox 883 4311 922 4363; x_wconf 81' lang='lat' dir='ltr'><strong>De</strong></span> <span class='ocrx_word' id='word_1_313' title='bbox 947 4311 1098 4364; x_wconf 75' lang='lat' dir='ltr'><strong>Metrodori</strong></span> <span class='ocrx_word' id='word_1_314' title='bbox 1120 4313 1177 4363; x_wconf 80' lang='lat' dir='ltr'><strong>vila</strong></span> <span class='ocrx_word' id='word_1_315' title='bbox 1200 4317 1225 4362; x_wconf 81' lang='lat' dir='ltr'><strong>et</strong></span> <span class='ocrx_word' id='word_1_316' title='bbox 1247 4311 1368 4376; x_wconf 79' lang='lat' dir='ltr'><strong>scriptia,</strong></span> <span class='ocrx_word' id='word_1_317' title='bbox 1393 4308 1503 4377; x_wconf 85' lang='lat' dir='ltr'><strong>Lipsiae</strong></span> <span class='ocrx_word' id='word_1_318' title='bbox 1531 4309 1590 4363; x_wconf 76' lang='lat' dir='ltr'><strong>luto</strong></span> 
     </span>
     <span class='ocr_line' id='line_1_37' title="bbox 365 4397 1589 4468; baseline -0.002 -16"><span class='ocrx_word' id='word_1_319' title='bbox 365 4417 393 4467; x_wconf 79' lang='lat' dir='ltr'><strong>p,</strong></span> <span class='ocrx_word' id='word_1_320' title='bbox 406 4401 450 4463; x_wconf 85' lang='lat'><strong>45,</strong></span> <span class='ocrx_word' id='word_1_321' title='bbox 469 4399 504 4454; x_wconf 86' lang='lat' dir='ltr'><strong>ab</strong></span> <span class='ocrx_word' id='word_1_322' title='bbox 523 4399 575 4452; x_wconf 90' lang='lat' dir='ltr'><strong>hoc</strong></span> <span class='ocrx_word' id='word_1_323' title='bbox 587 4399 737 4453; x_wconf 86' lang='lat' dir='ltr'><strong>Metrodori</strong></span> <span class='ocrx_word' id='word_1_324' title='bbox 755 4398 945 4468; x_wconf 84' lang='lat' dir='ltr'><strong>fragmentum</strong></span> <span class='ocrx_word' id='word_1_325' title='bbox 964 4397 1093 4453; x_wconf 81' lang='lat' dir='ltr'><strong>similiter</strong></span> <span class='ocrx_word' id='word_1_326' title='bbox 1110 4401 1264 4452; x_wconf 86' lang='lat' dir='ltr'><strong>tractatum</strong></span> <span class='ocrx_word' id='word_1_327' title='bbox 1283 4413 1340 4452; x_wconf 82' lang='lat' dir='ltr'><strong>esse</strong></span> <span class='ocrx_word' id='word_1_328' title='bbox 1354 4397 1419 4451; x_wconf 78' lang='lat' dir='ltr'><strong>vidi</strong></span> <span class='ocrx_word' id='word_1_329' title='bbox 1448 4397 1488 4451; x_wconf 76' lang='lat' dir='ltr'><strong>nic</strong></span> <span class='ocrx_word' id='word_1_330' title='bbox 1501 4402 1589 4452; x_wconf 87' lang='lat' dir='ltr'><strong>autem</strong></span> 
     </span>
     <span class='ocr_line' id='line_1_38' title="bbox 365 4482 1589 4558; baseline -0.007 -18"><span class='ocrx_word' id='word_1_331' title='bbox 365 4488 394 4541; x_wconf 91' lang='lat' dir='ltr'><strong>id</strong></span> <span class='ocrx_word' id='word_1_332' title='bbox 416 4487 641 4543; x_wconf 76' lang='lat' dir='ltr'><strong>conformandum</strong></span> <span class='ocrx_word' id='word_1_333' title='bbox 664 4505 722 4542; x_wconf 81' lang='lat' dir='ltr'><strong>esse</strong></span> <span class='ocrx_word' id='word_1_334' title='bbox 744 4491 839 4558; x_wconf 85' lang='lat' dir='ltr'><strong>putat:</strong></span> <span class='ocrx_word' id='word_1_335' title='bbox 863 4483 1037 4557; x_wconf 78' lang='grc' dir='ltr'>Μητροδώρου</span> <span class='ocrx_word' id='word_1_336' title='bbox 1060 4483 1195 4538; x_wconf 76' lang='grc' dir='ltr'>ἐπιστολῶν</span> <span class='ocrx_word' id='word_1_337' title='bbox 1214 4482 1238 4536; x_wconf 85' lang='grc' dir='ltr'><strong>α’</strong></span> <span class='ocrx_word' id='word_1_338' title='bbox 1257 4492 1307 4536; x_wconf 84' lang='grc' dir='ltr'><strong>τῶν</strong></span> <span class='ocrx_word' id='word_1_339' title='bbox 1325 4484 1386 4555; x_wconf 64' lang='grc' dir='ltr'>πρὸς</span> <span class='ocrx_word' id='word_1_340' title='bbox 1404 4485 1451 4556; x_wconf 79' lang='grc' dir='ltr'><strong>τὴν</strong></span> <span class='ocrx_word' id='word_1_341' title='bbox 1469 4483 1589 4555; x_wconf 73' lang='grc' dir='ltr'><strong>ἀδελφήν·</strong></span> 
     </span>
    </p>
   </div>
   <div class='ocr_carea' id='block_1_11' title="bbox 366 4573 1589 4648">
    <p class='ocr_par' dir='ltr' id='par_1_12' title="bbox 366 4573 1589 4648">
     <span class='ocr_line' id='line_1_39' title="bbox 366 4573 1589 4648; baseline -0.005 -22"><span class='ocrx_word' id='word_1_342' title='bbox 366 4575 430 4628; x_wconf 74' lang='lat' dir='ltr'><strong>iecur</strong></span> <span class='ocrx_word' id='word_1_343' title='bbox 448 4575 497 4646; x_wconf 75' lang='lat' dir='ltr'><strong>*peip</strong></span> <span class='ocrx_word' id='word_1_344' title='bbox 516 4593 552 4637; x_wconf 77' lang='grc' dir='ltr'><strong>τις</strong></span> <span class='ocrx_word' id='word_1_345' title='bbox 571 4574 654 4648; x_wconf 77' lang='grc' dir='ltr'>ἡδονὴ</span> <span class='ocrx_word' id='word_1_346' title='bbox 673 4583 704 4646; x_wconf 75' lang='grc' dir='ltr'><strong>τη</strong></span> <span class='ocrx_word' id='word_1_347' title='bbox 722 4574 789 4646; x_wconf 74' lang='grc' dir='ltr'><strong>λύπη</strong></span> <span class='ocrx_word' id='word_1_348' title='bbox 810 4574 947 4646; x_wconf 76' lang='grc' dir='ltr'>ουηηενής·</span> <span class='ocrx_word' id='word_1_349' title='bbox 970 4575 1107 4646; x_wconf 78' lang='grc' dir='ltr'>θηρευτέον</span> <span class='ocrx_word' id='word_1_350' title='bbox 1131 4573 1224 4646; x_wconf 81' lang='grc' dir='ltr'>ταύτην</span> <span class='ocrx_word' id='word_1_351' title='bbox 1247 4576 1313 4626; x_wconf 73' lang='grc' dir='ltr'>κατὰ</span> <span class='ocrx_word' id='word_1_352' title='bbox 1336 4578 1421 4626; x_wconf 84' lang='grc' dir='ltr'>τοῦτον</span> <span class='ocrx_word' id='word_1_353' title='bbox 1443 4574 1484 4626; x_wconf 81' lang='grc' dir='ltr'><strong>τὸν</strong></span> <span class='ocrx_word' id='word_1_354' title='bbox 1503 4573 1589 4644; x_wconf 73' lang='grc' dir='ltr'>καιρὸν.</span> 
     </span>
    </p>
   </div>
   <div class='ocr_carea' id='block_1_12' title="bbox 0 0 1778 5236">
    <p class='ocr_par' dir='ltr' id='par_1_13' title="bbox 0 0 1778 5236">
     <span class='ocr_line' id='line_1_40' title="bbox 0 0 1778 5236; baseline 0 1"><span class='ocrx_word' id='word_1_355' title='bbox 0 0 1778 5236; x_wconf 95' lang='lat' dir='ltr'><strong> </strong></span> 
     </span>
    </p>
   </div>
  </div>
 </body>
</html>
