3634 5240
831 391 871 456 el

330 614 449 679 Eodem
465 617 616 698 spectent,
633 634 713 697 quae
730 615 767 680 de
789 616 893 680 iambo
910 615 985 679 dicit
998 615 1147 681 Horatius
1171 615 1208 681 de
1224 618 1290 680 erte
1310 617 1392 698 poet.
1408 616 1464 679 80:

247 716 361 804 „Hune
394 717 475 781 socci
499 736 607 800 cepere
636 718 748 801 pedem
770 719 968 802 grandesque
996 719 1156 797 cothurni,
1189 719 1326 783 Alternis
1356 723 1466 804 aptum

245 820 442 885 sermonibus
465 823 498 886 et
519 821 677 906 popularis
692 821 880 886 Vincentem
894 822 1044 905 strepitus
1067 823 1099 886 et
1119 825 1231 888 natum
1255 823 1348 887 rebus
1372 841 1466 904 agen-

244 922 321 1000 dis‚“
344 943 405 1005 quo
426 925 493 990 loco
515 925 702 1008 interpretes
723 945 788 990 non
811 924 887 990 satis
911 925 1055 990 videntur
1076 926 1284 1009 perspexisse,
1317 925 1392 1007 quid
1413 945 1467 990 ve-

244 1025 346 1091 larent
375 1028 473 1092 verba
505 1029 681 1111 „popularis
708 1030 886 1095 vincentem
918 1029 1096 1112 strepitus.“
1164 1029 1243 1094 Miro
1276 1028 1322 1092 illi
1358 1048 1465 1094 vocem

246 1130 433 1213 „strepitus“
463 1132 652 1214 intellegunt
678 1132 716 1199 de
744 1152 816 1198 vero
838 1133 973 1196 clamore
1000 1133 1055 1195 aut
1082 1132 1165 1196 inter
1192 1133 1383 1214 spectatores
1411 1135 1466 1196 aut

243 1232 325 1296 inter
340 1237 460 1298 actores
475 1237 550 1299 orto.
593 1235 662 1299 Iam
684 1236 768 1300 hunc
787 1235 955 1319 strepitum
978 1235 1086 1299 dicunt
1109 1235 1222 1300 iambis
1244 1233 1368 1300 facilius
1384 1235 1465 1300 vinci

245 1355 339 1417 quarn
367 1337 435 1402 aliis
462 1339 615 1416 numeris,
649 1338 732 1421 quod
762 1339 793 1403 in
821 1339 970 1404 trimetris
998 1338 1148 1403 facillime
1176 1337 1466 1404 animadvertantur

244 1439 349 1503 theses
377 1442 409 1504 et
435 1459 530 1505 arses.
574 1443 617 1506 At
642 1442 779 1507 cuiusvis
802 1461 910 1508 versus
936 1441 1009 1506 honi
1031 1440 1199 1524 positiones
1227 1440 1380 1505 eiusmodi
1404 1441 1466 1504 sint

244 1543 374 1624 oportet,
397 1545 435 1606 ut
455 1544 576 1626 possint
597 1545 664 1610 sine
686 1545 792 1611 labore
813 1545 944 1630 percipi;
967 1563 1008 1609 an
1027 1544 1195 1626 quisquam
1217 1543 1323 1609 credet
1344 1544 1465 1608 iambos

245 1643 285 1708 ad
318 1645 551 1711 vociferantium
580 1649 713 1731 aptiores
746 1667 814 1713 esse
848 1649 959 1714 metris
992 1647 1127 1712 ceteris?
1170 1647 1274 1712 Immo
1307 1647 1465 1730 ‘strepitus

243 1748 411 1830 popularis’
445 1750 474 1812 h.
507 1750 527 1813 l.
555 1769 732 1816 sermonem
761 1749 942 1834 significant
972 1750 1178 1828 cotidianum,
1213 1752 1245 1815 et
1271 1751 1364 1834 poeta
1391 1750 1466 1814 dicit

243 1852 388 1934 usurpari
423 1853 548 1935 quidem
574 1854 695 1918 iambos
721 1853 753 1918 in
780 1854 910 1938 dialogis
936 1855 1063 1938 propter
1095 1852 1329 1936 simplicitatem
1354 1853 1465 1936 rhyth-

243 1972 367 2019 morum
392 1991 430 2002 -
454 1947 580 2034 ἆπλοῦς
602 1951 730 2044 ῥυθμός
751 1955 861 2042 (carm.
883 1957 989 2040 popul.
1013 1957 1041 2034 8,
1065 1957 1084 2018 2
1106 1955 1225 2039 Bergk)
1248 1993 1303 2034 -,
1326 1956 1464 2020 eminere

244 2057 350 2121 tamen
385 2056 512 2122 eosdem
547 2078 641 2143 super
674 2060 835 2142 vulgarem
876 2059 1024 2142 loquendi
1058 2059 1329 2137 consuetudinem,
1368 2079 1464 2141 quam

244 2160 376 2225 Flaccus
393 2161 502 2225 eadem
524 2162 669 2227 libertate
685 2163 853 2246 ‘strepitus’
876 2180 950 2228 voce
966 2162 1135 2240 denotavit,
1159 2181 1222 2245 qua
1237 2180 1350 2227 sonum
1365 2164 1465 2227 testu·

245 2263 326 2328 dinis
349 2283 461 2330 aureae
484 2265 594 2348 (carm.
616 2265 661 2329 IV
684 2267 713 2343 3,
738 2265 792 2349 18)
815 2269 847 2331 et
868 2265 1015 2331 tibicinae
1038 2265 1100 2350 (ep.
1122 2265 1140 2328 I
1163 2267 1212 2344 14,
1235 2265 1300 2351 26).
1314 2267 1338 2348 ¹)

328 2384 441 2467 Itaque
464 2405 537 2450 eum
560 2387 592 2450 et
606 2387 689 2452 celer
711 2388 752 2452 sit
772 2387 898 2452 iambus
913 2405 971 2451 neo
986 2386 1124 2470 pedestri
1139 2387 1274 2451 sermoni
1291 2385 1463 2464 dissimilis,

244 2509 263 2544 s
286 2486 577 2570 „frequentissimus
600 2491 701 2554 estin
725 2491 778 2569 eis,
801 2510 881 2573 quac
904 2489 1039 2555 demisso
1067 2490 1162 2571 atque
1184 2489 1298 2555 humili
1321 2509 1463 2555 sermone

245 2590 410 2656 dicuntur‘
434 2592 511 2676 (Cic.
535 2592 621 2658 Orat.
645 2594 705 2656 196
729 2595 787 2676 [=
809 2594 912 2659 Rufin.
933 2614 963 2677 p.
987 2592 1058 2670 577,
1083 2592 1121 2654 17
1147 2591 1220 2676 Κ]).

330 2711 400 2792 Qua
422 2713 460 2778 de
482 2731 578 2779 causa
592 2715 806 2782 maledicendo
827 2714 901 2779 inde
924 2714 962 2778 ab
978 2713 1164 2779 Archilocho
1179 2733 1288 2779 versus
1310 2713 1463 2780 iambicus

244 2817 412 2883 inservivit.
473 2819 577 2900 Atque
616 2818 765 2900 quoniam
802 2817 939 2884 maxima
975 2817 1082 2882 flondt
1118 2817 1210 2882 laude
1243 2815 1460 2895 Archilochus,

245 2920 425 3004 saepissime
453 2922 547 2986 huius
579 2940 656 2986 usus
689 2923 807 2986 mentio
840 2923 892 3000 fit,
926 2940 999 2986 curn
1025 2920 1211 3004 praesertim
1243 2921 1379 2985 nominis
1413 2940 1463 2986 ex-

245 3022 373 3106 plicatio
406 3024 456 3106 (de
479 3044 542 3107 qua
562 3044 592 3089 v.
618 3025 823 3090 heutsehium
844 3025 877 3089 in
902 3024 1013 3089 Philul
1034 3023 1081 3090 XI
1104 3025 1165 3086 332
1193 3023 1255 3107 sq.)
1287 3022 1361 3087 inde
1385 3023 1465 3087 deri·

243 3129 377 3191 varetur.
426 3127 507 3192 Ecce
530 3129 722 3194 testimonia:
745 3129 873 3194 Aristid.
900 3127 1029 3208 Quintil.
1052 3148 1081 3211 p.
1109 3128 1150 3190 38
1172 3127 1207 3191 Μ
1227 3153 1271 3182 =
1294 3127 1344 3204 25,
1369 3127 1445 3192 24]
1456 3149 1462 3190 :

244 3222 363 3313 ἴαμβος
386 3225 580 3317 ...ἐκλήθη
604 3222 753 3296 ἀπὸτοῦ
775 3226 949 3315 ἰαμβίζειν,
973 3223 992 3294 ὅ
1013 3225 1086 3294 ἐστι
1105 3228 1272 3315 λοιδορεῖν,
1297 3224 1389 3315 παρὰ
1408 3220 1464 3292 τὸν

245 3326 295 3399 ἰὸν
317 3327 481 3421 εἰρημένος
503 3331 602 3420 (πρὸς
623 3336 720 3400 τοῦτο
742 3329 802 3421 γὰρ
824 3327 842 3400 ὁ
864 3324 990 3421 ῥυθμὸς
1011 3325 1069 3398 διὰ
1083 3325 1123 3399 τὸ
1144 3329 1310 3418 λογοειδὲς
1331 3329 1386 3396 καὶ
1408 3324 1465 3417 rip

244 3426 419 3524 ἀνισότητα
441 3439 504 3502 τῶν
525 3428 625 3504 acheri
645 3439 751 3525 μερῶν
773 3433 991 3526 andooccos
1013 3437 1175 3520 Longinus
1198 3437 1261 3520 (cui
1277 3437 1355 3500 haee
1371 3435 1466 3500 verba

245 3559 343 3624 aeque
375 3541 469 3623 atque
498 3542 729 3622 antecedentia,
764 3561 843 3625 quae
867 3560 961 3625 supra
983 3561 1012 3624 p.
1036 3541 1076 3604 93
1103 3540 1266 3624 adscripsi,
1300 3539 1467 3603 tribuenda

245 3644 709 3729 sunt)ap.An0n.inHermog.
726 3645 788 3710 VH
805 3643 987 3724 982‚17W:
1009 3636 1130 3726 ἴαμβος
1150 3641 1297 3707 καλεῖται
1319 3634 1389 3707 ἀπὸ
1410 3643 1467 3706 τοῦ

243 3739 423 3830 ἰαμβίζειν,
446 3740 465 3812 ὅ
487 3743 559 3812 ἐστι
580 3746 754 3835 λοιδορεῖν·
786 3750 883 3816 τοῦτο
905 3743 942 3813 δὲ
963 3749 1115 3813 ποιοῦσιν
1136 3741 1167 3812 οἱ
1188 3739 1336 3830 κωμικοί,
1364 3740 1397 3810 oi
1418 3748 1466 3832 τῷ

245 3842 353 3936 ἰάμβῳ
383 3846 588 3938 mucirensem
625 3855 727 3918 Anon.
749 3853 893 3918 Ambros
925 3873 955 3936 p.
978 3851 1040 3914 255
1062 3870 1109 3933 sq.
1131 3849 1163 3915 N
1192 3877 1236 3906 =
1267 3851 1337 3928 224,
1361 3850 1380 3913 2
1404 3849 1465 3914 St:

246 4055 384 4124 indagatis
402 4055 568 4125 seripserunt
586 4071 609 4111 e.
624 4074 648 4125 g.
663 4057 718 4112 Cic.
731 4058 807 4114 Orat.
821 4059 885 4126 1903
903 4055 1018 4125 Longin.
1032 4055 1104 4112 Prol.
1122 4055 1151 4110 in
1162 4054 1252 4125 Heph.
1270 4071 1296 4124 p.
1309 4055 1353 4122 83,
1363 4055 1397 4108 24
1410 4070 1466 4122 sqq.

245 4141 281 4196 W
305 4161 337 4190 =
362 4145 386 4208 1,
405 4144 440 4198 20
466 4159 524 4211 sqq.
546 4143 585 4210 H;
614 4143 744 4202 Choerob.
772 4145 859 4212 Exeg.
893 4144 921 4197 in
950 4141 1039 4212 Heph.
1070 4157 1098 4211 p.
1122 4141 1200 4208 83,5
1223 4157 1279 4209 sqq.
1304 4140 1336 4194 W
1364 4161 1399 4187 =
1425 4141 1468 4206 33,

245 4230 278 4284 21
297 4243 353 4297 sqq.
371 4228 412 4295 H;
438 4231 525 4283 Anon.
543 4230 627 4286 schol.
645 4230 771 4298 Hermog.
790 4231 843 4285 Vll
862 4231 937 4296 1046,
957 4229 990 4282 16
1008 4243 1065 4296 sqq.
1085 4225 1133 4298 W;
1156 4227 1268 4281 Maxim.
1287 4225 1363 4280 Plan.
1385 4225 1467 4280 schol.

245 4313 373 4382 Hermog.
393 4313 417 4368 V
435 4315 494 4381 471,
512 4316 546 4370 13
564 4331 620 4384 sqq.
640 4317 688 4386 W;
707 4316 825 4386 Spengel
843 4313 987 4386 συναγωγὴ
1004 4311 1115 4380 τεχνῶν
1131 4328 1158 4382 p.
1178 4314 1229 4365 153
1240 4328 1294 4380 sq.;
1315 4311 1468 4366 Volkmann

245 4399 358 4456 Rhetcr.
377 4399 402 4456 d.
424 4399 557 4456 Griechen
573 4417 600 4460 u.
619 4401 752 4459 Roemer¹
772 4419 800 4473 p.
817 4403 884 4471 4453
913 4401 994 4457 Blass
1015 4402 1075 4455 Att.
1093 4397 1204 4453 Bereds.
1228 4399 1255 4452 Il
1276 4399 1325 4452 136
1342 4411 1396 4464 sq.,
1428 4395 1468 4449 111

244 4489 270 4554 2,
287 4488 339 4542 395
356 4491 409 4542 etc.

314 4578 337 4638 ¹)
357 4573 397 4630 cl.
416 4573 531 4646 Apollin.
557 4575 648 4632 Sidon.
666 4575 747 4645 epist.
765 4573 806 4630 lx
826 4577 860 4630 13
876 4590 903 4643 p.
922 4574 974 4628 467
991 4573 1029 4626 B:
1060 4571 1149 4640 „Dete
1173 4570 1300 4639 quidquid
1324 4574 1352 4624 et
1370 4573 1470 4637 poetae

245 4661 328 4718 Vario
345 4666 506 4733 strepunt
522 4661 553 4715 in
570 4663 662 4720 aetu.“

1241 4746 1255 4798 1
