3560 5242
815 413 857 479 29

730 501 940 510 --.—-—

222 639 345 704 minum
366 635 722 722 disputationibus,
749 657 812 704 non
857 657 953 721 quam
980 658 1021 702 ex
1051 639 1128 702 tuis
1160 639 1337 704 sensibus
1363 656 1442 722 pro·

222 761 265 807 ex
309 761 387 808 meo
432 760 544 807 sensu
589 741 813 825 deprompta
855 741 1146 806 letavideatur.

221 845 317 910 haec
336 845 516 910 videatur
538 844 668 910 oratio.

220 989 222 998 ι
265 947 351 1012 Lael.
374 951 404 1025 4,
429 949 470 1010 15
499 967 635 1030 quocum
660 996 666 1010 .
690 997 697 1012 .
721 997 728 1012 .
752 949 812 1014 luit
901 946 963 1024 l,3
985 950 1022 1010 ut
1045 949 1076 1010 et
1097 947 1129 1010 io
1153 947 1281 1012 ludicris
1304 951 1337 1013 et
1353 949 1441 1012 seriis

223 1050 580 1128 ...voluntatum
686 1071 812 1116 summa
855 1050 921 1133 pari
961 1061 1084 1114 mecum
1122 1050 1322 1115 voluntate
1360 1070 1442 1116 con·

222 1154 432 1218 consensio.
855 1153 1004 1218 cineret
1019 1151 1130 1216 eadem
1146 1153 1225 1217 velle
1243 1154 1290 1217 rel
1310 1154 1441 1232 nollc:¹)

193 1265 195 1269 '
265 1256 349 1320 Lael.
374 1257 424 1333 25,
448 1258 488 1319 92
519 1259 555 1320 ut
577 1276 674 1320 unus
699 1257 810 1340 quasi
855 1257 996 1320 crederes
1040 1273 1151 1319 unam
1197 1261 1359 1321 mentem
1403 1259 1441 1321 iu

223 1358 372 1422 animus
395 1358 468 1423 liat
489 1377 533 1422 ex
554 1359 744 1443 pluribus.
855 1359 1003 1423 duobus
1026 1357 1147 1422 luisse
1172 1358 1344 1425 divisam.

229 1499 232 1506 ,
265 1460 351 1525 lael.
369 1461 494 1540 26,100
515 1462 809 1545 improvidorum
897 1463 983 1539 20,o
1006 1461 1198 1544 inprovidi
1222 1462 1406 1546 credulifl)

224 1565 261 1627 et
283 1563 529 1629 credulorum
552 1583 674 1629 senum.

218 1719 221 1724 -
309 1681 430 1762 Quibus
453 1684 529 1748 locis
549 1702 612 1747 non
634 1686 736 1767 magis
751 1705 847 1768 quam
863 1685 971 1750 ceteris
988 1683 1207 1762 Ciceronianis,
1231 1703 1362 1766 quorum
1378 1705 1444 1750 me·

223 1786 323 1850 moria
341 1805 396 1869 per
412 1785 579 1852 Octavium
600 1789 718 1870 passim
741 1790 882 1874 dispersa
897 1790 984 1867 esti)
1007 1787 1088 1870 apud
1104 1787 1332 1852 Tertullianum
1357 1789 1443 1870 quic-

220 1907 320 1970 quam
341 1889 518 1973 respondet.
563 1887 674 1972 ltaque
697 1891 854 1957 Ciceronis
877 1891 1001 1974 scriptis
1023 1891 1153 1954 minime
1175 1891 1325 1974 probatur
1339 1891 1442 1955 Minu·

224 1991 307 2055 ciram
337 1992 520 2056 Tertulliani
550 1996 709 2058 auctorem
742 1995 849 2060 fuisse.
904 2000 949 2058 llo
976 1992 1046 2057 vide
1073 1993 1177 2072 modo,
1206 2012 1302 2076 quam
1335 1996 1441 2076 aperte

224 2093 398 2177 Cyprianus
422 2093 525 2175 (Quod
548 2096 632 2160 idola
653 2096 696 2161 dii
712 2116 773 2162 non
791 2099 854 2162 sint
870 2099 902 2181 5)
925 2116 998 2161 cum
1022 2095 1083 2159 alia
1104 2098 1174 2161 tom
1196 2097 1326 2161 Minucii
1347 2101 1443 2181 caput

224 2196 276 2273 26,
300 2199 318 2259 3
342 2217 387 2280 sq.
411 2197 567 2263 Ciceronis
591 2200 731 2283 vestigiis
759 2201 894 2284 ingressi
922 2200 974 2282 (de
1003 2199 1063 2262 dir.
1086 2197 1120 2261 II
1143 2200 1198 2276 24,
1223 2201 1277 2277 52;
1311 2201 1361 2278 33,
1387 2201 1441 2284 71)

224 2300 447 2383 compilaverit.
497 2301 679 2367 Cuiusmodi
712 2305 772 2368 loci
810 2305 896 2388 apud
924 2301 1154 2368 Tertullianum
1188 2305 1313 2367 exstant
1346 2304 1441 2378 nulli;

224 2419 418 2485 quamquam
441 2423 477 2466 er
500 2404 552 2481 iis,
585 2423 664 2487 quae
688 2407 844 2472 Minucius
875 2425 912 2471 er
935 2406 1023 2470 libris
1047 2405 1084 2468 de
1118 2407 1232 2472 natura
1255 2406 1385 2471 deorum
1411 2410 1443 2471 et

224 2505 263 2569 de
292 2506 483 2572 divinatione
517 2509 665 2591 sumpsit,
697 2510 799 2573 multa
831 2509 870 2574 ad
897 2527 1036 2593 paganos
1070 2508 1302 2592 impugnandos
1332 2508 1441 2574 eodem

223 2608 315 2673 modo
345 2629 406 2691 quo
429 2609 584 2675 Minucius
613 2611 645 2674 in
674 2631 742 2676 rem
766 2631 857 2677 suam
880 2613 1061 2678 conuertere
1084 2614 1209 2696 poterat
1230 2611 1443 2678 Tertullianus

223 2710 276 2791 (ef.
307 2711 502 2778 Schultzium
525 2715 546 2778 l.
570 2733 595 2779 c.
617 2735 647 2798 p.
676 2717 764 2801 492).
809 2717 951 2793 Accedit,
986 2713 1067 2796 quod
1091 2715 1250 2780 Minucius
1284 2714 1321 2779 iis
1355 2715 1443 2794 locis,

224 2815 277 2877 ubi
300 2815 340 2879 ad
363 2816 431 2881 illos
447 2817 604 2882 Ciceronis
626 2818 721 2883 libros
744 2817 913 2901 confugere
936 2836 998 2883 non
1013 2818 1124 2900 potuit,
1146 2818 1262 2883 mirum
1286 2821 1442 2900 quantum

225 2935 297 2980 cum
320 2918 557 3011 Tertulliano
579 2922 732 3004 congruit.

800 3093 869 3176 52·

309 3228 447 3294 Transeo
480 3229 519 3294 ad
555 3229 753 3308 Senecam,
789 3231 878 3296 cuius
906 3229 1031 3315 scriptis
1058 3227 1231 3294 Minucium
1259 3247 1353 3294 usum
1376 3247 1444 3295 esse

225 3349 327 3414 neque
355 3333 511 3398 Ebertumv
536 3331 580 3417 (p.
610 3334 686 3418 383)
717 3353 819 3417 neque
846 3334 1057 3399 Dombartum
1087 3332 1121 3416 (l.
1143 3351 1169 3396 c.
1193 3353 1223 3416 p.
1253 3333 1329 3416 135)
1353 3333 1444 3416 fugit.

225 3433 428 3500 mouendus
460 3439 568 3502 tamen
600 3438 762 3503 contendit
792 3436 1005 3503 intercedente
1038 3435 1175 3500 Minucio
1202 3438 1376 3500 Annaeana
1405 3437 1445 3501 ad

225 3537 456 3604 Tertullianum
478 3541 663 3606 manavisse.
702 3541 791 3619 Quod
814 3559 891 3605 num
907 3542 991 3604 recte
1007 3537 1126 3614 dixerit,
1150 3538 1364 3619 quaerendum
1387 3541 1444 3604 est.

311 3644 357 3706 Ac
383 3641 521 3726 primum
545 3643 672 3726 quidem
699 3644 749 3709 his
772 3644 848 3709 locis
872 3641 1021 3710 Octavius
1043 3643 1075 3706 et
1098 3639 1235 3706 Senecae
1254 3642 1302 3708 ‘de
1325 3642 1446 3726 provi-

226 3744 363 3810 dentia
385 3746 511 3812 llbellus
534 3747 616 3813 inter
638 3767 671 3812 se
693 3750 888 3832 congruunt:

224 4089 226 4092 ¹
296 4025 316 4086 ¹)
333 3977 407 4078 vSall.
427 4023 485 4078 Cat.
506 4023 549 4090 20,
567 4023 595 4075 4:
618 4021 698 4076 ‘Nam
716 4019 787 4076 idem
807 4020 874 4076 velle
894 4023 977 4086 atque
994 4017 1065 4072 idem
1083 4017 1170 4085 nolle,
1188 4031 1223 4072 ea
1240 4018 1347 4074 demum
1364 4018 1446 4075 firma

226 4107 349 4163 amicitia
373 4107 432 4162 esr'.
475 4107 547 4161 ,tlibi
572 4107 706 4161 llliuueius
724 4124 785 4162 cum
805 4106 935 4162 Sallustio
954 4121 1007 4160 non
1025 4103 1158 4173 congruit.
1196 4105 1233 4158 At
1251 4103 1285 4160 cf.
1304 4104 1368 4161 Sall.
1387 4105 1444 4175 lug.

227 4195 268 4258 n,
287 4194 318 4342 {i
338 4193 448 4335 iiiia?
461 4197 574 4333 iiinucii
598 4281 637 4334 ‘et
659 4277 743 4333 talem
766 4293 826 4332 csse
850 4278 1007 4333 mortalium
1031 4279 1149 4330 mentem
1177 4291 1201 4330 c.
1219 4291 1243 4345 q.
1262 4277 1294 4332 s.’
1312 4279 1365 4347 (19,
1385 4279 1411 4348 1)
1429 4294 1447 4333 a

227 4364 365 4420 Ciceronis
382 4365 422 4421 de
440 4365 511 4421 fate
529 4365 598 4421 libro
617 4366 700 4434 (sug.
719 4365 748 4419 C.
767 4365 800 4418 D.
821 4364 844 4420 V
861 4365 892 4430 8)
911 4361 1035 4433 proiecta
1053 4375 1113 4416 cese
1131 4363 1292 4418 concredo.
1318 4363 1445 4420 clllem.

227 4451 277 4506 Ost.
296 4449 513 4608 {iviltiimiripssuam
530 4537 620 4606 priore
638 4538 809 4606 potissimum
827 4536 913 4592 libelli
931 4539 1010 4605 parte
1029 4533 1178 4590 Minucium
1197 4549 1213 4590 c
1231 4535 1363 4594 Cicerone
1378 4553 1446 4606 pen-

227 4625 291 4678 dere
309 4623 509 4679 concedendum
527 4631 576 4678 est.
