3560 5242
859 379 1068 478 „L

352 604 520 678 tationem,
559 623 638 685 qnae
674 603 856 668 Tertulliani
892 603 1045 687 capitibus
1079 604 1119 666 25
1143 604 1176 667 et
1198 602 1237 665 26
1272 602 1465 676 continetur,
1500 621 1577 667 con-

352 704 456 769 fusam
487 725 555 770 esse
584 707 879 790 perturbatumque,
913 706 1073 771 Hartelins
1100 707 1133 788 (l.
1157 725 1183 770 c.
1207 726 1235 789 p.
1258 705 1332 785 350)
1356 706 1423 769 tam
1449 705 1576 788 egregie

353 809 508 884 docuerit,
538 812 575 874 ut
599 810 677 874 mibi
706 811 832 894 quidem
854 829 1040 894 persuasum
1064 809 1106 874 sit
1126 806 1309 873 Tertulliani
1333 807 1491 891 scriptoris
1513 809 1577 872 rir-

352 912 451 987 tntes,
487 912 640 996 imprimis
675 916 775 978 artem
810 913 1030 997 componendi,
1068 911 1254 1002 brevitatem
1288 929 1417 994 gravem
1449 913 1577 976 senten-

353 1015 534 1097 tiarumque
556 1017 693 1099 plenam,
715 1016 864 1081 iudicium
888 1017 1056 1094 sincerum,
1079 1015 1350 1098 ingeniivacumen
1366 1014 1416 1078 vin
1431 1033 1576 1097 unquam

352 1117 454 1200 magis
478 1120 623 1184 eminere.
632 1121 654 1200 ¹)

347 1255 350 1262 ·
437 1219 509 1286 Huc
532 1223 670 1304 digresso
692 1223 828 1287 breviter
851 1223 1065 1287 disserendum
1089 1222 1165 1286 mibi
1189 1222 1238 1285 est
1260 1220 1298 1284 de
1320 1219 1370 1283 bis
1393 1219 1484 1285 locis:
1507 1219 1574 1286 Cic.

353 1323 391 1387 de
412 1342 445 1387 re
469 1325 555 1408 publ.
577 1324 623 1388 IV
646 1326 673 1401 5,
698 1327 716 1387 5
740 1327 835 1412 (apud
860 1326 997 1390 Nonium
1021 1347 1050 1412 p.
1075 1327 1136 1389 308
1161 1325 1230 1404 M.);
1253 1322 1329 1387 Min.
1353 1323 1404 1400 23,
1428 1323 1464 1396 2;
1487 1323 1573 1387 Tert.

353 1425 720 1511 adnac.1171.a.p.
745 1430 815 1505 192,
840 1433 874 1492 8:

354 1568 356 1572 ’
489 1547 573 1612 ‘Cic
926 1548 1001 1613 Min.
1171 1549 1175 1649 Ι
1346 1546 1428 1611 Tert

395 1649 462 1730 Ego
494 1669 566 1714 vero
611 1651 730 1729 eodem,
812 1653 1152 1737 lltPlatoideoprac-
1245 1649 1467 1715 Criminatores
1502 1649 1575 1712 deo-

345 1771 417 1832 ·quo
439 1752 508 1816 ille
523 1753 730 1819 Homerum
775 1757 858 1819 clare
887 1756 1093 1821 Homerum
1116 1757 1152 1820 il·
1195 1773 1266 1817 rum
1289 1755 1396 1836 poetas
1419 1751 1575 1816 eliminari

353 1853 535 1919 redimitum
577 1856 729 1921 daronis
774 1859 840 1922 lnm
866 1858 1020 1942 inclytum
1042 1857 1152 1922 lauda·
1196 1855 1575 1938 Platocensuit,ipsum

354 1958 386 2020 et
401 1955 576 2022 delibutum
588 1977 731 2042 unguen·
774 1965 842 2024 tum
873 1964 905 2025 st
927 1962 1150 2026 coronatum
1196 1958 1397 2023 Homerum
1421 1975 1495 2022 sane
1518 1975 1576 2020 co-

352 2058 728 2139 tisemittiteneaurbe,
774 2064 811 2128 dc
845 2065 1020 2140 civitate,
1055 2083 1150 2146 quam
1194 2063 1368 2126 renatum
1413 2060 1575 2124 civitate

353 2181 449 2244 quarn
472 2157 613 2248 sibiipsa
628 2165 727 2247 fingit.
748 2222 752 2325 Ι
772 2167 803 2230 in
836 2186 978 2232 sermone
1007 2167 1151 2231 institue·
1194 2163 1383 2248 pellendum.

345 2267 349 2275 '
611 2287 613 2292 ·
773 2269 842 2345 bat,
866 2269 966 2334 eiecit.

438 2386 523 2450 Num
545 2387 703 2454 Minucius
726 2393 822 2472 caput
843 2390 922 2454 illud
945 2390 1126 2454 Tullianum
1149 2388 1333 2471 inspexerit,
1361 2386 1503 2468 ambigo,
1532 2384 1577 2449 si·

353 2488 479 2571 quidem
496 2509 597 2572 neque
613 2492 715 2556 verbis
732 2493 899 2575 ‘praeclare
915 2493 1090 2558 laudatum'
1107 2511 1187 2575 quae
1204 2490 1393 2556 conferenda
1407 2492 1483 2553 sunt
1497 2507 1573 2552 cum

352 2592 455 2657 verbis
489 2595 687 2676 quibusdam.
712 2596 778 2660 eius
813 2596 870 2660 loci
905 2595 1074 2672 Platonici,
1114 2595 1151 2659 ad
1180 2613 1275 2676 quem
1303 2597 1366 2657 tres
1393 2592 1431 2657 de
1459 2591 1575 2674 quibus

352 2696 455 2777 agitur
484 2697 543 2761 loci
572 2701 716 2781 spectant
743 2699 796 2781 (de
823 2699 965 2782 republ.
990 2697 1040 2762 III
1064 2699 1083 2761 9
1104 2719 1134 2782 p.
1159 2699 1221 2760 398
1243 2699 1283 2776 A)
1295 2696 1320 2779 ι)
1347 2731 1387 2742 -
1419 2695 1463 2759 ibi
1486 2695 1571 2759 enim

351 2797 442 2862 Plato
462 2799 650 2878 Homerum,
673 2804 844 2882 antequam
868 2801 953 2865 dicat
976 2805 1136 2884 unguento
1160 2800 1335 2864 delibutum
1351 2802 1384 2862 et
1397 2798 1471 2862 lana
1486 2815 1572 2861 coro-

351 2903 508 2966 natnm'e
531 2903 656 2968 civitate
679 2904 886 2968 emittendum
911 2921 988 2982 esse,
1012 2899 1173 2988 ἱερὸνκαὶ
1197 2891 1393 2983 θαυμαστὸν
1413 2898 1468 2964 καὶ
1491 2893 1571 2985 ἡδύν

352 3005 491 3087 appellat
508 3041 545 3052 —
563 3006 646 3091 apud
662 3006 843 3071 Ciceronem
865 3009 1034 3090 quicquam
1049 3006 1225 3090 respondet,
1241 3024 1301 3068 nec
1316 3003 1572 3069 commemoravit

351 3105 509 3172 Minucius
544 3109 727 3174 ‘delibutum
762 3111 941 3192 unguentis*
972 3111 1147 3175 Homerum
1183 3108 1359 3174 aPlatonc
1388 3126 1405 3171 e
1433 3106 1569 3180 civitate,

352 3227 447 3290 quam
470 3209 569 3290 finxit,
592 3214 743 3279 emissum
760 3232 843 3289 esse3
866 3232 924 3277 nec
944 3213 1102 3298 probabile
1118 3215 1167 3277 est
1180 3212 1356 3276 Minucium
1371 3210 1570 3274 enuntiatum

350 3312 429 3376 illud
459 3315 583 3390 aliunde
607 3317 778 3401 sumpsisse
801 3325 896 3398 atque
919 3335 969 3394 ea,
999 3335 1079 3398 quae
1102 3314 1234 3380 subinde
1257 3316 1432 3395 sequuntur
1455 3314 1568 3396 (usqne

352 3415 390 3478 ad
414 3414 483 3482 Oct.
508 3420 559 3494 23,
583 3419 632 3502 8),
661 3438 741 3502 quae
764 3438 801 3483 ea
824 3419 982 3485 Ciceronis
1006 3418 1043 3484 de
1066 3438 1099 3483 re
1121 3417 1247 3501 publica
1268 3416 1348 3482 libro
1371 3419 1481 3499 quarto
1503 3434 1570 3480 ma-

350 3575 518 3586 —--—.-..-
536 3581 559 3586 --

421 3673 441 3738 ¹)
468 3673 654 3729 Vehementer
676 3673 819 3729 dolendum
838 3680 893 3738 est,
919 3674 989 3743 qnod
1006 3675 1095 3728 rerba
1119 3674 1179 3729 ‘Sed
1199 3678 1298 3740 postes
1316 3671 1433 3728 Romani
1452 3687 1511 3725 cum
1531 3671 1569 3725 in·

350 3757 455 3824 digenis
478 3759 547 3821 suis,
572 3760 655 3814 etiem
682 3761 705 3814 si
725 3761 768 3829 qui
788 3778 839 3814 non
859 3760 1069 3829 regnaverunt?
1092 3760 1183 3828 (Apol.
1202 3762 1237 3812 25
1254 3775 1279 3828 p.
1300 3760 1356 3825 114,
1373 3759 1418 3824 22)
1437 3757 1506 3812 adeo
1523 3758 1568 3812 de·

240 3907 245 3914 ,
351 3851 469 3912 provata
487 3853 517 3898 et
535 3857 665 3914 corrupta
683 3851 759 3914 sunl,
780 3851 811 3900 ut
829 3853 903 3901 certo
922 3845 1058 3901 emendari
1077 3845 1121 3898 vix
1140 3846 1251 3914 possint.

420 3930 440 3987 ²)
458 3928 560 4002 Ἀνὸρα
578 3928 623 3998 δή,
643 3929 678 3986 n‘rs
696 3935 775 4000 ebrus,
796 3929 948 3998 δινιὶμενον
965 3931 1020 3983 ὑπὸ
1040 3937 1136 4000 σοφίαι
1154 3928 1340 3983 παντοδαπὸν
1356 3931 1504 4002 γίγνεσθαι
1522 3935 1568 3982 καὶ

348 4014 497 4080 μιμεῖσθαι
524 4015 618 4069 πάντα
641 4017 785 4088 χρήματα,
810 4016 834 4068 εἰ
856 4017 922 4086 ἡμῖν
944 4013 1071 4087 ἀφίκοιτο
1092 4017 1129 4070 εἰς
1151 4017 1203 4082 τὴν
1220 4014 1303 4071 πόλιν
1321 4015 1401 4072 ιη’τόε
1419 4035 1450 4067 τε
1469 4021 1515 4067 καὶ
1533 4017 1568 4067 τοὶ

350 4100 492 4166 ποιήματα
514 4100 679 4170 βουλόμενος
701 4099 914 4170 ἐπιδείξασθαι,
938 4107 1144 4174 προσκινοῖμεν
1167 4102 1204 4154 riv
1227 4099 1313 4155 αὐτὸν
1337 4103 1372 4159 n‘re
1394 4101 1492 4174 ἱερὸν
1514 4107 1570 4154 καὶ

350 4185 564 4252 θαυμαστὸν
586 4192 641 4239 seul
662 4185 758 4255 ἡδύν,
782 4189 906 4255 εἴποιμεν
929 4187 1005 4254 cliv,
1030 4185 1073 4240 ὅτι
1097 4187 1146 4240 οὐκ
1165 4193 1224 4240 ἔστι
1246 4189 1371 4244 τοιοῦτοι
1397 4187 1466 4255 ἀνὴρ
1489 4192 1520 4239 ἐν
1536 4189 1571 4260 τῇ

349 4268 428 4322 πόλει
445 4273 508 4342 παρ’
528 4277 594 4341 ἡμῖν
612 4273 675 4325 οὔτε
694 4272 773 4340 θέμις
797 4275 968 4345 ἐγγενέσθαι,
987 4272 1258 4340 ἀποπέμποιμέν
1281 4293 1311 4326 τε
1330 4277 1367 4330 εἰς
1384 4271 1470 4338 ἄλλον
1488 4269 1571 4326 πόλιν

350 4355 455 4426 nepae
480 4361 564 4412 nard
588 4361 650 4427 τῆς
672 4357 817 4429 κεφαλῆς
841 4361 1082 4428 καταχέαντες
1105 4364 1163 4412 καὶ
1189 4366 1269 4432 ἐρίῳ
1292 4361 1491 4432 στέψαντες.
1528 4361 1571 4416 Dc

349 4442 468 4499 Homero
490 4447 636 4516 praecipue
659 4447 799 4501 Platonem
824 4446 962 4514 cogitasse
986 4456 1103 4515 apparet
1127 4462 1160 4500 ex
1184 4445 1232 4510 iis,
1256 4461 1325 4514 qnae
1343 4453 1409 4501 ante
1427 4447 1461 4500 ab
1480 4461 1512 4500 en
1530 4446 1571 4500 di-

350 4535 467 4598 sputate
485 4535 557 4586 sunt.
570 4561 601 4572 -
616 4531 707 4599 Ipsum
728 4531 847 4587 Platonis
864 4532 952 4586 locum
972 4531 995 4585 ai
1014 4531 1149 4586 Minucius
1168 4538 1217 4587 aut
1235 4531 1418 4588 Tertullianus
1436 4533 1571 4601 inspexis-

350 4619 424 4678 sent,
443 4620 553 4684 propios
571 4616 606 4670 ed
626 4617 698 4671 illins
717 4619 799 4672 verba
817 4617 984 4672 accederent.
