3546 5236
201 656 284 722 haec
307 665 433 722 extant:
457 660 513 722 hoc
530 659 658 742 optabile
673 662 712 722 sit
726 679 788 723 con
802 677 829 724 e.
840 679 869 742 q.
883 679 908 724 s.
947 677 1008 742 ego
1023 659 1109 723 malo
1125 659 1300 742 corrigere:
1324 661 1430 743 midai

200 766 255 828 hoc
278 765 407 848 optabile
429 767 488 829 siti
511 769 665 844 <est>
682 774 784 831 autom
808 785 910 848 e.q.s.
956 785 1032 830 narn
1054 767 1183 850 optabile
1206 763 1286 830 addi
1308 763 1429 850 nequit,

201 889 272 935 curn
295 871 350 936 vix
374 871 491 956 copula
515 891 626 937 carere
639 873 752 956 possit.
784 881 828 937 est
848 879 956 937 autem
970 878 1045 956 post
1058 875 1098 936 sit
1112 871 1213 937 multo
1228 870 1357 938 facilius
1372 871 1428 936 illo

202 975 305 1040 omitti
329 978 475 1062 potuisse
498 985 597 1063 patet.

308 1122 363 1187 ep.
382 1123 467 1167 mor.
489 1102 549 1167 VII
573 1107 602 1186 6,
626 1105 661 1169 3:
687 1126 768 1169 nunc
790 1107 832 1168 (acl
854 1106 930 1168 illud
952 1113 1097 1184 revertor,
1122 1105 1203 1188 quoti
1225 1105 1354 1168 suadere
1378 1104 1430 1166 libi

308 1230 477 1294 cameram,
501 1219 534 1274 ut
557 1215 653 1276 otium
677 1220 759 1276 tuam
784 1216 920 1294 innotui-:u
943 1214 992 1275 sit.
1032 1232 1094 1275 noc
1117 1219 1162 1275 est
1183 1210 1430 1295 circumscribas

309 1316 362 1379 libi
387 1318 620 1401 philosophiam.
668 1327 778 1402 atoue
805 1323 914 1384 etiam
945 1321 1031 1383 aliud
1054 1321 1214 1403 proposito
1243 1326 1294 1382 tuo
1321 1338 1430 1381 nomen

308 1425 434 1507 inpone:
469 1426 670 1489 ualetudinem
703 1433 732 1490 et
763 1427 984 1499 inbecillitatem
1019 1434 1121 1491 uocato
1155 1429 1244 1504 (uoco
1276 1446 1297 1510 p
1331 1421 1430 1506 solus,

308 1538 416 1595 uocato
439 1531 471 1596 M
495 1533 600 1615 Argb
624 1533 650 1597 L
674 1531 698 1594 Θ
722 1532 791 1610 alii)
816 1542 844 1598 et
866 1535 1024 1598 desidiam.

200 1654 234 1718 ln
253 1653 360 1720 verbis
376 1657 610 1742 philosophiam.
635 1666 726 1742 atque
749 1661 841 1723 etiam
864 1660 958 1738 aliud,
984 1657 1017 1721 in
1037 1676 1121 1740 qnae
1140 1655 1284 1722 Hessius
1299 1654 1430 1722 codices

201 1759 361 1843 quosdam
393 1763 589 1830 recentiores
618 1771 748 1830 secutus
777 1763 945 1849 vulgatam
984 1763 1175 1849 scripturam
1207 1765 1428 1848 philosophiam

203 1876 292 1952 atque
320 1871 423 1934 otium.
452 1872 537 1934 aliud
564 1872 712 1954 mutavit,
750 1892 770 1956 p
799 1871 911 1937 habet:
944 1879 998 1935 aut
1030 1874 1082 1956 poi
1114 1873 1212 1950 etiam,
1246 1869 1291 1933 M:
1321 1877 1352 1934 ot
1380 1871 1432 1952 qui

203 1978 303 2040 etiam.
369 1983 513 2042 attamen
550 1985 664 2042 neutro
701 1977 796 2042 lectio
839 1979 880 2042 ab
918 1976 1096 2043 editoribus
1132 1984 1264 2062 recepta
1300 1974 1430 2059 probari

203 2088 321 2167 potest.
367 2103 441 2148 narn
466 2084 601 2149 voculae
624 2093 713 2169 atque
735 2088 826 2150 etiam
850 2103 1113 2170 supervacaneae
1137 2091 1169 2149 et
1193 2083 1324 2168 ineptae
1348 2089 1430 2148 sunt.

202 2189 268 2254 otio
291 2209 368 2255 vero
389 2191 492 2275 IpsIus
507 2191 564 2256 otii
579 2210 695 2256 nomen
709 2190 878 2278 praetendi
894 2210 992 2277 posse
1008 2190 1080 2274 quis
1096 2190 1230 2257 credat?
1260 2195 1430 2275 praeterea

202 2295 355 2361 aliorsum
371 2295 491 2363 ducant
505 2299 795 2364 vetustissimorum
809 2297 956 2364 codicum
971 2297 1121 2382 vestigia.
1156 2297 1309 2382 scriptum
1329 2295 1430 2360 fuisse

202 2409 295 2487 puto:
320 2406 541 2490 philosophiam
567 2414 629 2470 aul
652 2409 814 2489 quiielcm.
839 2407 925 2470 alind
947 2425 973 2470 e.
989 2426 1019 2487 q.
1035 2425 1060 2470 s.

310 2548 364 2613 ep.
386 2550 472 2595 mor.
495 2528 574 2594 VIII
601 2535 626 2614 1,
650 2533 693 2596 24
718 2550 822 2596 sermo
847 2537 897 2596 est
921 2528 962 2595 de
986 2537 1088 2594 morte
1111 2528 1309 2593 voluntaria:

308 2637 385 2700 nihil
411 2645 510 2721 opstat
536 2637 595 2714 (sic
624 2658 645 2723 p
670 2636 845 2703 secundum
870 2635 1041 2702 Chatelain
1064 2657 1094 2722 p.
1121 2633 1197 2718 139)
1224 2657 1381 2720 eruimpere
1404 2643 1432 2724 pt

310 2746 397 2808 cairo
424 2747 564 2828 cupienti.
613 2747 645 2808 in
672 2754 777 2829 operto
808 2766 863 2810 uos
890 2753 1002 2808 notura
1031 2745 1176 2808 custodit:
1208 2746 1257 2806 cui
1284 2745 1432 2826 permittit

311 2853 474 2915 necessitas
496 2873 568 2932 mio,
598 2855 822 2936 circuituspicint
849 2855 962 2916 emitum
991 2852 1119 2916 mollem.
1166 2853 1216 2914 cui
1242 2852 1283 2914 acl
1307 2871 1431 2915 :nauum

306 2957 401 3038 plara
428 2965 508 3040 sunl,
535 2979 594 3041 per·
622 2979 700 3041 quiae
727 2981 792 3023 sese
819 2959 952 3038 asismat,
982 2960 1008 3022 is
1036 2961 1179 3022 delectum
1204 2966 1275 3040 apul
1302 2965 1339 3038 el,
1372 2979 1432 3042 qno

307 3065 499 3144 potissimam
528 3065 679 3146 liberetur,
709 3067 886 3130 coctsideret.
934 3068 992 3128 cui
1019 3067 1155 3148 difficilis
1178 3068 1295 3128 occasio
1319 3073 1372 3145 est,
1406 3066 1432 3128 is

306 3171 484 3252 propiciam
508 3191 656 3254 quatitque
675 3194 735 3256 pro
759 3174 873 3256 optima
895 3175 1027 3256 arripiat
1050 3171 1109 3250 (sib
1132 3191 1153 3255 p
1179 3190 1218 3235 ex
1235 3168 1432 3236 ChatelaInii

311 3274 485 3341 collatione
509 3284 542 3342 et
564 3277 620 3364 M),
643 3281 682 3342 cit
706 3280 772 3343 licet
796 3281 944 3360 inaudita,
968 3282 1008 3344 sit
1030 3301 1117 3344 coca

203 3399 293 3466 solus
316 3399 342 3464 P
366 3420 424 3486 pro
448 3401 543 3467 tertio
566 3406 616 3467 cui
638 3402 737 3469 babet
759 3407 850 3486 amit,
873 3402 933 3470 sed
947 3410 1040 3468 tsnta
1055 3410 1106 3469 est
1120 3402 1190 3468 eins
1205 3401 1277 3467 libri
1294 3403 1431 3468 anctori-

203 3513 256 3574 tas
279 3514 315 3572 ut
337 3506 412 3573 hnic
435 3508 574 3593 lectioni,
598 3529 682 3592 qnae
706 3510 853 3594 iamper
876 3529 912 3576 se
936 3510 1010 3595 ipsa
1030 3509 1152 3575 nnllam
1172 3507 1432 3594 interpolationis

204 3614 420 3699 suspicionem
444 3624 560 3700 movet,
583 3616 709 3700 aliquid
732 3618 867 3684 subesse
890 3617 1048 3683 videatur.
1092 3636 1193 3700 qnare
1217 3617 1373 3682 Senecam
1396 3624 1433 3682 at

202 3725 275 3803 cni,
300 3721 386 3805 quod
411 3723 593 3789 sententiae
616 3724 748 3808 egregie
772 3725 930 3808 convenit
955 3725 1126 3808 scripsisse
1150 3723 1282 3790 conicio.

312 3867 365 3932 ep.
393 3868 479 3913 mor.
506 3849 538 3913 X
565 3855 591 3932 1,
614 3853 651 3914 4:
684 3853 743 3914 iter
769 3853 979 3934 imperfectam
1007 3852 1074 3930 erit,
1102 3852 1131 3913 si
1157 3853 1190 3912 ia
1217 3851 1317 3914 inedia
1344 3858 1434 3932 porte

310 3963 364 4018 aul
392 3957 470 4020 citra
498 3960 627 4040 petitum
656 3959 753 4022 lomim
780 3960 912 4040 steteris,
940 3959 1000 4020 oila
1027 3977 1090 4020 coc
1122 3965 1165 4020 est
1195 3958 1376 4040 inperfecto,
1405 3960 1434 4020 si

310 4063 435 4126 lroaesta
459 4071 512 4128 est.
545 4065 724 4148 ubicumque
748 4067 876 4144 nepaes,
900 4067 929 4128 si
944 4064 1017 4128 bene
1031 4065 1155 4144 desinis,
1180 4071 1242 4128 tota
1256 4071 1309 4126 est.
1343 4086 1433 4148 saepe

310 4175 411 4233 autem
440 4177 469 4234 et
489 4173 618 4252 fortiter
644 4172 843 4236 desinendum
872 4179 917 4234 est
944 4179 971 4234 et
1001 4191 1063 4234 nou
1087 4191 1126 4234 ea
1149 4173 1293 4234 commis
1317 4174 1432 4235 causis:

309 4296 382 4338 uam
404 4297 469 4340 occ
490 4280 671 4342 mancipiae
694 4287 774 4358 munt,
799 4299 876 4361 puae
899 4297 957 4342 cos
979 4284 1087 4341 temerat.

204 4397 286 4462 inter
309 4421 364 4464 nec
387 4407 419 4464 et
441 4404 597 4466 maairuae
620 4401 652 4466 in
676 4401 734 4466 PL
758 4401 876 4484 legitur
900 4411 944 4483 el,
974 4400 1060 4485 quod
1089 4401 1122 4466 in
1151 4425 1225 4484 eae,
1257 4423 1431 4487 pronomen

204 4504 364 4570 hocloco
392 4507 626 4593 necessarium,
655 4507 842 4574 mutandum
871 4528 945 4576 esse
972 4509 1119 4574 arbitror.
1165 4507 1271 4576 simile
1298 4508 1376 4593 quid
1403 4512 1432 4576 is

204 4613 345 4678 sortasse
368 4611 508 4698 legebat,
536 4634 644 4698 aquo
668 4635 783 4681 manus
807 4614 972 4682 secundae
995 4616 1119 4683 saeculi
1139 4615 1188 4680 XI
1215 4617 1433 4684 correcti0nes

160 4741 164 4752 ’
203 4719 296 4785 initi
330 4718 496 4805 proiectae
525 4729 608 4791 sunt.
656 4742 730 4787 nam
754 4742 853 4807 supra
879 4741 993 4789 vocem
1018 4745 1074 4788 :uec
1101 4723 1246 4809 scripsit:
1274 4725 1325 4790 acl
1351 4725 1433 4791 heae.
