3480 5230
767 423 807 488 53

172 641 232 738 γὰρ
245 742 251 752 .
266 641 378 746 ιῖίσττερ
405 647 467 713 τῶν
499 642 664 736 νοημάτων
697 646 751 715 καὶ
778 651 843 715 τῶν
869 643 1127 737 ἐπιχειρημάτων
1154 638 1392 737 ἦκσιλλιλοχία.

173 755 286 821 Nescio
315 775 355 822 an
377 755 501 822 Stoicus
529 755 656 858 quidun
682 756 788 822 rhetor
813 756 1054 841 philosophnsro
1080 757 1177 822 talem
1203 755 1392 821 sententiam

171 859 344 943 'aliquando
366 861 538 945 protulerit.

260 973 470 1070 Ἕλληνισμόν
498 983 595 1065 igitur
617 983 714 1050 Stoici
736 983 981 1068 interpretantur
1002 976 1138 1070 ηριίσιν,
1168 981 1198 1046 id
1221 982 1270 1046 eet
1292 981 1393 1046 elocu-

174 1083 301 1163 tionem,
324 1087 503 1164 dictionem,
530 1088 667 1171 reliquas
694 1108 767 1154 vero
794 1090 927 1155 nunus
955 1085 1055 1167 λέξεις
1077 1087 1201 1164 dicunt,
1228 1103 1307 1167 quaa
1330 1083 1392 1148 sin-

174 1189 257 1270 gulis
280 1191 383 1257 verbis
406 1193 548 1257 constare
571 1192 687 1257 volunt.
725 1191 795 1272 Qua
809 1211 905 1258 causa
919 1193 1094 1257 commotus
1110 1191 1205 1256 etiam
1220 1191 1390 1271 figurarum

174 1287 372 1377 (σχημάτων)
399 1294 658 1379 bipertitionem,
688 1315 783 1378 quem
811 1295 1054 1361 Fortunatianus
1077 1297 1119 1378 (p.
1144 1293 1204 1356 126
1228 1293 1280 1375 Η.)
1303 1292 1390 1356 nobis

173 1395 284 1472 tradit,
309 1397 483 1463 Stoicorum
505 1399 663 1483 propriam
686 1400 798 1463 dicam.
835 1397 894 1464 ille
917 1399 1000 1464 enim
1015 1399 1076 1464 tria
1090 1397 1262 1481 figurarum
1278 1413 1392 1478 genera

176 1499 287 1563 statuit
308 1497 434 1580 λέξεως,
456 1496 564 1587 λόγου,
587 1497 744 1580 διανοίας.

217 1701 220 1706 ¹
259 1623 362 1704 Atque
391 1619 506 1704 λέξεως
534 1624 659 1706 quidem
687 1621 837 1710 σχήματα
863 1623 929 1689 fieri
953 1625 1042 1688 docet
1064 1623 1101 1686 in
1123 1619 1291 1703 singulis
1313 1637 1391 1682 ver·

173 1721 245 1801 bis,
267 1722 298 1787 id
322 1726 402 1807 quod
426 1745 499 1790 cum
523 1725 627 1792 Stoica
648 1724 763 1808 λέξεως
784 1728 907 1793 notione
924 1729 994 1811 apte
1010 1726 1163 1808 congruit
1198 1723 1392 1803 intellegun-

174 1826 226 1888 tur
256 1827 351 1909 igitur
385 1827 560 1906 schemata,
594 1831 708 1913 quibus
742 1831 847 1914 eliqua
879 1832 911 1895 in
946 1829 1076 1911 singulis
1104 1828 1230 1893 vocibus
1256 1823 1390 1890 mutatio

173 1923 364 2014 (ἐξάλλαξις)
386 1931 432 1996 fit.
469 1931 580 2014 Itaque
603 1933 698 1997 etiam
714 1929 948 2020 ἐξηλλαγμένως
962 1921 1065 2012 λέξεις
1079 1950 1132 1997 eas
1147 1927 1390 1995 Fortunaiiunus

173 2031 193 2094 l.
218 2051 243 2096 c.
272 2032 355 2097 dicit.
405 2031 492 2112 erae
516 2035 624 2116 quales
647 2034 764 2101 luerint
799 2037 914 2121 optime
944 2037 1017 2100 licet
1039 2053 1223 2117 cognoscere
1251 2051 1288 2095 ex
1311 2029 1389 2093 libro

176 2130 252 2219 περὶ
274 2125 378 2218 {iriense
399 2139 438 2216 (c.
455 2139 495 2201 23
511 2137 583 2217 iul:
605 2133 640 2201 τί
662 2135 716 2216 δίς
735 2133 769 2203 αλ
793 2141 858 2204 τῶν
882 2135 1039 2203 τττοίσεων
1058 2131 1178 2223 χρόνων
1201 2125 1392 2219 προσώπων

172 2225 324 2321 ἀριθμῶν
345 2241 441 2325 γενῶν
462 2235 655 2320 ἐναλλάξας.
695 2241 777 2308 Hinc
793 2263 917 2325 quoque
934 2244 1063 2326 apparet
1077 2235 1390 2317 Pseudo-Longinum

173 2357 210 2402 ex
232 2343 320 2423 parte
344 2343 449 2425 eliqua
471 2342 591 2408 Stoicos
614 2363 681 2408 esse
706 2349 860 2410 secutum.
898 2345 1040 2410 Recessit
1062 2363 1145 2420 sane,
1168 2360 1241 2406 oum
1264 2331 1392 2402 ἕναλλοὶ·

174 2438 238 2519 ξεις
260 2444 442 2527 appellaret,
466 2446 643 2522 nCaeoibo,
670 2466 765 2529 quem
787 2447 861 2512 alibi
883 2448 915 2510 in
938 2446 1104 2530 permultis
1126 2445 1220 2509 rebus
1236 2440 1390 2512 adhibete

171 2544 224 2608 ille
253 2546 336 2610 enim
363 2568 472 2614 omnes
500 2550 557 2614 has
585 2545 770 2631 ε’ναλλιίξεις
799 2571 861 2616 uno
889 2540 1095 2627 ἀλλοιώσεως
1123 2548 1241 2629 figurae
1263 2543 1390 2608 nomine

172 2649 416 2732 comprehendit.
427 2655 452 2733 ¹)

258 2769 325 2835 Nec
352 2772 459 2837 tamen
488 2773 600 2838 ceteris
628 2774 846 2858 partitionibus
876 2773 953 2837 adeo
979 2773 1139 2856 praestare
1167 2771 1235 2836 visa
1261 2769 1309 2833 est
1336 2765 1391 2830 ills

173 2872 349 2938 Stoicorum
371 2875 552 2958 tripartitio,
575 2880 612 2940 ut
634 2896 698 2941 rina
720 2877 853 2951 veleret3
877 2896 952 2941 sene
973 2875 1029 2939 illa
1051 2874 1178 2957 quidem
1199 2873 1300 2938 tribus
1322 2872 1392 2934 tan-

173 2977 242 3040 turn
265 2975 342 3040 loeis
363 2979 487 3060 praeter
510 2979 610 3056 illum,
634 2979 671 3044 de
695 2985 756 3062 quo
771 2998 866 3063 supra
881 2979 951 3056 dixi,
975 2979 1249 3043 commemoratur:
1274 2974 1305 3056 1)
1321 2973 1391 3037 Vio

172 3077 264 3142 torin.
293 3078 333 3144 ad
359 3079 422 3145 Cio.
453 3081 490 3145 de
517 3081 581 3145 inv.
604 3081 636 3145 H
661 3083 701 3144 15
723 3103 755 3170 Pa
776 3083 837 3145 271
861 3082 917 3146 H.:
949 3082 1072 3158 „omnia
1099 3082 1184 3145 enim
1206 3076 1391 3143 ornamenta

171 3181 369 3264 elocutionis]
397 3182 428 3246 id
455 3187 505 3249 est
529 3185 663 3267 figurae,
697 3204 778 3268 quae
805 3187 880 3250 sunt
908 3188 963 3250 aut
988 3179 1138 3270 σχήματα
1164 3176 1308 3257 διανοίας
1336 3180 1391 3242 aest

170 3279 321 3367 σχήματα
342 3281 458 3365 λέξεως
480 3289 536 3352 aut
550 3284 700 3374 σχήματα
714 3283 819 3373 λόχον,
833 3290 868 3353 ολ
890 3287 1042 3370 quidam
1063 3287 1202 3352 volunt.“
1237 3286 1271 3364 2)
1285 3281 1390 3346 Aelius

171 3387 369 3452 Herodianus
397 3388 460 3472 (ΠΙ
482 3411 511 3472 p.
536 3391 575 3455 90
601 3389 685 3474 Sp.):
715 3387 794 3473 περὶ
821 3387 882 3472 μὲν
908 3391 974 3454 τῶν
997 3386 1035 3453 ἐν
1057 3385 1160 3470 λέξει
1184 3380 1391 3471 σχημάτων

173 3479 268 3554 λκανᾶ
288 3487 568 3578 ταῦτα--ρητίον
591 3492 628 3558 δὲ
651 3488 725 3579 ἑξῆς
748 3489 824 3575 περὶ
842 3495 906 3557 τῶν
922 3488 955 3556 ἒν
977 3485 1134 3578 διανοίᾳ
1156 3487 1267 3554 τεκαὶ
1291 3481 1389 3570 λόγῳ

172 3587 355 3678 σχημάτων.
383 3595 415 3674 3)
431 3594 529 3662 Iulius
545 3597 731 3663 Rufinianus
744 3597 797 3679 qui
812 3596 924 3661 dieitur
940 3595 977 3660 de
993 3595 1141 3660 schemat
1157 3594 1216 3660 lex.
1232 3612 1260 3675 p.
1277 3592 1317 3653 54
1332 3589 1390 3652 H.:

172 3697 270 3772 „sunt
297 3698 405 3761 autem
432 3700 464 3763 et
492 3699 570 3765 eliac
599 3700 747 3782 figurae
772 3700 850 3764 mire
877 3699 1008 3763 orationi
1036 3697 1130 3762 decus
1158 3697 1391 3761 ornamentum·

172 3817 233 3880 que
260 3798 441 3864 tribuentes,
489 3802 551 3866 llas
577 3803 636 3868 hoc
665 3822 683 3866 a
710 3801 920 3886 superioribus
946 3801 1121 3865 discernere
1149 3798 1280 3882 oportet,
1309 3793 1390 3876 quod

171 3919 234 3964 non
268 3903 333 3965 tam
368 3905 596 3970 sententiarum
628 3910 852 3989 perpetuarum
887 3906 962 3968 sunt
994 3904 1112 3986 figurae
1140 3920 1236 3984 quem
1264 3899 1391 3978 singu-

171 4003 294 4068 lorum
321 4005 519 4072 verborum
541 4010 574 4074 et
596 4008 679 4091 quod
701 4009 809 4074 carent
831 4006 1090 4090 appellationibus
1112 4003 1253 4089 propriis.
1297 4001 1391 4065 Fiunt

171 4107 279 4194 antem
301 4125 356 4191 por
378 4127 485 4186 casus,
509 4130 657 4176 numeros
680 4117 765 4192 cqs.“

258 4208 339 4276 Cum
365 4214 490 4278 auctore
515 4213 586 4278 libri
609 4210 686 4300 περὶ
706 4206 809 4296 inpone
830 4213 987 4278 consentit
1006 4212 1040 4276 in
1062 4209 1220 4276 nonnullis
1242 4205 1392 4273 Herodia-

171 4316 272 4397 μοιβ)
283 4313 371 4378 cuins
386 4317 552 4400 praecepte
564 4317 702 4402 aliquam
715 4317 838 4401 portem
853 4335 870 4381 e
883 4314 1058 4381 Stoicorum
1068 4313 1239 4397 figurarum
1252 4309 1392 4376 doctrina

239 4494 264 4558 ¹)
281 4492 341 4546 Tib.
361 4508 390 4547 τε.
409 4510 493 4563 τχημ.
510 4496 549 4550 ΙΙΙ
567 4511 593 4563 p.
611 4495 663 4559 8ος
682 4493 757 4549 Alex.
776 4492 818 4548 Ill
836 4508 862 4562 p.
880 4495 915 4548 33
933 4493 980 4562 Sp.

240 4579 262 4644 ¹)
280 4577 452 4635 Herodianus
474 4579 503 4635 in
526 4579 623 4650 quibus
647 4578 716 4634 fiant
738 4578 1003 4644 solemnissimos,
1026 4577 1076 4632 has
1100 4583 1192 4646 partor
1218 4577 1312 4629 effert:
1332 4573 1389 4640 εἴδη

169 4663 230 4716 τῶν
247 4660 407 4734 ὀνομάτων,
430 4668 508 4736 γένη,
532 4665 664 4730 aspicere,
681 4663 815 4738 ἀριθμοί,
834 4659 978 4737 ἐγκλίσεις,
996 4661 1148 4734 πρόσοικα,
1166 4661 1276 4736 χρόνοι,
1295 4660 1390 4714 διαθέ-
