3546 5236
786 407 828 470 87

193 608 369 685 suppetunt
397 608 430 665 et
458 600 487 666 is
516 599 571 682 qni
598 598 657 664 illa
680 599 860 684 composuit
884 598 1029 664 codicem
1053 597 1197 665 eiusdem
1222 598 1354 681 ordinis,
1378 595 1422 663 ad

192 726 287 790 quem
305 707 335 773 N
356 707 433 772 etR
457 711 498 788 (v.
513 715 612 792 caput
629 704 675 792 II)
699 707 869 792 pertinent,
893 705 1049 771 adhibuit.
1085 725 1190 789 neque
1214 705 1299 772 enim
1321 704 1421 770 ullum

192 811 259 877 vidi
288 833 396 878 eorum
424 814 540 878 librum
570 820 646 879 ante
674 812 838 879 saeculum
862 813 1085 880 duodecimum
1110 820 1286 896 exaratum,
1312 833 1421 896 quam·

192 939 298 1004 quam,
320 927 356 985 nt
378 919 423 1002 fit,
447 920 580 1006 saepius
603 941 700 1003 qnam
724 920 797 986 libri
820 920 939 1004 integri
962 920 1128 1005 descripta
1151 927 1234 986 sunt.
1280 927 1421 986 ceterum

190 1026 385 1092 monendum
418 1034 469 1093 est
499 1027 654 1111 plurimos
685 1027 835 1093 librorum
864 1027 906 1092 de
934 1026 1100 1094 beneficiis
1129 1025 1268 1111 codices,
1301 1026 1356 1110 qui
1387 1025 1422 1090 in

193 1131 458 1198 bibliothecarum
492 1132 653 1216 catalogis
685 1140 983 1213 commemorentur,
1013 1141 1166 1218 excerpta
1194 1139 1318 1198 mutum
1347 1151 1421 1196 con·

193 1239 302 1306 tinere.

280 1345 381 1412 molto
397 1347 500 1432 pluris
516 1347 617 1412 libelli
641 1347 687 1413 de
710 1346 878 1412 formula
901 1347 1087 1414 honestae
1110 1347 1216 1412 vitae
1240 1354 1272 1411 et
1295 1343 1340 1410 de
1363 1365 1421 1410 rc-

193 1452 331 1520 mcdiis
355 1454 605 1519 fortuitorum
628 1453 771 1520 faciendi
790 1463 872 1520 sunt.
910 1455 1060 1537 quicum
1085 1453 1140 1519 diu
1164 1461 1328 1536 tamquam
1347 1453 1420 1518 snb-

193 1557 294 1626 diticii
323 1561 513 1642 iacuissent,
545 1582 566 1627 a
592 1561 627 1626 F.
651 1561 775 1628 Haasio
808 1561 921 1626 merito
954 1561 987 1625 in
1019 1559 1123 1626 lucem
1151 1559 1306 1643 protracti
1335 1565 1419 1625 sunt.

193 1667 381 1732 certissimis
401 1669 485 1733 enim
500 1669 699 1751 argumentis
713 1667 934 1753 comprobavit
951 1665 1042 1753 (edit.
1051 1667 1114 1734 vol.
1124 1666 1172 1730 III
1185 1687 1216 1752 p.
1231 1666 1321 1745 XVI)
1336 1664 1422 1730 hunc

193 1793 233 1838 ex
246 1774 390 1858 pleniore
405 1775 550 1841 Senecae
565 1775 697 1858 dialogo
713 1780 755 1857 (v.
764 1778 895 1840 Hermes
908 1774 1002 1840 XVII
1016 1777 1081 1842 369
1101 1781 1134 1840 et
1152 1794 1236 1858 quae
1251 1773 1311 1840 snb
1324 1771 1420 1838 linem

193 1880 412 1968 huiuscapitis
422 1880 1230 1968 exposui),quoTertullianusltususessetetis,qui
1241 1877 1420 1946 sententias

192 1989 374 2053 doctoribus
388 1989 562 2074 inscriptas
577 1989 795 2075 compilasset,
812 1997 996 2074 excerptum
1011 2009 1093 2071 esse,
1107 1989 1206 2070 illum,
1221 1987 1334 2070 dequo
1344 2005 1419 2050 num

193 2097 372 2160 Annaeana
394 2097 573 2162 contineret
597 2096 765 2162 dubitasse
784 2095 912 2161 videtur
927 2095 969 2181 (v.
984 2117 1015 2180 p.
1029 2096 1130 2178 XXI),
1155 2094 1270 2161 saltem
1287 2092 1420 2177 dignum

192 2203 318 2286 putavit
345 2223 439 2285 quem
466 2203 599 2268 editioni
629 2223 709 2269 suae
737 2223 868 2288 operum
893 2202 1039 2270 Senecae
1062 2201 1264 2285 adiungeret
1309 2220 1419 2266 verum

192 2315 301 2374 tamen
321 2308 546 2394 huncquoque
566 2331 606 2376 ex
629 2309 711 2376 libro
735 2310 844 2392 aliquo
859 2310 1037 2376 Annaeano
1061 2308 1321 2375 consarcinatum
1344 2325 1419 2372 esse

191 2425 324 2500 propter
355 2415 485 2483 dicendi
517 2437 619 2501 genus
648 2425 681 2484 et
712 2416 926 2502 praefationis
953 2416 1135 2481 allartino
1165 2415 1315 2481 adiectae
1338 2413 1420 2478 haee

190 2523 305 2588 rerba:
339 2526 469 2590 libellaria
500 2527 580 2589 bruce
612 2527 698 2590 catto
726 2527 945 2608 sophismatum
972 2527 1171 2590 ostentatione
1197 2525 1338 2607 polibam,
1365 2523 1421 2586 scd

186 2633 317 2714 planitie
342 2653 444 2715 purae
470 2633 672 2716 simplicitatis
704 2640 915 2716 eccerptum
947 2630 1213 2696 verisimillimum
1246 2635 1305 2696 cst
1360 2626 1420 2696 sed

191 2756 254 2818 qno
281 2735 335 2802 hic
359 2738 503 2804 Senecae
533 2739 652 2823 scripto
682 2759 759 2806 usus
788 2738 839 2823 sit,
869 2746 972 2804 utrum
1001 2737 1091 2804 libris
1114 2740 1151 2802 de
1173 2739 1294 2821 officiis,
1322 2755 1418 2819 quam

191 2844 407 2930 suspicionem
431 2843 623 2910 Weidnerus
647 2844 724 2910 iecit
745 2845 778 2909 in
803 2844 945 2910 editione
968 2843 1070 2910 libelli
1092 2841 1307 2926 hlagdebnrgi
1332 2861 1418 2906 anno

192 2952 278 3017 1872
302 2951 421 3017 emissa
445 2951 490 3036 (p.
508 2955 549 3034 1),
574 2971 616 3016 an
640 2953 909 3034 exhortationihus,
933 2951 1064 3016 analio
1088 2950 1240 3034 quopiam
1256 2969 1314 3034 pro
1330 2955 1418 3014 certo

191 3053 256 3120 dici
270 3057 323 3122 vix
338 3077 489 3141 umquam
502 3059 630 3143 poterit.
662 3058 801 3124 maxime
817 3067 933 3142 tarum,
957 3078 1151 3141 quamquam
1166 3056 1419 3140 fragmentorum

190 3183 211 3226 a
230 3161 402 3230 Lactantio
427 3172 626 3231 servatorum
650 3165 773 3230 nullum
795 3165 828 3230 in
852 3185 891 3232 ec
915 3165 1082 3250 reperitur,
1106 3185 1144 3231 eo
1168 3164 1296 3246 inclino,
1320 3168 1356 3229 ut
1377 3183 1419 3229 ex

189 3272 450 3338 ambulationibus
484 3279 524 3350 (v.
548 3292 633 3354 qnae
666 3272 707 3338 de
739 3271 790 3338 his
818 3271 886 3337 dixi
919 3275 1054 3338 Hamae
1085 3271 1148 3340 vol.
1172 3270 1265 3336 XVII
1297 3292 1329 3356 p.
1351 3272 1419 3338 370

189 3376 298 3443 adnot.
321 3377 356 3463 5)
386 3380 475 3444 illum
504 3387 688 3464 excerptum
717 3399 792 3445 esse
815 3378 1005 3446 existimem
1051 3378 1130 3443 nihil
1154 3379 1239 3446 enim
1263 3376 1330 3442 fere
1353 3377 1417 3442 nisi

190 3483 432 3552 exhortationes
454 3486 595 3552 breviter
618 3495 651 3554 et
674 3486 841 3570 eleganter
869 3507 1042 3572 expressas
1070 3494 1158 3553 totus
1185 3486 1315 3553 libellus
1344 3505 1416 3552 con·

190 3591 279 3675 tinet
312 3613 448 3676 quarum
480 3591 583 3658 forma
615 3593 756 3677 genuina
783 3593 972 3679 plerumque
1000 3601 1131 3660 servata
1158 3593 1294 3659 videtur.
1340 3593 1419 3658 licet

189 3699 274 3764 enim
297 3699 455 3766 Martinus
479 3701 685 3786 pluraquam
701 3701 739 3784 is,
763 3701 817 3783 qui
832 3699 997 3784 dialogum
1011 3703 1049 3766 de
1062 3703 1204 3767 remediis
1210 3705 1418 3786 fortuitorum

187 3807 221 3870 in
249 3805 410 3891 epitomen
438 3807 554 3890 coegit,
586 3806 627 3872 de
660 3826 718 3873 sno
751 3806 915 3873 addiderit
947 3807 990 3893 (v.
1013 3816 1112 3893 capnt
1137 3813 1154 3875 1
1179 3815 1295 3888 totnm3
1324 3808 1355 3884 h,
1380 3809 1416 3888 63
1461 3831 1462 3836 ¹

191 3915 232 3978 10
245 3917 360 3994 totum)
383 3913 542 3999 pluraque
565 3913 653 3998 apud
677 3934 748 3980 eum
773 3915 902 3998 generis
926 3913 1056 3980 dicendi
1074 3914 1173 3980 medii
1187 3915 1261 3980 aevi
1275 3913 1417 3996 vestigia

188 4019 392 4086 inveniantur
415 4040 510 4103 quam
533 4019 567 4085 in
590 4019 647 4085 illo
667 4024 760 4104 (213
783 4025 819 4104 ὃς
842 4025 874 4100 4,
891 4025 909 4089 7
917 4045 926 4104 3
952 4025 1008 4104 11;
1034 4025 1112 4108 t,1;
1137 4026 1173 4104 23
1198 4025 1227 4106 9,
1245 4027 1286 4106 1),
1309 4029 1416 4086 nmen

187 4147 292 4210 neque
320 4126 566 4212 dispositionem
594 4128 667 4193 libri
696 4129 866 4196 Annaeani
894 4137 1039 4196 mutasse
1066 4129 1194 4196 videtur
1217 4149 1321 4213 neque
1345 4147 1416 4194 sen·

188 4234 360 4299 tentiarum
389 4235 616 4320 principalium
648 4234 791 4302 formem.
819 4275 862 4282 —
891 4235 1020 4303 codices
1048 4257 1145 4302 mann
1174 4237 1286 4322 scripti
1314 4234 1416 4300 libelli

188 4361 399 4369 ——-—-

278 4410 299 4478 ⁸)
322 4411 397 4480 quod
420 4412 609 4467 Tertullianus
632 4413 769 4484 apologet.
789 4414 825 4468 50
848 4413 881 4468 de
900 4416 1000 4469 Seneca
1017 4419 1049 4468 ia
1066 4417 1191 4482 fortuma
1213 4413 1345 4482 loquitur,
1370 4413 1416 4467 rix

186 4519 356 4569 quamquam
375 4500 501 4566 adducet,
524 4505 557 4556 ut
575 4519 636 4556 eam
655 4519 726 4570 quae
744 4519 818 4557 nnnc
836 4507 878 4558 est
895 4503 985 4558 libelli
1002 4503 1209 4574 inscriptionem
1230 4502 1416 4558 mulionicam

185 4593 275 4658 putet.
303 4608 367 4645 nam
387 4607 505 4659 quarum
521 4591 623 4646 ibidem
637 4592 743 4646 mentio
756 4593 789 4646 lit
803 4592 940 4648 Ciceronis
954 4592 1174 4664 disputationum
1189 4593 1415 4658 Tusculanarum,

185 4695 234 4734 eae
252 4679 382 4734 similiter
402 4681 494 4735 Cicero
511 4683 540 4734 tn
563 4682 725 4736 Tusculanis
744 4682 928 4751 appellantur.
