3634 5240
1012 411 1053 474 16

424 639 518 704 heroo
545 638 643 722 accipi
666 639 779 722 petest
824 635 886 700 Sed
913 635 1000 700 haud
1020 635 1131 699 leviter
1152 653 1225 699 cum
1251 633 1311 698 hac
1333 633 1496 719 discrepat
1523 635 1665 719 amplior

424 743 481 806 illa
506 761 614 806 versus
641 740 799 825 spondiaci
830 739 1031 822 (Perpandri
1064 737 1103 801 ir.
1131 738 1152 800 3
1180 737 1229 801 ed.
1256 737 1372 822 Bergk)
1404 737 1523 816 iorma,
1562 757 1663 820 quam

424 845 576 929 praebent
606 847 791 927 Anonymus
823 842 1050 907 Ambrosianus
1079 843 1123 924 (p.
1152 839 1224 916 256,
1246 842 1266 902 5
1287 840 1319 904 N
1349 867 1393 896 =
1425 843 1506 919 224,
1530 843 1577 904 12
1603 841 1662 919 st)

424 951 457 1012 et
478 947 640 1012 Anecdota
661 947 810 1012 Chisiana
832 944 879 1027 (in
902 943 1112 1008 Studemundi
1136 942 1253 1006 Auecd.
1275 943 1349 1008 Var.
1370 943 1388 1007 I
1409 963 1440 1027 p.
1463 945 1561 1025 206).
1574 945 1599 1022 ¹)

509 1068 620 1150 Neque
640 1067 817 1150 Apollinem
836 1066 944 1149 ipsum
965 1084 1068 1147 neque
1090 1065 1157 1129 eius
1180 1064 1375 1128 sacerdotem
1402 1065 1458 1128 sed
1483 1065 1571 1129 alios
1594 1065 1660 1128 siae

425 1171 547 1236 accolas
570 1171 635 1236 sire
656 1169 814 1253 nymphas
829 1169 992 1233 sictonam
1012 1168 1052 1232 ab
1067 1169 1212 1252 Apolline
1234 1168 1273 1232 de
1287 1167 1431 1251 Pythone
1454 1171 1661 1251 reportatam

423 1265 569 1338 la'udibus
594 1272 758 1338 efferentes
780 1272 830 1337 vel
851 1272 947 1336 deum
968 1271 1173 1336 adhortantes
1194 1271 1368 1336 hexametri
1394 1270 1586 1335 inventores
1610 1291 1660 1335 er·

425 1378 543 1442 stitisse
574 1379 705 1441 narrant
726 1375 904 1440 Victorinus
930 1374 969 1438 de
990 1376 1100 1439 metris
1127 1395 1157 1459 p.
1180 1376 1254 1451 215,
1278 1374 1318 1436 19
1339 1373 1386 1438 K:
1418 1374 1515 1452 „aliis
1544 1377 1659 1439 tamar

424 1480 547 1544 videtur
578 1479 723 1563 pythium
748 1481 886 1543 metrum
917 1497 1000 1555 esse,
1034 1478 1116 1560 quod
1142 1478 1283 1542 continet
1314 1477 1481 1542 duodecim
1510 1478 1658 1560 syllabas

424 1584 623 1666 spondiazon,
648 1601 687 1648 ea
707 1582 851 1647 videlicet
871 1582 1002 1658 raham,
1025 1581 1117 1663 quod,
1139 1601 1213 1646 cum
1234 1582 1268 1644 in
1288 1581 1444 1646 Parnasso
1467 1580 1658 1662 Pythonem

423 1689 602 1770 serpentem
623 1686 656 1749 in
678 1686 847 1750 undictam
869 1685 980 1748 matris
1003 1685 1126 1766 sagittis
1141 1685 1368 1767 insequeretur,
1392 1684 1554 1749 accolae
1579 1685 1658 1748 Del-

423 1791 505 1873 phici
527 1790 586 1854 hoc
606 1787 697 1853 illuin
718 1808 811 1853 versu
833 1788 949 1852 hortati
971 1787 1048 1851 sint:
1071 1779 1105 1872 b}
1128 1784 1239 1865 ποιάν,
1262 1782 1295 1873 ἰὴ
1317 1784 1435 1864 παιάν,
1458 1781 1492 1873 ἰὴ
1517 1783 1656 1864 παιάν’,

423 1897 456 1957 et
469 1894 584 1957 Atilius
609 1892 853 1958 Fortunatianus
874 1912 904 1975 p.
920 1891 1023 1967 2811
1047 1890 1093 1953 K:
1116 1891 1362 1968 „(harametrum
1384 1891 1513 1972 vocant)
1538 1889 1655 1954 Graeci

423 1994 627 2080 Delphicum,
660 1995 814 2077 quiahoc
836 2012 949 2076 genere
982 1990 1107 2059 (metri)
1140 1994 1336 2072 Phemonoe,
1368 1993 1526 2078 Apollinis
1550 1995 1654 2068 natea

421 2100 591 2163 rahoinata
613 2102 676 2176 est,
707 2102 740 2163 et
761 2098 923 2182 pythicum
946 2115 965 2160 a
986 2095 1141 2180 Pythone.
1186 2097 1269 2162 Nam
1297 2117 1371 2161 cum
1401 2115 1510 2160 areum
1536 2097 1653 2180 Apollo

422 2203 454 2265 in
477 2221 550 2267 eum
572 2201 763 2277 intenderet,
796 2202 855 2265 hoc
876 2219 969 2265 versu
990 2217 1064 2263 eum
1086 2200 1271 2284 nymphae
1299 2200 1441 2264 hortatae
1465 2199 1651 2263 dicunturf·

421 2305 513 2369 Hanc
534 2305 635 2390 ipsam
651 2307 758 2368 autem
772 2303 912 2369 fabulam
932 2301 1117 2387 plemmque
1139 2305 1184 2367 ita
1199 2303 1348 2367 traditam
1361 2304 1507 2386 legimus,
1531 2305 1651 2366 utnon

421 2409 601 2473 hexameter
615 2410 751 2485 tantum,
773 2407 828 2472 sed
851 2407 946 2471 etiam
961 2407 1103 2470 trimeter
1124 2407 1277 2470 iambicus
1300 2408 1465 2471 aeonibus
1487 2397 1522 2489 ἰν)
1540 2400 1651 2468 παιάν

420 2511 562 2595 repetitis
584 2511 735 2593 originem
756 2510 861 2574 ducat
905 2509 1087 2588 Quadrabat
1109 2511 1205 2593 igitur
1234 2511 1289 2573 ille
1311 2510 1438 2594 quidem
1461 2509 1584 2592 optime
1608 2508 1649 2571 ad

421 2633 530 2679 eorum
552 2613 740 2692 (loctunam,
773 2614 828 2695 qui
850 2613 954 2678 omnia
975 2616 1077 2676 metra
1104 2614 1160 2677 aut
1181 2632 1218 2677 ex
1239 2614 1421 2678 hexametro
1450 2616 1508 2676 aut
1528 2631 1569 2676 ex
1592 2612 1650 2674 tri-

420 2720 521 2782 metro
547 2719 617 2782 orta
643 2735 712 2782 csse
735 2717 925 2782 statuebant
967 2714 1037 2779 Iam
1059 2734 1132 2780 cum
1153 2717 1233 2781 tales
1253 2735 1371 2794 versus,
1394 2717 1496 2799 quma
1518 2719 1571 2780 est
1592 2715 1648 2779 ille

419 2815 453 2906 it,
477 2815 583 2884 παιάν
603 2818 687 2897 eat,
714 2821 746 2884 in
772 2824 939 2901 utramque
966 2821 1088 2901 partem
1113 2819 1311 2902 interpretari
1338 2820 1463 2897 liceret,
1496 2821 1567 2883 tota
1594 2837 1647 2882 ars

421 2923 552 2988 metrica
585 2922 675 3004 quasi
702 2941 739 2987 er
765 2943 827 2988 uno
860 2922 947 2986 fonte
975 2941 1072 3004 eoque
1105 2922 1210 2988 divino
1233 2923 1277 2987 eis
1303 2923 1430 2988 fluxisse
1465 2921 1645 3009 videbatur.

422 3026 539 3106 Quales
568 3026 819 3090 narratiunculas
853 3043 892 3090 ne
921 3045 939 3090 a
966 3025 1187 3110 posterioribus
1210 3026 1339 3091 demum
1371 3026 1461 3090 fictas
1483 3043 1553 3089 esse
1578 3044 1647 3089 ore-

421 3131 543 3207 damus,
564 3129 669 3193 obstat
681 3130 835 3195 Athenaei
856 3128 1081 3204 testimonium,
1105 3129 1158 3210 qui
1173 3130 1236 3193 iam
1252 3129 1453 3194 Heraclidem
1471 3128 1643 3192 Ponticum

420 3233 521 3299 simile
544 3232 662 3314 ahquid
678 3232 820 3298 docuisse
841 3231 939 3296 tradit
951 3231 1011 3295 XV
1027 3232 1086 3294 701
1103 3233 1144 3295 ll:
1167 3227 1206 3298 τὸ
1229 3230 1265 3297 δὲ
1288 3224 1340 3319 ὑφ’
1356 3225 1573 3319 Ἡρακλείδου
1587 3233 1644 3293 roi·

420 3338 582 3400 Ποντικοῦ
602 3333 719 3416 λεχθὲν
745 3337 893 3423 φανερῶς
915 3330 1120 3399 πέπλασται·
1136 3331 1196 3399 ἐπὶ
1218 3334 1381 3414 σπονδαῖς
1394 3338 1490 3400 τοῦτο
1506 3338 1642 3420 πρῶτον

420 3432 468 3516 εἷς
483 3435 554 3524 τρὶς
576 3431 681 3502 εἰπεῖν
695 3434 753 3505 τὸν
768 3434 849 3505 θεὸν
864 3433 978 3516 οὕτως·
1003 3430 1035 3524 ἰὴ
1052 3435 1169 3519 παιάν,
1189 3430 1221 3524 ἰὴ
1238 3433 1565 3518 astronomicis),
1591 3430 1640 3524 Gr]

420 3537 557 3610 παιάν>·
570 3537 606 3606 ἐκ
615 3537 733 3628 ταύτης
741 3533 801 3627 γὰρ
811 3546 868 3628 τῆς
880 3539 1024 3621 πίστεως
1032 3534 1072 3607 τὸ
1079 3537 1250 3630 τρίμετρον
1259 3539 1450 3624 καλούμενον
1459 3532 1641 3628 ἀνατίθροι

418 3647 466 3732 τῷ
473 3649 553 3734 θεῷ,
563 3640 698 3732 φάσκων
706 3648 763 3710 τοῦ
772 3638 952 3711 θεοῦτοῦθ’
964 3640 1113 3733 ἑκάτερον
1121 3637 1203 3711 εἶναι
1218 3647 1284 3710 τῶν
1291 3641 1430 3733 μέτρων·
1442 3638 1494 3709 ὅτι
1501 3647 1642 3730 μακρῶν

490 3905 512 3971 ¹)
531 3903 594 3958 Alio
612 3903 669 3958 loco
694 3905 734 3971 (p.
752 3905 811 3971 332,
829 3905 846 3956 6
865 3903 915 3971 11),
937 3919 1016 3971 quem
1035 3903 1156 3972 neglexit
1174 3902 1341 3960 Godoiredus
1359 3901 1458 3957 Kinlrel
1477 3902 1505 3956 in
1523 3903 1639 3957 Ascraei

419 3989 631 4057 fragmentorum
649 3989 815 4055 collectione,
835 4006 902 4043 nnus
915 3989 1013 4044 Audax
1025 3990 1172 4044 Hesiodum
1192 3997 1331 4057 umquam
1349 3994 1488 4044 auctorem
1507 3987 1586 4042 huius
1605 3989 1640 4043 ds

419 4073 579 4143 Phemonoe,
607 4090 676 4143 quae
698 4074 788 4142 prima
814 4075 946 4143 Apollinis
969 4081 1044 4130 vates
1073 4077 1156 4130 inisse
1178 4076 1341 4130 credebatur
1366 4079 1401 4143 (e.
1426 4074 1546 4129 Fabricii
1565 4073 1637 4129 tlibi.

418 4160 465 4214 Gr.
483 4161 525 4215 ed.
544 4162 642 4216 Harles
660 4160 674 4214 1
692 4179 720 4230 p.
738 4162 938 4230 moysaicae
955 4167 1163 4227 commemorat,
1181 4163 1272 4216 nesam
1290 4177 1369 4229 quem
1386 4161 1548 4228 scriptorem
1567 4161 1638 4215 anti·

418 4261 499 4315 quum
513 4251 630 4313 secutus,
649 4261 728 4314 quem
740 4247 767 4302 in
785 4263 878 4303 eorum
896 4247 979 4302 tuisse
996 4264 1109 4304 numero
1127 4249 1183 4304 veri
1202 4247 1367 4303 simillimum
1382 4251 1433 4314 est,
1450 4246 1497 4315 qui
1509 4261 1637 4314 quarum

417 4333 458 4388 vir
486 4349 576 4388 rerum
600 4331 782 4389 inventionem
808 4331 892 4388 certis
921 4333 1082 4402 quibusdam
1109 4334 1166 4390 deis
1196 4334 1380 4390 homiuibnsve
1407 4333 1526 4387 hibnere
1554 4347 1637 4387 eona

418 4419 523 4474 bantur.
555 4419 677 4490 Despicit
694 4425 786 4475 antem
804 4419 860 4475 iata
877 4424 1031 4476 commenta
1053 4421 1449 4490 Pseudo-Dionysiusp.161,3
1466 4417 1520 4484 (ed
1539 4417 1636 4474 Stude·

417 4505 499 4560 mund
525 4505 625 4562 Ansod.
653 4505 717 4562 Var.
737 4507 772 4576 ll:
798 4503 901 4559 'larice
915 4506 978 4580 γάρ,
996 4504 1041 4562 ὅτι
1057 4507 1090 4560 τὸ
1113 4511 1215 4579 μέτρον
1232 4503 1376 4578 προῆλθεν
1393 4509 1424 4558 dx
1441 4505 1526 4573 θεοῦ,
1556 4504 1633 4558 καθ’

416 4585 536 4646 δείκνυσι
550 4595 644 4664 μέτρῳ
661 4591 840 4665 κοσμηθέντα
851 4591 887 4648 τά
904 4611 936 4646 re
953 4593 1069 4668 adprime
1088 4598 1134 4647 καὶ
1152 4597 1271 4668 ἐπίγεια·
1289 4593 1325 4646 τὰ
1336 4591 1390 4670 γὰρ
1408 4595 1472 4666 περ)
1491 4589 1636 4660 Φημονόης

417 4671 502 4754 λῆρος.
