3480 5230
939 357 959 422 8

845 445 1055 456 Μ

340 591 446 652 eteros
468 583 613 651 innotuit
635 589 734 668 etque
768 577 949 665 invaluit.¹)
999 578 1182 663 Utramque
1216 577 1439 646 definitionem
1480 601 1572 646 corn-

338 695 499 754 memorat
521 685 672 753 Aurelius
697 686 900 770 Augustinus
927 685 981 773 (de
1002 684 1085 750 rhet.
1110 707 1139 768 p.
1164 691 1225 751 138
1248 683 1320 768 H.):
1343 683 1573 768 „quibusdam

341 794 426 860 euim
450 793 551 857 visum
576 795 627 857 est
655 783 814 856 summam
837 789 979 856 oratoris
1006 787 1105 854 officii
1133 789 1167 853 iu
1191 788 1287 852 bene
1310 787 1451 853 dicendo
1484 809 1574 866 esse,

340 896 536 982 quibusdam
558 897 593 961 iu
623 900 733 961 recte
760 894 928 960 dicendo.“
980 894 1027 958 Eo
1049 892 1153 976 magis
1187 891 1347 956 miramur
1376 891 1575 958 rhetoricae

339 999 561 1066 definitionem
578 997 638 1064 sub
655 999 831 1083 Chrysippi
847 999 977 1064 nomine
998 997 1156 1062 traditam
1172 1017 1193 1061 a
1209 994 1389 1061 Plutarcho
1405 996 1446 1062 de
1461 997 1576 1063 Stolo.

338 1126 406 1188 rep.
430 1126 456 1170 c.
473 1112 514 1171 28
531 1105 588 1171 iu:
611 1099 669 1190 τὴν
691 1100 860 1190 ῥητορικὴν
887 1097 1034 1189 ὁρίζεται
1056 1100 1167 1189 τέχνην
1191 1097 1267 1187 περὶ
1288 1097 1413 1184 κόσμου
1436 1099 1497 1166 καὶ
1522 1096 1574 1165 εἱ-

339 1206 474 1296 ρημένοο
494 1205 590 1294 λόγου
612 1205 712 1286 τάξιν.
756 1206 794 1270 In
818 1227 885 1288 qua
909 1207 958 1270 vel
981 1207 1017 1270 id
1041 1205 1189 1282 offendit,
1213 1203 1302 1287 quod
1325 1209 1440 1269 contra
1462 1204 1575 1282 Quin-

339 1311 444 1376 tiliani
465 1311 689 1375 testimonium
720 1313 753 1372 et
780 1330 983 1374 communem
1012 1309 1156 1373 omnium
1184 1307 1252 1372 lere
1276 1306 1461 1372 Stoicorum
1493 1329 1573 1371 sen-

338 1414 475 1479 tentiam
508 1411 620 1500 τέχνην
645 1421 724 1476 'earn
761 1411 903 1478 finivisse
938 1413 1139 1497 Chrysippus
1173 1411 1302 1477 dicitur.
1355 1409 1572 1494 Quamquam

344 1516 432 1581 haud
457 1517 571 1598 ignoro
594 1536 666 1581 eam
690 1508 922 1604 etiamae‘x'rryv
944 1515 1091 1581 habitam
1114 1536 1186 1579 esse
1208 1515 1250 1579 ab
1274 1513 1323 1576 his
1346 1513 1573 1596 philosophie.

341 1619 434 1697 Quod
458 1616 578 1702 probat
600 1617 784 1699 Cleanthea,
814 1621 869 1703 qui
897 1626 934 1684 ut
956 1618 1068 1706 τέχνην
1096 1615 1266 1708 ῥητορικήν
1291 1616 1491 1700 composuit,
1519 1617 1572 1680 ita

340 1723 539 1787 rhetoricam
568 1718 753 1810 ἐπιστήμην
780 1722 951 1791 intellexit.
997 1724 1102 1788 Testis
1130 1732 1180 1788 est
1207 1723 1308 1787 etiam
1331 1721 1570 1800 QuintilianuS,

343 1827 414 1909 qui,
448 1846 646 1908 quamquam
669 1826 741 1908 ipae
763 1826 895 1892 minime
927 1828 1004 1910 quin
1041 1849 1095 1891 ars
1117 1827 1161 1891 sit
1183 1824 1327 1905 dubitat,
1350 1833 1460 1889 tamen
1490 1845 1570 1888 eam

343 1915 578 1993 benedicendi
608 1927 814 1993 scientiam
845 1931 1022 1995 secundum
1047 1930 1173 1995 Stoicos
1189 1924 1435 2013 ¹iuterpretatur
1461 1934 1572 2010 atque

342 2031 476 2094 disertis
498 2029 606 2095 verbis
630 2031 671 2096 de
695 2033 814 2097 Stoicis
837 2032 872 2096 id
895 2033 1066 2098 confirmat
1087 2032 1118 2096 II
1144 2041 1192 2110 17,
1217 2037 1280 2116 ίΗ)
1316 2031 1423 2096 Etiam
1446 2031 1480 2093 in
1500 2031 1568 2092 vir-

339 2133 465 2198 tutibus
493 2133 595 2198 Stoici
624 2133 820 2199 rhetoricam
851 2143 1115 2215 numeraverunt,
1149 2142 1186 2200 ut
1215 2137 1270 2219 qui
1302 2134 1488 2199 rhetoricae
1523 2133 1570 2197 sit

339 2238 464 2318 peritus
488 2236 588 2300 etiam
612 2242 736 2302 ceteras
761 2259 872 2303 omnes
896 2239 1014 2306 habeat
1037 2239 1184 2304 virtutes
1196 2243 1222 2322 ³)
1258 2239 1313 2304 Sic
1335 2238 1421 2302 onim
1445 2238 1570 2302 docent

339 2340 449 2417 Stoici,
474 2339 530 2422 qui
554 2360 651 2404 unam
673 2340 795 2406 habeat
810 2342 973 2422 virtutem,
997 2348 1221 2416 eumceteras
1242 2361 1372 2425 quoque
1397 2339 1569 2420 habere.⁴)

337 2442 455 2524 Itaque
478 2462 610 2507 neeesse
634 2449 692 2523 est,
716 2445 773 2527 qui
797 2445 953 2528 eloquens
975 2445 1034 2525 sit,
1052 2444 1191 2509 eundem
1214 2446 1319 2509 virum
1342 2443 1569 2526 essebonum,

339 2545 425 2610 unde
459 2545 607 2629 profecta
629 2553 680 2610 est
704 2547 814 2612 Stoica
834 2546 892 2611 illa
918 2547 1036 2612 finitio:
1064 2553 1177 2612 orator
1193 2545 1256 2630 ¹est
1278 2548 1336 2613 vir
1363 2547 1487 2613 bonus
1514 2547 1566 2611 di-

340 2647 436 2714 cendi
461 2649 632 2732 peritus.⁵)

426 2751 547 2814 Verum
572 2760 681 2817 cetera
705 2773 837 2835 quoque
866 2752 898 2816 in
922 2752 1096 2836 Chrysippi
1128 2751 1317 2818 defiuitione
1341 2775 1361 2817 a
1385 2753 1563 2818 Plutarcho

340 2854 464 2919 tradita
503 2853 742 2921 dubitationem
781 2862 920 2920 movent.
976 2857 1059 2920 Nam
1095 2855 1161 2922 sive
1202 2879 1274 2921 cum
1309 2857 1563 2940 Wyttenbaclrio

339 2957 564 3024 emendaveris
601 2957 677 3045 περὶ
707 2958 831 3044 κόσμον
860 2955 1026 3049 εἰρομένου
1055 2957 1149 3046 λόγον
1178 2959 1233 3025 καὶ
1263 2959 1355 3040 τάξιν
1391 2961 1458 3025 sive
1489 2981 1562 3025 cum

340 3045 583 3146 Volkmann0⁶J
606 3060 684 3151 περὶ
710 3060 833 3146 κόσμον
858 3060 913 3127 καὶ
940 3057 1112 3150 εὑρημένου
1137 3060 1231 3149 λόγου
1258 3062 1363 3145 τάξιν,
1386 3085 1463 3128 num
1488 3065 1564 3147 quis

339 3169 471 3247 praeter
506 3163 722 3248 Chrysippum
757 3170 907 3230 ornatum
944 3171 977 3229 et
1009 3165 1155 3231 ordinem
1189 3167 1283 3250 quasi
1317 3166 1387 3231 sola
1420 3168 1562 3231 oratoris

343 3265 454 3331 officia
488 3267 593 3332 dixit?
628 3268 692 3333 Sed
726 3291 799 3334 oum
831 3266 914 3332 nihil
947 3267 1027 3332 certi
1058 3268 1098 3332 de
1126 3268 1186 3333 hac
1213 3291 1248 3333 re
1275 3267 1374 3334 liceat
1404 3274 1562 3348 statuere,

341 3369 536 3446 Quintiliani
559 3370 789 3436 auctoritatem
812 3372 905 3455 sequi
934 3370 1087 3454 malim.⁷)
1137 3372 1238 3436 Porro
1262 3377 1296 3436 et
1318 3370 1507 3436 Cleanthem
1530 3379 1563 3436 et

340 3471 557 3557 Chrysippum
598 3473 760 3556 quaedam
798 3472 1021 3558 praecepisse,
1059 3473 1224 3557 quomodo
1257 3474 1291 3537 in
1329 3474 1437 3539 causis
1469 3474 1560 3559 apud

340 3655 543 3664 -—-.---

409 3748 429 3814 1)
447 3747 527 3816 Diog.
546 3747 577 3802 L.
595 3748 646 3803 Vll
664 3750 707 3803 42.

408 3835 430 3900 ¹)
448 3833 482 3887 cl.
501 3833 555 3888 Cic.
574 3834 607 3888 de
625 3835 755 3890 or.183.

407 3921 427 3984 ³1
447 3919 537 3986 Quint.
556 3919 581 3974 11
600 3921 641 3985 20,
661 3922 689 3990 13
710 3920 764 3975 Cic.
783 3919 817 3974 de
834 3937 872 3976 or.
893 3921 964 3976 183.
984 3921 1083 3974 11165.

408 4008 429 4072 ⁴)
449 4005 524 4060 Stoi).
544 4006 618 4060 anth.
637 4008 662 4060 ll
681 4025 705 4075 p.
724 4009 767 4069 53,
785 4010 802 4061 8
822 4008 971 4066 Wachsmz
998 4007 1050 4060 τὸν
1074 4007 1127 4080 γάρ
1152 4013 1220 4074 μίαν
1246 4011 1348 4075 ἔχοντα
1372 4007 1464 4061 πάσας
1486 4011 1561 4075 ἔχειν

340 4095 386 4142 καὶ
404 4089 456 4142 τὸν
473 4090 545 4143 κατά
562 4097 629 4158 μίαν
647 4092 810 4165 πράττοντα
829 4092 899 4144 κατὰ
918 4091 1011 4148 τιάσοιιΙ
1029 4091 1169 4166 πράττειν.

409 4179 430 4244 ⁶)
451 4177 592 4231 Fortunat.
611 4195 636 4246 p.
655 4181 688 4232 ul
707 4179 755 4244 11.;
775 4181 844 4235 Cato
862 4195 906 4248 ap.
929 4180 1020 4234 Seuec.
1035 4185 1153 4234 controv.
1167 4178 1180 4231 Ι
1192 4193 1234 4248 pr.
1251 4179 1309 4248 §th
1329 4178 1419 4246 Quint.
1433 4181 1486 4234 ΧΠ
1500 4183 1522 4247 1,
1537 4184 1560 4234 l.

408 4264 430 4328 ο)
448 4261 528 4315 Rhet.
547 4262 571 4317 d.
591 4263 635 4318 Gr.
655 4279 680 4316 u.
698 4264 792 4319 Roem.
812 4267 823 4300 ²
840 4283 867 4334 p.
890 4267 963 4318 1011.
982 4267 1006 4319 4.

411 4351 430 4412 ἵ)
451 4346 482 4401 lt.
506 4347 611 4416 Hirzel,
635 4349 880 4418 Untersuchungen
904 4369 936 4404 au
961 4351 1069 4407 Ciceros
1087 4351 1184 4419 philos.
1203 4351 1340 4405 Schriften
1364 4349 1388 4402 ll
1408 4367 1432 4419 p.
1453 4351 1504 4405 798
1520 4367 1560 4419 sq.

340 4451 366 4487 n.
387 4437 399 4486 l
421 4433 462 4486 vel
485 4450 545 4487 cum
568 4433 741 4492 Volkuranno
765 4436 937 4490 scribendum
961 4437 1088 4505 proponit
1111 4438 1153 4492 vel
1175 4441 1238 4504 περὶ
1261 4435 1367 4502 κόσμον
1390 4441 1436 4490 καὶ
1454 4435 1562 4507 etam

343 4523 388 4570 καὶ
408 4518 555 4584 εὑρημένου
573 4518 655 4590 λόγου
673 4519 762 4581 τάξιν.
793 4522 845 4577 Sed
859 4523 881 4577 si
899 4523 939 4578 ita
957 4524 1092 4590 scribitur,
1112 4523 1192 4593 plane
1210 4523 1306 4579 inutile
1323 4539 1356 4578 ac
1373 4539 1460 4594 paene
1478 4524 1560 4580 mole·

341 4615 412 4662 stum
431 4611 474 4662 est
491 4604 642 4676 εὑρημένον.
