<?xml version="1.0" encoding="UTF-8"?>
<!DOCTYPE html PUBLIC "-//W3C//DTD XHTML 1.0 Transitional//EN"
    "http://www.w3.org/TR/xhtml1/DTD/xhtml1-transitional.dtd">
<html xmlns="http://www.w3.org/1999/xhtml" xml:lang="en" lang="en">
 <head>
  <title>
</title>
<meta http-equiv="Content-Type" content="text/html;charset=utf-8" />
  <meta name='ocr-system' content='tesseract 3.04.00' />
  <meta name='ocr-capabilities' content='ocr_page ocr_carea ocr_par ocr_line ocrx_word'/>
</head>
<body>
  <div class='ocr_page' id='page_1' title='image "./destoicorumstud00strigoog_0868.png"; bbox 0 0 3546 5236; ppageno 0'>
   <div class='ocr_carea' id='block_1_1' title="bbox 763 404 975 501">
    <p class='ocr_par' dir='ltr' id='par_1_1' title="bbox 763 404 975 501">
     <span class='ocr_line' id='line_1_1' title="bbox 763 404 975 501; baseline 0 0"><span class='ocrx_word' id='word_1_1' title='bbox 763 404 975 501; x_wconf 43' lang='lat' dir='ltr'><strong>mu.-</strong></span> 
     </span>
    </p>
   </div>
   <div class='ocr_carea' id='block_1_2' title="bbox 252 594 1489 4211">
    <p class='ocr_par' dir='ltr' id='par_1_2' title="bbox 252 594 1489 4211">
     <span class='ocr_line' id='line_1_2' title="bbox 252 594 1485 682; baseline -0.003 -20"><span class='ocrx_word' id='word_1_2' title='bbox 252 597 479 664; x_wconf 87' lang='lat' dir='ltr'><strong>historiccrum</strong></span> <span class='ocrx_word' id='word_1_3' title='bbox 509 599 653 682; x_wconf 91' lang='lat' dir='ltr'><strong>integros</strong></span> <span class='ocrx_word' id='word_1_4' title='bbox 681 597 781 664; x_wconf 90' lang='lat' dir='ltr'><strong>libros</strong></span> <span class='ocrx_word' id='word_1_5' title='bbox 809 617 988 682; x_wconf 77' lang='lat' dir='ltr'><strong>occupasse</strong></span> <span class='ocrx_word' id='word_1_6' title='bbox 1017 602 1153 662; x_wconf 89' lang='lat' dir='ltr'><strong>constat.</strong></span> <span class='ocrx_word' id='word_1_7' title='bbox 1203 595 1302 660; x_wconf 90' lang='lat' dir='ltr'><strong>talem</strong></span> <span class='ocrx_word' id='word_1_8' title='bbox 1329 594 1485 661; x_wconf 91' lang='lat' dir='ltr'><strong>bellorum</strong></span> 
     </span>
     <span class='ocr_line' id='line_1_3' title="bbox 253 701 1485 790; baseline -0.004 -21"><span class='ocrx_word' id='word_1_9' title='bbox 253 705 381 771; x_wconf 90' lang='lat' dir='ltr'><strong>illorum</strong></span> <span class='ocrx_word' id='word_1_10' title='bbox 411 703 661 790; x_wconf 73' lang='lat' dir='ltr'>descriptionem</span> <span class='ocrx_word' id='word_1_11' title='bbox 689 705 762 772; x_wconf 91' lang='lat' dir='ltr'><strong>usui</strong></span> <span class='ocrx_word' id='word_1_12' title='bbox 792 724 850 770; x_wconf 92' lang='lat' dir='ltr'><strong>suo</strong></span> <span class='ocrx_word' id='word_1_13' title='bbox 884 702 1161 769; x_wconf 87' lang='lat' dir='ltr'><strong>accommodatam</strong></span> <span class='ocrx_word' id='word_1_14' title='bbox 1193 722 1264 767; x_wconf 89' lang='lat' dir='ltr'><strong>oum</strong></span> <span class='ocrx_word' id='word_1_15' title='bbox 1292 701 1408 767; x_wconf 81' lang='lat' dir='ltr'><strong>Florus</strong></span> <span class='ocrx_word' id='word_1_16' title='bbox 1439 701 1485 765; x_wconf 92' lang='lat' dir='ltr'><strong>in·</strong></span> 
     </span>
     <span class='ocr_line' id='line_1_4' title="bbox 253 807 1485 897; baseline -0.005 -20"><span class='ocrx_word' id='word_1_17' title='bbox 253 811 407 890; x_wconf 83' lang='lat' dir='ltr'><strong>venisset,</strong></span> <span class='ocrx_word' id='word_1_18' title='bbox 445 820 551 876; x_wconf 92' lang='lat' dir='ltr'><strong>utrum</strong></span> <span class='ocrx_word' id='word_1_19' title='bbox 588 811 789 897; x_wconf 84' lang='lat' dir='ltr'>probabilius</span> <span class='ocrx_word' id='word_1_20' title='bbox 829 818 879 877; x_wconf 88' lang='lat' dir='ltr'><strong>est</strong></span> <span class='ocrx_word' id='word_1_21' title='bbox 916 830 998 888; x_wconf 84' lang='lat' dir='ltr'><strong>eum,</strong></span> <span class='ocrx_word' id='word_1_22' title='bbox 1036 810 1090 892; x_wconf 91' lang='lat' dir='ltr'><strong>qui</strong></span> <span class='ocrx_word' id='word_1_23' title='bbox 1127 809 1284 874; x_wconf 82' lang='lat' dir='ltr'><strong>historiae</strong></span> <span class='ocrx_word' id='word_1_24' title='bbox 1320 807 1485 874; x_wconf 87' lang='lat' dir='ltr'><strong>Romanae</strong></span> 
     </span>
     <span class='ocr_line' id='line_1_5' title="bbox 254 917 1485 1004; baseline -0.002 -21"><span class='ocrx_word' id='word_1_25' title='bbox 254 918 440 1002; x_wconf 82' lang='lat' dir='ltr'><strong>cognitione</strong></span> <span class='ocrx_word' id='word_1_26' title='bbox 465 919 584 1004; x_wconf 85' lang='lat' dir='ltr'><strong>exigua</strong></span> <span class='ocrx_word' id='word_1_27' title='bbox 607 917 798 1004; x_wconf 83' lang='lat' dir='ltr'><strong>imbutus¹¹)</strong></span> <span class='ocrx_word' id='word_1_28' title='bbox 826 919 933 1001; x_wconf 89' lang='lat' dir='ltr'><strong>magis</strong></span> <span class='ocrx_word' id='word_1_29' title='bbox 961 925 1109 982; x_wconf 89' lang='lat' dir='ltr'><strong>ornatum</strong></span> <span class='ocrx_word' id='word_1_30' title='bbox 1133 917 1289 982; x_wconf 89' lang='lat' dir='ltr'><strong>orationis</strong></span> <span class='ocrx_word' id='word_1_31' title='bbox 1313 937 1410 1000; x_wconf 85' lang='lat' dir='ltr'><strong>quam</strong></span> <span class='ocrx_word' id='word_1_32' title='bbox 1433 935 1485 981; x_wconf 84' lang='lat' dir='ltr'><strong>ros</strong></span> 
     </span>
     <span class='ocr_line' id='line_1_6' title="bbox 255 1021 1486 1111; baseline -0.002 -23"><span class='ocrx_word' id='word_1_33' title='bbox 255 1026 346 1110; x_wconf 89' lang='lat' dir='ltr'><strong>ipsas</strong></span> <span class='ocrx_word' id='word_1_34' title='bbox 379 1034 519 1110; x_wconf 83' lang='lat' dir='ltr'><strong>curaret,</strong></span> <span class='ocrx_word' id='word_1_35' title='bbox 552 1026 677 1111; x_wconf 89' lang='lat' dir='ltr'><strong>paratis</strong></span> <span class='ocrx_word' id='word_1_36' title='bbox 705 1046 819 1092; x_wconf 87' lang='lat' dir='ltr'><strong>manus</strong></span> <span class='ocrx_word' id='word_1_37' title='bbox 852 1025 1004 1091; x_wconf 87' lang='lat' dir='ltr'><strong>iniecisse</strong></span> <span class='ocrx_word' id='word_1_38' title='bbox 1031 1031 1129 1107; x_wconf 88' lang='lat' dir='ltr'><strong>atquc</strong></span> <span class='ocrx_word' id='word_1_39' title='bbox 1162 1024 1271 1089; x_wconf 86' lang='lat' dir='ltr'><strong>aliena</strong></span> <span class='ocrx_word' id='word_1_40' title='bbox 1300 1043 1357 1090; x_wconf 87' lang='lat' dir='ltr'><strong>suo</strong></span> <span class='ocrx_word' id='word_1_41' title='bbox 1390 1021 1486 1087; x_wconf 90' lang='lat' dir='ltr'><strong>modo</strong></span> 
     </span>
     <span class='ocr_line' id='line_1_7' title="bbox 255 1129 1486 1199; baseline -0.001 -3"><span class='ocrx_word' id='word_1_42' title='bbox 255 1133 423 1197; x_wconf 90' lang='lat' dir='ltr'><strong>immutata</strong></span> <span class='ocrx_word' id='word_1_43' title='bbox 463 1132 496 1196; x_wconf 93' lang='lat' dir='ltr'><strong>in</strong></span> <span class='ocrx_word' id='word_1_44' title='bbox 535 1153 626 1198; x_wconf 89' lang='lat' dir='ltr'><strong>usum</strong></span> <span class='ocrx_word' id='word_1_45' title='bbox 664 1153 754 1199; x_wconf 91' lang='lat' dir='ltr'><strong>suum</strong></span> <span class='ocrx_word' id='word_1_46' title='bbox 793 1131 992 1198; x_wconf 87' lang='lat' dir='ltr'><strong>convertisse</strong></span> <span class='ocrx_word' id='word_1_47' title='bbox 1029 1152 1070 1196; x_wconf 90' lang='lat' dir='ltr'><strong>an</strong></span> <span class='ocrx_word' id='word_1_48' title='bbox 1107 1131 1229 1196; x_wconf 88' lang='lat' dir='ltr'><strong>maiore</strong></span> <span class='ocrx_word' id='word_1_49' title='bbox 1267 1151 1337 1196; x_wconf 91' lang='lat' dir='ltr'><strong>cum</strong></span> <span class='ocrx_word' id='word_1_50' title='bbox 1374 1129 1486 1195; x_wconf 91' lang='lat' dir='ltr'><strong>labore</strong></span> 
     </span>
     <span class='ocr_line' id='line_1_8' title="bbox 255 1234 1486 1324; baseline 0 -22"><span class='ocrx_word' id='word_1_51' title='bbox 255 1259 296 1302; x_wconf 85' lang='lat' dir='ltr'><strong>ex</strong></span> <span class='ocrx_word' id='word_1_52' title='bbox 328 1258 468 1322; x_wconf 88' lang='lat' dir='ltr'><strong>magnae</strong></span> <span class='ocrx_word' id='word_1_53' title='bbox 497 1240 592 1306; x_wconf 91' lang='lat' dir='ltr'><strong>molis</strong></span> <span class='ocrx_word' id='word_1_54' title='bbox 620 1241 773 1324; x_wconf 84' lang='lat' dir='ltr'><strong>operibus</strong></span> <span class='ocrx_word' id='word_1_55' title='bbox 802 1260 841 1304; x_wconf 88' lang='lat' dir='ltr'><strong>ea</strong></span> <span class='ocrx_word' id='word_1_56' title='bbox 874 1259 957 1322; x_wconf 89' lang='lat' dir='ltr'><strong>quae</strong></span> <span class='ocrx_word' id='word_1_57' title='bbox 990 1237 1144 1304; x_wconf 90' lang='lat' dir='ltr'><strong>memoria</strong></span> <span class='ocrx_word' id='word_1_58' title='bbox 1175 1236 1368 1320; x_wconf 88' lang='lat' dir='ltr'><strong>dignissima</strong></span> <span class='ocrx_word' id='word_1_59' title='bbox 1397 1234 1486 1302; x_wconf 85' lang='lat' dir='ltr'><strong>vide-</strong></span> 
     </span>
     <span class='ocr_line' id='line_1_9' title="bbox 254 1343 1487 1430; baseline -0.001 -21"><span class='ocrx_word' id='word_1_60' title='bbox 254 1353 365 1411; x_wconf 90' lang='lat' dir='ltr'><strong>rentur</strong></span> <span class='ocrx_word' id='word_1_61' title='bbox 394 1347 618 1430; x_wconf 83' lang='lat' dir='ltr'><strong>excerpsisse?</strong></span> <span class='ocrx_word' id='word_1_62' title='bbox 665 1347 717 1412; x_wconf 91' lang='lat' dir='ltr'><strong>eui</strong></span> <span class='ocrx_word' id='word_1_63' title='bbox 745 1347 792 1412; x_wconf 90' lang='lat' dir='ltr'><strong>rei</strong></span> <span class='ocrx_word' id='word_1_64' title='bbox 817 1365 881 1411; x_wconf 91' lang='lat' dir='ltr'><strong>non</strong></span> <span class='ocrx_word' id='word_1_65' title='bbox 905 1347 1013 1411; x_wconf 77' lang='lat' dir='ltr'><strong>obstat</strong></span> <span class='ocrx_word' id='word_1_66' title='bbox 1042 1343 1188 1410; x_wconf 90' lang='lat' dir='ltr'><strong>codicum</strong></span> <span class='ocrx_word' id='word_1_67' title='bbox 1217 1345 1393 1429; x_wconf 86' lang='lat' dir='ltr'><strong>inscriptio,</strong></span> <span class='ocrx_word' id='word_1_68' title='bbox 1423 1363 1487 1428; x_wconf 89' lang='lat' dir='ltr'><strong>qua</strong></span> 
     </span>
     <span class='ocr_line' id='line_1_10' title="bbox 255 1449 1486 1538; baseline -0.002 -22"><span class='ocrx_word' id='word_1_69' title='bbox 255 1451 343 1517; x_wconf 79' lang='lat' dir='ltr'><strong>Flori</strong></span> <span class='ocrx_word' id='word_1_70' title='bbox 375 1451 466 1518; x_wconf 90' lang='lat' dir='ltr'><strong>libris</strong></span> <span class='ocrx_word' id='word_1_71' title='bbox 496 1453 562 1518; x_wconf 85' lang='lat' dir='ltr'><strong>Titi</strong></span> <span class='ocrx_word' id='word_1_72' title='bbox 595 1453 680 1518; x_wconf 83' lang='lat' dir='ltr'><strong>Livii</strong></span> <span class='ocrx_word' id='word_1_73' title='bbox 704 1453 844 1538; x_wconf 85' lang='lat' dir='ltr'><strong>epitome</strong></span> <span class='ocrx_word' id='word_1_74' title='bbox 868 1451 1025 1518; x_wconf 88' lang='lat' dir='ltr'><strong>contineri</strong></span> <span class='ocrx_word' id='word_1_75' title='bbox 1048 1451 1243 1537; x_wconf 90' lang='lat' dir='ltr'><strong>perhibetur.</strong></span> <span class='ocrx_word' id='word_1_76' title='bbox 1289 1451 1356 1515; x_wconf 90' lang='lat' dir='ltr'><strong>veri</strong></span> <span class='ocrx_word' id='word_1_77' title='bbox 1382 1449 1486 1516; x_wconf 88' lang='lat' dir='ltr'><strong>simile</strong></span> 
     </span>
     <span class='ocr_line' id='line_1_11' title="bbox 255 1556 1487 1644; baseline -0.002 -21"><span class='ocrx_word' id='word_1_78' title='bbox 255 1557 340 1623; x_wconf 91' lang='lat' dir='ltr'><strong>enim</strong></span> <span class='ocrx_word' id='word_1_79' title='bbox 369 1565 420 1624; x_wconf 92' lang='lat' dir='ltr'><strong>est</strong></span> <span class='ocrx_word' id='word_1_80' title='bbox 447 1559 550 1644; x_wconf 91' lang='lat' dir='ltr'><strong>illam,</strong></span> <span class='ocrx_word' id='word_1_81' title='bbox 588 1580 659 1625; x_wconf 87' lang='lat' dir='ltr'><strong>oum</strong></span> <span class='ocrx_word' id='word_1_82' title='bbox 693 1568 820 1626; x_wconf 91' lang='lat' dir='ltr'><strong>constet</strong></span> <span class='ocrx_word' id='word_1_83' title='bbox 846 1559 976 1625; x_wconf 85' lang='lat' dir='ltr'><strong>Florum</strong></span> <span class='ocrx_word' id='word_1_84' title='bbox 1009 1557 1224 1644; x_wconf 88' lang='lat' dir='ltr'><strong>dispositione</strong></span> <span class='ocrx_word' id='word_1_85' title='bbox 1257 1557 1377 1643; x_wconf 90' lang='lat' dir='ltr'><strong>operis,</strong></span> <span class='ocrx_word' id='word_1_86' title='bbox 1414 1556 1487 1640; x_wconf 88' lang='lat' dir='ltr'><strong>fine,</strong></span> 
     </span>
     <span class='ocr_line' id='line_1_12' title="bbox 254 1665 1486 1753; baseline 0 -25"><span class='ocrx_word' id='word_1_87' title='bbox 254 1665 350 1732; x_wconf 91' lang='lat' dir='ltr'><strong>rebus</strong></span> <span class='ocrx_word' id='word_1_88' title='bbox 383 1665 472 1732; x_wconf 92' lang='lat' dir='ltr'><strong>haud</strong></span> <span class='ocrx_word' id='word_1_89' title='bbox 502 1667 617 1752; x_wconf 90' lang='lat' dir='ltr'><strong>paucis</strong></span> <span class='ocrx_word' id='word_1_90' title='bbox 650 1667 745 1733; x_wconf 92' lang='lat' dir='ltr'><strong>aliter</strong></span> <span class='ocrx_word' id='word_1_91' title='bbox 782 1667 971 1753; x_wconf 81' lang='lat' dir='ltr'><strong>narratis¹²)</strong></span> <span class='ocrx_word' id='word_1_92' title='bbox 1009 1667 1061 1732; x_wconf 89' lang='lat' dir='ltr'><strong>vel</strong></span> <span class='ocrx_word' id='word_1_93' title='bbox 1093 1687 1113 1730; x_wconf 91' lang='lat' dir='ltr'><strong>a</strong></span> <span class='ocrx_word' id='word_1_94' title='bbox 1140 1666 1232 1730; x_wconf 90' lang='lat' dir='ltr'><strong>Livio</strong></span> <span class='ocrx_word' id='word_1_95' title='bbox 1266 1666 1393 1730; x_wconf 90' lang='lat' dir='ltr'><strong>omnino</strong></span> <span class='ocrx_word' id='word_1_96' title='bbox 1423 1685 1486 1728; x_wconf 89' lang='lat' dir='ltr'><strong>non</strong></span> 
     </span>
     <span class='ocr_line' id='line_1_13' title="bbox 255 1771 1487 1859; baseline -0.002 -23"><span class='ocrx_word' id='word_1_97' title='bbox 255 1774 442 1840; x_wconf 89' lang='lat' dir='ltr'><strong>memoratis</strong></span> <span class='ocrx_word' id='word_1_98' title='bbox 466 1776 508 1839; x_wconf 89' lang='lat' dir='ltr'><strong>ab</strong></span> <span class='ocrx_word' id='word_1_99' title='bbox 532 1794 571 1840; x_wconf 93' lang='lat' dir='ltr'><strong>eo</strong></span> <span class='ocrx_word' id='word_1_100' title='bbox 595 1774 791 1859; x_wconf 84' lang='lat' dir='ltr'><strong>discrepare,</strong></span> <span class='ocrx_word' id='word_1_101' title='bbox 815 1783 872 1839; x_wconf 89' lang='lat' dir='ltr'><strong>aut</strong></span> <span class='ocrx_word' id='word_1_102' title='bbox 895 1774 939 1839; x_wconf 90' lang='lat' dir='ltr'><strong>ad</strong></span> <span class='ocrx_word' id='word_1_103' title='bbox 962 1773 1143 1858; x_wconf 89' lang='lat' dir='ltr'><strong>exemplum</strong></span> <span class='ocrx_word' id='word_1_104' title='bbox 1162 1773 1385 1858; x_wconf 87' lang='lat' dir='ltr'><strong>periocharum</strong></span> <span class='ocrx_word' id='word_1_105' title='bbox 1403 1771 1487 1835; x_wconf 88' lang='lat' dir='ltr'><strong>Livii</strong></span> 
     </span>
     <span class='ocr_line' id='line_1_14' title="bbox 257 1879 1486 1964; baseline -0.001 -22"><span class='ocrx_word' id='word_1_106' title='bbox 257 1899 358 1964; x_wconf 85' lang='lat' dir='ltr'><strong>saepe</strong></span> <span class='ocrx_word' id='word_1_107' title='bbox 383 1880 495 1946; x_wconf 90' lang='lat' dir='ltr'><strong>eodem</strong></span> <span class='ocrx_word' id='word_1_108' title='bbox 521 1901 583 1963; x_wconf 90' lang='lat' dir='ltr'><strong>quo</strong></span> <span class='ocrx_word' id='word_1_109' title='bbox 607 1881 723 1947; x_wconf 85' lang='lat' dir='ltr'><strong>Florus</strong></span> <span class='ocrx_word' id='word_1_110' title='bbox 747 1881 972 1960; x_wconf 79' lang='lat' dir='ltr'><strong>continebatur</strong></span> <span class='ocrx_word' id='word_1_111' title='bbox 994 1880 1155 1945; x_wconf 90' lang='lat' dir='ltr'><strong>volumine</strong></span> <span class='ocrx_word' id='word_1_112' title='bbox 1183 1879 1486 1963; x_wconf 88' lang='lat' dir='ltr'><strong>comprehensarum</strong></span> 
     </span>
     <span class='ocr_line' id='line_1_15' title="bbox 257 1984 1488 2072; baseline 0.001 -23"><span class='ocrx_word' id='word_1_113' title='bbox 257 1985 366 2051; x_wconf 84' lang='lat' dir='ltr'><strong>lictum</strong></span> <span class='ocrx_word' id='word_1_114' title='bbox 400 2007 473 2053; x_wconf 89' lang='lat' dir='ltr'><strong>esse</strong></span> <span class='ocrx_word' id='word_1_115' title='bbox 507 1989 548 2052; x_wconf 89' lang='lat' dir='ltr'><strong>ab</strong></span> <span class='ocrx_word' id='word_1_116' title='bbox 582 2008 620 2053; x_wconf 91' lang='lat' dir='ltr'><strong>eo</strong></span> <span class='ocrx_word' id='word_1_117' title='bbox 650 1989 704 2072; x_wconf 86' lang='lat' dir='ltr'><strong>qui</strong></span> <span class='ocrx_word' id='word_1_118' title='bbox 733 1987 821 2054; x_wconf 88' lang='lat' dir='ltr'><strong>claro</strong></span> <span class='ocrx_word' id='word_1_119' title='bbox 849 1988 905 2052; x_wconf 94' lang='lat' dir='ltr'><strong>illo</strong></span> <span class='ocrx_word' id='word_1_120' title='bbox 935 1989 1062 2053; x_wconf 91' lang='lat' dir='ltr'><strong>nomine</strong></span> <span class='ocrx_word' id='word_1_121' title='bbox 1091 1987 1233 2053; x_wconf 90' lang='lat' dir='ltr'><strong>libellum</strong></span> <span class='ocrx_word' id='word_1_122' title='bbox 1263 1984 1488 2052; x_wconf 88' lang='lat' dir='ltr'><strong>commendare</strong></span> 
     </span>
     <span class='ocr_line' id='line_1_16' title="bbox 259 2091 1487 2179; baseline -0.001 -22"><span class='ocrx_word' id='word_1_123' title='bbox 259 2092 405 2158; x_wconf 89' lang='lat' dir='ltr'><strong>studeret</strong></span> <span class='ocrx_word' id='word_1_124' title='bbox 429 2103 484 2158; x_wconf 90' lang='lat' dir='ltr'><strong>aut</strong></span> <span class='ocrx_word' id='word_1_125' title='bbox 509 2115 567 2178; x_wconf 89' lang='lat' dir='ltr'><strong>per</strong></span> <span class='ocrx_word' id='word_1_126' title='bbox 591 2115 730 2160; x_wconf 90' lang='lat' dir='ltr'><strong>errorem</strong></span> <span class='ocrx_word' id='word_1_127' title='bbox 754 2095 946 2179; x_wconf 89' lang='lat' dir='ltr'><strong>impositam,</strong></span> <span class='ocrx_word' id='word_1_128' title='bbox 976 2115 1046 2159; x_wconf 90' lang='lat' dir='ltr'><strong>cum</strong></span> <span class='ocrx_word' id='word_1_129' title='bbox 1070 2095 1179 2161; x_wconf 91' lang='lat' dir='ltr'><strong>nescio</strong></span> <span class='ocrx_word' id='word_1_130' title='bbox 1204 2095 1276 2178; x_wconf 87' lang='lat' dir='ltr'><strong>quis</strong></span> <span class='ocrx_word' id='word_1_131' title='bbox 1300 2093 1392 2158; x_wconf 92' lang='lat' dir='ltr'><strong>Livio</strong></span> <span class='ocrx_word' id='word_1_132' title='bbox 1417 2091 1487 2158; x_wconf 91' lang='lat' dir='ltr'><strong>solo</strong></span> 
     </span>
     <span class='ocr_line' id='line_1_17' title="bbox 257 2197 1488 2285; baseline 0 -23"><span class='ocrx_word' id='word_1_133' title='bbox 257 2197 387 2264; x_wconf 80' lang='lat' dir='ltr'><strong>Florum</strong></span> <span class='ocrx_word' id='word_1_134' title='bbox 416 2219 506 2265; x_wconf 90' lang='lat' dir='ltr'><strong>usum</strong></span> <span class='ocrx_word' id='word_1_135' title='bbox 537 2221 610 2268; x_wconf 91' lang='lat' dir='ltr'><strong>esse</strong></span> <span class='ocrx_word' id='word_1_136' title='bbox 638 2201 814 2268; x_wconf 85' lang='lat' dir='ltr'><strong>arbitratus</strong></span> <span class='ocrx_word' id='word_1_137' title='bbox 847 2211 942 2268; x_wconf 89' lang='lat' dir='ltr'><strong>esset.</strong></span> <span class='ocrx_word' id='word_1_138' title='bbox 993 2222 1097 2285; x_wconf 90' lang='lat' dir='ltr'><strong>neque</strong></span> <span class='ocrx_word' id='word_1_139' title='bbox 1126 2202 1209 2266; x_wconf 89' lang='lat' dir='ltr'><strong>enim</strong></span> <span class='ocrx_word' id='word_1_140' title='bbox 1240 2199 1359 2265; x_wconf 82' lang='lat' dir='ltr'><strong>infitior</strong></span> <span class='ocrx_word' id='word_1_141' title='bbox 1386 2199 1488 2264; x_wconf 92' lang='lat' dir='ltr'><strong>multa</strong></span> 
     </span>
     <span class='ocr_line' id='line_1_18' title="bbox 261 2303 1489 2398; baseline -0.002 -28"><span class='ocrx_word' id='word_1_142' title='bbox 261 2305 401 2372; x_wconf 83' lang='lat' dir='ltr'><strong>maxime</strong></span> <span class='ocrx_word' id='word_1_143' title='bbox 434 2307 466 2372; x_wconf 91' lang='lat' dir='ltr'><strong>in</strong></span> <span class='ocrx_word' id='word_1_144' title='bbox 495 2307 602 2392; x_wconf 91' lang='lat' dir='ltr'><strong>priore</strong></span> <span class='ocrx_word' id='word_1_145' title='bbox 631 2307 712 2373; x_wconf 94' lang='lat' dir='ltr'><strong>libro</strong></span> <span class='ocrx_word' id='word_1_146' title='bbox 741 2329 762 2372; x_wconf 90' lang='lat' dir='ltr'><strong>a</strong></span> <span class='ocrx_word' id='word_1_147' title='bbox 789 2308 882 2373; x_wconf 88' lang='lat' dir='ltr'><strong>Livio</strong></span> <span class='ocrx_word' id='word_1_148' title='bbox 912 2309 1015 2398; x_wconf 80' lang='lat' dir='ltr'><strong>petita</strong></span> <span class='ocrx_word' id='word_1_149' title='bbox 1044 2327 1130 2392; x_wconf 87' lang='lat' dir='ltr'><strong>esse,</strong></span> <span class='ocrx_word' id='word_1_150' title='bbox 1160 2305 1217 2373; x_wconf 89' lang='lat' dir='ltr'><strong>sed</strong></span> <span class='ocrx_word' id='word_1_151' title='bbox 1245 2306 1324 2371; x_wconf 95' lang='lat' dir='ltr'><strong>nihil</strong></span> <span class='ocrx_word' id='word_1_152' title='bbox 1353 2303 1489 2390; x_wconf 88' lang='lat' dir='ltr'><strong>impedit</strong></span> 
     </span>
     <span class='ocr_line' id='line_1_19' title="bbox 260 2411 1488 2500; baseline 0 -24"><span class='ocrx_word' id='word_1_153' title='bbox 260 2432 300 2476; x_wconf 95' lang='lat' dir='ltr'><strong>ne</strong></span> <span class='ocrx_word' id='word_1_154' title='bbox 325 2412 496 2480; x_wconf 89' lang='lat' dir='ltr'><strong>credamus</strong></span> <span class='ocrx_word' id='word_1_155' title='bbox 512 2414 670 2479; x_wconf 90' lang='lat' dir='ltr'><strong>Senecam</strong></span> <span class='ocrx_word' id='word_1_156' title='bbox 693 2417 808 2500; x_wconf 91' lang='lat' dir='ltr'><strong>ipsum,</strong></span> <span class='ocrx_word' id='word_1_157' title='bbox 832 2435 926 2499; x_wconf 90' lang='lat' dir='ltr'><strong>quem</strong></span> <span class='ocrx_word' id='word_1_158' title='bbox 949 2415 1105 2481; x_wconf 90' lang='lat' dir='ltr'><strong>bellorum</strong></span> <span class='ocrx_word' id='word_1_159' title='bbox 1129 2412 1269 2479; x_wconf 86' lang='lat' dir='ltr'><strong>civilium</strong></span> <span class='ocrx_word' id='word_1_160' title='bbox 1295 2411 1488 2478; x_wconf 85' lang='lat' dir='ltr'><strong>accuratiori</strong></span> 
     </span>
     <span class='ocr_line' id='line_1_20' title="bbox 257 2518 1489 2609; baseline 0.001 -27"><span class='ocrx_word' id='word_1_161' title='bbox 257 2519 435 2585; x_wconf 86' lang='lat' dir='ltr'><strong>narrationi</strong></span> <span class='ocrx_word' id='word_1_162' title='bbox 466 2527 668 2587; x_wconf 83' lang='lat' dir='ltr'><strong>extemomm</strong></span> <span class='ocrx_word' id='word_1_163' title='bbox 699 2523 860 2609; x_wconf 89' lang='lat' dir='ltr'><strong>epitomen</strong></span> <span class='ocrx_word' id='word_1_164' title='bbox 889 2521 1098 2608; x_wconf 90' lang='lat' dir='ltr'><strong>praemisisse</strong></span> <span class='ocrx_word' id='word_1_165' title='bbox 1128 2522 1265 2606; x_wconf 87' lang='lat' dir='ltr'><strong>probaro</strong></span> <span class='ocrx_word' id='word_1_166' title='bbox 1298 2518 1489 2602; x_wconf 91' lang='lat' dir='ltr'><strong>studuimus,</strong></span> 
     </span>
     <span class='ocr_line' id='line_1_21' title="bbox 256 2626 1488 2715; baseline 0 -25"><span class='ocrx_word' id='word_1_167' title='bbox 256 2626 289 2690; x_wconf 92' lang='lat' dir='ltr'><strong>in</strong></span> <span class='ocrx_word' id='word_1_168' title='bbox 317 2626 380 2692; x_wconf 89' lang='lat' dir='ltr'><strong>hac</strong></span> <span class='ocrx_word' id='word_1_169' title='bbox 410 2635 503 2712; x_wconf 91' lang='lat' dir='ltr'><strong>parte</strong></span> <span class='ocrx_word' id='word_1_170' title='bbox 539 2649 610 2694; x_wconf 88' lang='lat' dir='ltr'><strong>eum</strong></span> <span class='ocrx_word' id='word_1_171' title='bbox 644 2629 706 2694; x_wconf 93' lang='lat' dir='ltr'><strong>sihi</strong></span> <span class='ocrx_word' id='word_1_172' title='bbox 734 2629 938 2715; x_wconf 91' lang='lat' dir='ltr'><strong>potissimum</strong></span> <span class='ocrx_word' id='word_1_173' title='bbox 966 2629 1080 2695; x_wconf 88' lang='lat' dir='ltr'><strong>ducem</strong></span> <span class='ocrx_word' id='word_1_174' title='bbox 1109 2627 1258 2712; x_wconf 83' lang='lat' dir='ltr'><strong>elegisse,</strong></span> <span class='ocrx_word' id='word_1_175' title='bbox 1286 2627 1377 2692; x_wconf 88' lang='lat' dir='ltr'><strong>cuius</strong></span> <span class='ocrx_word' id='word_1_176' title='bbox 1405 2645 1488 2711; x_wconf 89' lang='lat' dir='ltr'><strong>opus</strong></span> 
     </span>
     <span class='ocr_line' id='line_1_22' title="bbox 257 2733 1486 2802; baseline 0 -6"><span class='ocrx_word' id='word_1_177' title='bbox 257 2753 320 2796; x_wconf 91' lang='lat' dir='ltr'><strong>non</strong></span> <span class='ocrx_word' id='word_1_178' title='bbox 353 2734 453 2799; x_wconf 90' lang='lat' dir='ltr'><strong>multo</strong></span> <span class='ocrx_word' id='word_1_179' title='bbox 487 2744 563 2800; x_wconf 88' lang='lat' dir='ltr'><strong>ante</strong></span> <span class='ocrx_word' id='word_1_180' title='bbox 596 2737 747 2802; x_wconf 87' lang='lat' dir='ltr'><strong>emissum</strong></span> <span class='ocrx_word' id='word_1_181' title='bbox 777 2757 900 2802; x_wconf 90' lang='lat' dir='ltr'><strong>summo</strong></span> <span class='ocrx_word' id='word_1_182' title='bbox 933 2737 965 2800; x_wconf 91' lang='lat' dir='ltr'><strong>in</strong></span> <span class='ocrx_word' id='word_1_183' title='bbox 997 2735 1118 2801; x_wconf 90' lang='lat' dir='ltr'><strong>honore</strong></span> <span class='ocrx_word' id='word_1_184' title='bbox 1150 2744 1238 2802; x_wconf 90' lang='lat' dir='ltr'><strong>esset</strong></span> <span class='ocrx_word' id='word_1_185' title='bbox 1271 2743 1303 2800; x_wconf 92' lang='lat' dir='ltr'><strong>et</strong></span> <span class='ocrx_word' id='word_1_186' title='bbox 1335 2734 1426 2798; x_wconf 90' lang='lat' dir='ltr'><strong>cuius</strong></span> <span class='ocrx_word' id='word_1_187' title='bbox 1453 2733 1486 2796; x_wconf 91' lang='lat' dir='ltr'><strong>in</strong></span> 
     </span>
     <span class='ocr_line' id='line_1_23' title="bbox 256 2841 1484 2928; baseline 0.002 -26"><span class='ocrx_word' id='word_1_188' title='bbox 256 2841 485 2908; x_wconf 86' lang='lat' dir='ltr'><strong>controversiis</strong></span> <span class='ocrx_word' id='word_1_189' title='bbox 509 2843 558 2908; x_wconf 87' lang='lat' dir='ltr'><strong>bis</strong></span> <span class='ocrx_word' id='word_1_190' title='bbox 586 2844 780 2908; x_wconf 90' lang='lat' dir='ltr'><strong>mentionem</strong></span> <span class='ocrx_word' id='word_1_191' title='bbox 809 2844 950 2910; x_wconf 86' lang='lat' dir='ltr'><strong>fecisset.</strong></span> <span class='ocrx_word' id='word_1_192' title='bbox 1006 2843 1039 2908; x_wconf 91' lang='lat' dir='ltr'><strong>in</strong></span> <span class='ocrx_word' id='word_1_193' title='bbox 1066 2843 1247 2928; x_wconf 90' lang='lat' dir='ltr'><strong>posteriore</strong></span> <span class='ocrx_word' id='word_1_194' title='bbox 1274 2849 1381 2926; x_wconf 90' lang='lat' dir='ltr'><strong>parte,</strong></span> <span class='ocrx_word' id='word_1_195' title='bbox 1409 2859 1484 2924; x_wconf 91' lang='lat' dir='ltr'><strong>quo-</strong></span> 
     </span>
     <span class='ocr_line' id='line_1_24' title="bbox 258 2945 1489 3036; baseline 0.002 -28"><span class='ocrx_word' id='word_1_196' title='bbox 258 2945 345 3009; x_wconf 86' lang='lat' dir='ltr'><strong>niam</strong></span> <span class='ocrx_word' id='word_1_197' title='bbox 370 2948 501 3014; x_wconf 89' lang='lat' dir='ltr'><strong>amissis</strong></span> <span class='ocrx_word' id='word_1_198' title='bbox 524 2947 608 3014; x_wconf 85' lang='lat' dir='ltr'><strong>Livii</strong></span> <span class='ocrx_word' id='word_1_199' title='bbox 635 2949 727 3016; x_wconf 90' lang='lat' dir='ltr'><strong>libris</strong></span> <span class='ocrx_word' id='word_1_200' title='bbox 756 2950 891 3034; x_wconf 77' lang='lat' dir='ltr'><strong>integris</strong></span> <span class='ocrx_word' id='word_1_201' title='bbox 921 2972 960 3016; x_wconf 85' lang='lat' dir='ltr'><strong>ex</strong></span> <span class='ocrx_word' id='word_1_202' title='bbox 988 2949 1149 3036; x_wconf 90' lang='lat' dir='ltr'><strong>periochis</strong></span> <span class='ocrx_word' id='word_1_203' title='bbox 1179 2951 1238 3016; x_wconf 90' lang='lat' dir='ltr'><strong>suh</strong></span> <span class='ocrx_word' id='word_1_204' title='bbox 1263 2949 1357 3014; x_wconf 89' lang='lat' dir='ltr'><strong>finem</strong></span> <span class='ocrx_word' id='word_1_205' title='bbox 1382 2945 1489 3030; x_wconf 88' lang='lat' dir='ltr'><strong>magis</strong></span> 
     </span>
     <span class='ocr_line' id='line_1_25' title="bbox 257 3053 1489 3141; baseline 0.002 -26"><span class='ocrx_word' id='word_1_206' title='bbox 257 3053 429 3136; x_wconf 84' lang='lat' dir='ltr'><strong>magisque</strong></span> <span class='ocrx_word' id='word_1_207' title='bbox 466 3057 730 3123; x_wconf 85' lang='lat' dir='ltr'><strong>exarescentibus</strong></span> <span class='ocrx_word' id='word_1_208' title='bbox 767 3056 849 3123; x_wconf 88' lang='lat' dir='ltr'><strong>haec</strong></span> <span class='ocrx_word' id='word_1_209' title='bbox 886 3057 1035 3141; x_wconf 87' lang='lat' dir='ltr'><strong>quaestio</strong></span> <span class='ocrx_word' id='word_1_210' title='bbox 1074 3057 1128 3121; x_wconf 85' lang='lat' dir='ltr'><strong>vix</strong></span> <span class='ocrx_word' id='word_1_211' title='bbox 1166 3055 1337 3121; x_wconf 86' lang='lat' dir='ltr'><strong>diiudicari</strong></span> <span class='ocrx_word' id='word_1_212' title='bbox 1370 3060 1489 3140; x_wconf 89' lang='lat' dir='ltr'><strong>potest,</strong></span> 
     </span>
     <span class='ocr_line' id='line_1_26' title="bbox 259 3161 1488 3246; baseline 0.001 -23"><span class='ocrx_word' id='word_1_213' title='bbox 259 3179 352 3242; x_wconf 91' lang='lat' dir='ltr'><strong>quem</strong></span> <span class='ocrx_word' id='word_1_214' title='bbox 381 3161 557 3246; x_wconf 87' lang='lat' dir='ltr'><strong>praecipue</strong></span> <span class='ocrx_word' id='word_1_215' title='bbox 586 3170 750 3228; x_wconf 89' lang='lat' dir='ltr'><strong>auctorem</strong></span> <span class='ocrx_word' id='word_1_216' title='bbox 780 3164 906 3230; x_wconf 88' lang='lat' dir='ltr'><strong>Seneca</strong></span> <span class='ocrx_word' id='word_1_217' title='bbox 934 3173 1062 3230; x_wconf 91' lang='lat' dir='ltr'><strong>etcum</strong></span> <span class='ocrx_word' id='word_1_218' title='bbox 1091 3183 1129 3228; x_wconf 92' lang='lat' dir='ltr'><strong>eo</strong></span> <span class='ocrx_word' id='word_1_219' title='bbox 1156 3163 1272 3228; x_wconf 85' lang='lat' dir='ltr'><strong>Florus</strong></span> <span class='ocrx_word' id='word_1_220' title='bbox 1297 3163 1399 3228; x_wconf 90' lang='lat' dir='ltr'><strong>secuti</strong></span> <span class='ocrx_word' id='word_1_221' title='bbox 1423 3161 1488 3226; x_wconf 90' lang='lat' dir='ltr'><strong>sint</strong></span> 
     </span>
     <span class='ocr_line' id='line_1_27' title="bbox 257 3267 1486 3355; baseline -0.001 -24"><span class='ocrx_word' id='word_1_222' title='bbox 257 3267 427 3332; x_wconf 91' lang='lat' dir='ltr'><strong>nescimus.</strong></span> <span class='ocrx_word' id='word_1_223' title='bbox 466 3289 661 3352; x_wconf 89' lang='lat' dir='ltr'><strong>quamquam</strong></span> <span class='ocrx_word' id='word_1_224' title='bbox 684 3270 717 3334; x_wconf 91' lang='lat' dir='ltr'><strong>in</strong></span> <span class='ocrx_word' id='word_1_225' title='bbox 731 3269 793 3335; x_wconf 89' lang='lat' dir='ltr'><strong>hac</strong></span> <span class='ocrx_word' id='word_1_226' title='bbox 813 3291 939 3355; x_wconf 90' lang='lat' dir='ltr'><strong>quoque</strong></span> <span class='ocrx_word' id='word_1_227' title='bbox 958 3271 1085 3335; x_wconf 89' lang='lat' dir='ltr'><strong>Livium</strong></span> <span class='ocrx_word' id='word_1_228' title='bbox 1109 3277 1196 3336; x_wconf 88' lang='lat' dir='ltr'><strong>certe</strong></span> <span class='ocrx_word' id='word_1_229' title='bbox 1219 3269 1252 3333; x_wconf 93' lang='lat' dir='ltr'><strong>in</strong></span> <span class='ocrx_word' id='word_1_230' title='bbox 1277 3289 1369 3334; x_wconf 91' lang='lat' dir='ltr'><strong>usum</strong></span> <span class='ocrx_word' id='word_1_231' title='bbox 1392 3286 1486 3332; x_wconf 88' lang='lat' dir='ltr'><strong>voca·</strong></span> 
     </span>
     <span class='ocr_line' id='line_1_28' title="bbox 256 3375 1488 3442; baseline -0.001 -5"><span class='ocrx_word' id='word_1_232' title='bbox 256 3382 323 3438; x_wconf 90' lang='lat' dir='ltr'><strong>tum</strong></span> <span class='ocrx_word' id='word_1_233' title='bbox 348 3394 421 3440; x_wconf 92' lang='lat' dir='ltr'><strong>esse</strong></span> <span class='ocrx_word' id='word_1_234' title='bbox 445 3376 512 3440; x_wconf 88' lang='lat' dir='ltr'><strong>veri</strong></span> <span class='ocrx_word' id='word_1_235' title='bbox 536 3397 600 3440; x_wconf 91' lang='lat' dir='ltr'><strong>non</strong></span> <span class='ocrx_word' id='word_1_236' title='bbox 624 3385 674 3442; x_wconf 90' lang='lat' dir='ltr'><strong>cst</strong></span> <span class='ocrx_word' id='word_1_237' title='bbox 698 3377 865 3442; x_wconf 90' lang='lat' dir='ltr'><strong>dissimile.</strong></span> <span class='ocrx_word' id='word_1_238' title='bbox 901 3377 1031 3442; x_wconf 85' lang='lat' dir='ltr'><strong>Flomm</strong></span> <span class='ocrx_word' id='word_1_239' title='bbox 1055 3396 1131 3441; x_wconf 91' lang='lat' dir='ltr'><strong>vcro</strong></span> <span class='ocrx_word' id='word_1_240' title='bbox 1155 3376 1187 3440; x_wconf 92' lang='lat' dir='ltr'><strong>in</strong></span> <span class='ocrx_word' id='word_1_241' title='bbox 1212 3375 1325 3441; x_wconf 74' lang='lat' dir='ltr'><strong>caulem</strong></span> <span class='ocrx_word' id='word_1_242' title='bbox 1342 3375 1488 3439; x_wconf 87' lang='lat' dir='ltr'><strong>Senecae</strong></span> 
     </span>
     <span class='ocr_line' id='line_1_29' title="bbox 258 3479 1488 3570; baseline 0 -26"><span class='ocrx_word' id='word_1_243' title='bbox 258 3479 414 3546; x_wconf 89' lang='lat' dir='ltr'><strong>historias</strong></span> <span class='ocrx_word' id='word_1_244' title='bbox 444 3483 639 3566; x_wconf 85' lang='lat' dir='ltr'><strong>compilasse</strong></span> <span class='ocrx_word' id='word_1_245' title='bbox 667 3491 797 3570; x_wconf 87' lang='lat' dir='ltr'><strong>praeter</strong></span> <span class='ocrx_word' id='word_1_246' title='bbox 825 3491 1016 3567; x_wconf 90' lang='lat' dir='ltr'><strong>argumenta</strong></span> <span class='ocrx_word' id='word_1_247' title='bbox 1045 3503 1144 3569; x_wconf 90' lang='lat' dir='ltr'><strong>supra</strong></span> <span class='ocrx_word' id='word_1_248' title='bbox 1171 3483 1274 3548; x_wconf 88' lang='lat' dir='ltr'><strong>allata</strong></span> <span class='ocrx_word' id='word_1_249' title='bbox 1302 3481 1363 3546; x_wconf 89' lang='lat' dir='ltr'><strong>hac</strong></span> <span class='ocrx_word' id='word_1_250' title='bbox 1390 3480 1488 3544; x_wconf 90' lang='lat' dir='ltr'><strong>ratio·</strong></span> 
     </span>
     <span class='ocr_line' id='line_1_30' title="bbox 260 3587 1488 3674; baseline -0.002 -22"><span class='ocrx_word' id='word_1_251' title='bbox 260 3587 423 3652; x_wconf 89' lang='lat' dir='ltr'><strong>cinatione</strong></span> <span class='ocrx_word' id='word_1_252' title='bbox 448 3588 618 3674; x_wconf 88' lang='lat' dir='ltr'><strong>colligitur.</strong></span> <span class='ocrx_word' id='word_1_253' title='bbox 664 3611 727 3656; x_wconf 90' lang='lat' dir='ltr'><strong>uon</strong></span> <span class='ocrx_word' id='word_1_254' title='bbox 752 3589 835 3674; x_wconf 86' lang='lat' dir='ltr'><strong>fugit</strong></span> <span class='ocrx_word' id='word_1_255' title='bbox 857 3591 946 3656; x_wconf 85' lang='lat' dir='ltr'><strong>Flori</strong></span> <span class='ocrx_word' id='word_1_256' title='bbox 971 3599 1003 3656; x_wconf 90' lang='lat' dir='ltr'><strong>et</strong></span> <span class='ocrx_word' id='word_1_257' title='bbox 1025 3590 1148 3657; x_wconf 90' lang='lat' dir='ltr'><strong>Lucani</strong></span> <span class='ocrx_word' id='word_1_258' title='bbox 1172 3591 1364 3674; x_wconf 87' lang='lat' dir='ltr'><strong>interpretes</strong></span> <span class='ocrx_word' id='word_1_259' title='bbox 1387 3587 1488 3651; x_wconf 89' lang='lat' dir='ltr'><strong>mirus</strong></span> 
     </span>
     <span class='ocr_line' id='line_1_31' title="bbox 256 3693 1487 3782; baseline 0 -25"><span class='ocrx_word' id='word_1_260' title='bbox 256 3693 388 3776; x_wconf 85' lang='lat' dir='ltr'><strong>quidam</strong></span> <span class='ocrx_word' id='word_1_261' title='bbox 412 3697 444 3760; x_wconf 91' lang='lat' dir='ltr'><strong>in</strong></span> <span class='ocrx_word' id='word_1_262' title='bbox 466 3695 737 3782; x_wconf 88' lang='lat' dir='ltr'><strong>descriptionibus</strong></span> <span class='ocrx_word' id='word_1_263' title='bbox 752 3697 828 3764; x_wconf 93' lang='lat' dir='ltr'><strong>belli</strong></span> <span class='ocrx_word' id='word_1_264' title='bbox 844 3698 949 3764; x_wconf 87' lang='lat' dir='ltr'><strong>civilis</strong></span> <span class='ocrx_word' id='word_1_265' title='bbox 964 3699 1047 3762; x_wconf 89' lang='lat' dir='ltr'><strong>inter</strong></span> <span class='ocrx_word' id='word_1_266' title='bbox 1062 3697 1236 3764; x_wconf 84' lang='lat' dir='ltr'><strong>Caesarem</strong></span> <span class='ocrx_word' id='word_1_267' title='bbox 1251 3709 1283 3762; x_wconf 87' lang='lat' dir='ltr'><strong>et</strong></span> <span class='ocrx_word' id='word_1_268' title='bbox 1299 3693 1487 3780; x_wconf 91' lang='lat' dir='ltr'><strong>Pompeium</strong></span> 
     </span>
     <span class='ocr_line' id='line_1_32' title="bbox 256 3801 1488 3889; baseline 0 -23"><span class='ocrx_word' id='word_1_269' title='bbox 256 3803 343 3884; x_wconf 90' lang='lat' dir='ltr'><strong>gesti</strong></span> <span class='ocrx_word' id='word_1_270' title='bbox 380 3823 565 3869; x_wconf 88' lang='lat' dir='ltr'><strong>cousensus.</strong></span> <span class='ocrx_word' id='word_1_271' title='bbox 621 3825 716 3889; x_wconf 90' lang='lat' dir='ltr'><strong>quem</strong></span> <span class='ocrx_word' id='word_1_272' title='bbox 758 3804 844 3870; x_wconf 91' lang='lat' dir='ltr'><strong>haud</strong></span> <span class='ocrx_word' id='word_1_273' title='bbox 887 3805 1051 3870; x_wconf 86' lang='lat' dir='ltr'><strong>fortuitum</strong></span> <span class='ocrx_word' id='word_1_274' title='bbox 1093 3825 1166 3871; x_wconf 89' lang='lat' dir='ltr'><strong>esse</strong></span> <span class='ocrx_word' id='word_1_275' title='bbox 1208 3824 1247 3870; x_wconf 92' lang='lat' dir='ltr'><strong>co</strong></span> <span class='ocrx_word' id='word_1_276' title='bbox 1287 3801 1488 3888; x_wconf 88' lang='lat' dir='ltr'><strong>probabilius</strong></span> 
     </span>
     <span class='ocr_line' id='line_1_33' title="bbox 257 3909 1488 3997; baseline -0.001 -23"><span class='ocrx_word' id='word_1_277' title='bbox 257 3917 320 3994; x_wconf 90' lang='lat' dir='ltr'><strong>cst,</strong></span> <span class='ocrx_word' id='word_1_278' title='bbox 358 3930 420 3992; x_wconf 89' lang='lat' dir='ltr'><strong>quo</strong></span> <span class='ocrx_word' id='word_1_279' title='bbox 452 3911 651 3995; x_wconf 84' lang='lat' dir='ltr'><strong>frequentius</strong></span> <span class='ocrx_word' id='word_1_280' title='bbox 689 3914 720 3977; x_wconf 94' lang='lat' dir='ltr'><strong>in</strong></span> <span class='ocrx_word' id='word_1_281' title='bbox 759 3913 848 3978; x_wconf 91' lang='lat' dir='ltr'><strong>brevi</strong></span> <span class='ocrx_word' id='word_1_282' title='bbox 885 3912 963 3978; x_wconf 92' lang='lat' dir='ltr'><strong>belli</strong></span> <span class='ocrx_word' id='word_1_283' title='bbox 1000 3912 1089 3997; x_wconf 87' lang='lat' dir='ltr'><strong>apud</strong></span> <span class='ocrx_word' id='word_1_284' title='bbox 1125 3910 1255 3976; x_wconf 83' lang='lat' dir='ltr'><strong>Florum</strong></span> <span class='ocrx_word' id='word_1_285' title='bbox 1291 3909 1488 3992; x_wconf 88' lang='lat' dir='ltr'><strong>narratione,</strong></span> 
     </span>
     <span class='ocr_line' id='line_1_34' title="bbox 255 4015 1488 4104; baseline -0.002 -23"><span class='ocrx_word' id='word_1_286' title='bbox 255 4036 340 4101; x_wconf 88' lang='lat' dir='ltr'><strong>quae</strong></span> <span class='ocrx_word' id='word_1_287' title='bbox 368 4037 409 4083; x_wconf 90' lang='lat' dir='ltr'><strong>ne</strong></span> <span class='ocrx_word' id='word_1_288' title='bbox 437 4027 506 4084; x_wconf 91' lang='lat' dir='ltr'><strong>tota</strong></span> <span class='ocrx_word' id='word_1_289' title='bbox 534 4018 664 4102; x_wconf 90' lang='lat' dir='ltr'><strong>quidem</strong></span> <span class='ocrx_word' id='word_1_290' title='bbox 692 4021 724 4084; x_wconf 94' lang='lat' dir='ltr'><strong>in</strong></span> <span class='ocrx_word' id='word_1_291' title='bbox 754 4039 885 4086; x_wconf 89' lang='lat' dir='ltr'><strong>censum</strong></span> <span class='ocrx_word' id='word_1_292' title='bbox 912 4019 1036 4104; x_wconf 85' lang='lat' dir='ltr'><strong>veniat,</strong></span> <span class='ocrx_word' id='word_1_293' title='bbox 1065 4017 1200 4086; x_wconf 89' lang='lat' dir='ltr'><strong>eaedem</strong></span> <span class='ocrx_word' id='word_1_294' title='bbox 1227 4037 1279 4084; x_wconf 90' lang='lat' dir='ltr'><strong>res</strong></span> <span class='ocrx_word' id='word_1_295' title='bbox 1307 4015 1412 4084; x_wconf 90' lang='lat' dir='ltr'><strong>isdem</strong></span> <span class='ocrx_word' id='word_1_296' title='bbox 1435 4015 1488 4082; x_wconf 87' lang='lat' dir='ltr'><strong>vel</strong></span> 
     </span>
     <span class='ocr_line' id='line_1_35' title="bbox 256 4123 1486 4211; baseline -0.002 -22"><span class='ocrx_word' id='word_1_297' title='bbox 256 4125 415 4191; x_wconf 88' lang='lat' dir='ltr'><strong>similibus</strong></span> <span class='ocrx_word' id='word_1_298' title='bbox 453 4127 560 4193; x_wconf 88' lang='lat' dir='ltr'><strong>verbis</strong></span> <span class='ocrx_word' id='word_1_299' title='bbox 599 4125 789 4193; x_wconf 82' lang='lat' dir='ltr'><strong>refemntur.</strong></span> <span class='ocrx_word' id='word_1_300' title='bbox 853 4127 986 4211; x_wconf 86' lang='lat' dir='ltr'><strong>collegit</strong></span> <span class='ocrx_word' id='word_1_301' title='bbox 1021 4126 1103 4192; x_wconf 91' lang='lat' dir='ltr'><strong>haec</strong></span> <span class='ocrx_word' id='word_1_302' title='bbox 1140 4127 1204 4190; x_wconf 92' lang='lat' dir='ltr'><strong>iam</strong></span> <span class='ocrx_word' id='word_1_303' title='bbox 1241 4125 1416 4191; x_wconf 88' lang='lat' dir='ltr'><strong>Meinertus</strong></span> <span class='ocrx_word' id='word_1_304' title='bbox 1453 4123 1486 4187; x_wconf 90' lang='lat' dir='ltr'><strong>in</strong></span> 
     </span>
    </p>
   </div>
   <div class='ocr_carea' id='block_1_3' title="bbox 258 4391 1486 4552">
    <p class='ocr_par' dir='ltr' id='par_1_3' title="bbox 258 4391 1486 4552">
     <span class='ocr_line' id='line_1_36' title="bbox 348 4391 1486 4464; baseline -0.004 -16"><span class='ocrx_word' id='word_1_305' title='bbox 348 4391 382 4460; x_wconf 83' lang='lat'><strong>¹¹)</strong></span> <span class='ocrx_word' id='word_1_306' title='bbox 406 4399 637 4450; x_wconf 84' lang='lat' dir='ltr'><strong>enumeraverunt</strong></span> <span class='ocrx_word' id='word_1_307' title='bbox 660 4394 789 4464; x_wconf 85' lang='lat' dir='ltr'><strong>grauiora</strong></span> <span class='ocrx_word' id='word_1_308' title='bbox 812 4394 871 4448; x_wconf 90' lang='lat' dir='ltr'><strong>eius</strong></span> <span class='ocrx_word' id='word_1_309' title='bbox 895 4397 1009 4464; x_wconf 76' lang='lat' dir='ltr'><strong>peccata</strong></span> <span class='ocrx_word' id='word_1_310' title='bbox 1032 4393 1165 4448; x_wconf 89' lang='lat' dir='ltr'><strong>Graevius</strong></span> <span class='ocrx_word' id='word_1_311' title='bbox 1188 4393 1293 4460; x_wconf 89' lang='lat' dir='ltr'><strong>aliique</strong></span> <span class='ocrx_word' id='word_1_312' title='bbox 1316 4391 1434 4446; x_wconf 85' lang='lat' dir='ltr'><strong>editores</strong></span> <span class='ocrx_word' id='word_1_313' title='bbox 1456 4391 1486 4444; x_wconf 90' lang='lat' dir='ltr'><strong>in</strong></span> 
     </span>
     <span class='ocr_line' id='line_1_37' title="bbox 258 4482 1408 4552; baseline -0.003 -15"><span class='ocrx_word' id='word_1_314' title='bbox 258 4483 477 4550; x_wconf 83' lang='lat' dir='ltr'><strong>praefationibus</strong></span> <span class='ocrx_word' id='word_1_315' title='bbox 496 4488 524 4538; x_wconf 90' lang='lat' dir='ltr'><strong>et</strong></span> <span class='ocrx_word' id='word_1_316' title='bbox 542 4483 777 4546; x_wconf 84' lang='lat' dir='ltr'><strong>adnotationibus,</strong></span> <span class='ocrx_word' id='word_1_317' title='bbox 797 4483 854 4538; x_wconf 82' lang='lat' dir='ltr'><strong>alia</strong></span> <span class='ocrx_word' id='word_1_318' title='bbox 873 4483 974 4538; x_wconf 86' lang='lat' dir='ltr'><strong>adiecit</strong></span> <span class='ocrx_word' id='word_1_319' title='bbox 992 4483 1021 4536; x_wconf 92' lang='lat' dir='ltr'><strong>L.</strong></span> <span class='ocrx_word' id='word_1_320' title='bbox 1041 4482 1204 4552; x_wconf 87' lang='lat' dir='ltr'><strong>Spengelius</strong></span> <span class='ocrx_word' id='word_1_321' title='bbox 1223 4482 1241 4535; x_wconf 94' lang='lat' dir='ltr'><strong>l.</strong></span> <span class='ocrx_word' id='word_1_322' title='bbox 1260 4499 1282 4536; x_wconf 88' lang='lat' dir='ltr'><strong>c.</strong></span> <span class='ocrx_word' id='word_1_323' title='bbox 1302 4499 1320 4552; x_wconf 95' lang='lat' dir='ltr'><strong>p</strong></span> <span class='ocrx_word' id='word_1_324' title='bbox 1348 4484 1408 4536; x_wconf 82' lang='lat'><strong>310.</strong></span> 
     </span>
    </p>
   </div>
   <div class='ocr_carea' id='block_1_4' title="bbox 253 4589 1484 4754">
    <p class='ocr_par' dir='ltr' id='par_1_4' title="bbox 253 4589 1484 4754">
     <span class='ocr_line' id='line_1_38' title="bbox 347 4589 1484 4662; baseline -0.003 -17"><span class='ocrx_word' id='word_1_325' title='bbox 347 4589 381 4656; x_wconf 78' lang='lat'><strong>¹¹)</strong></span> <span class='ocrx_word' id='word_1_326' title='bbox 404 4610 429 4645; x_wconf 84' lang='lat' dir='ltr'><strong>v.</strong></span> <span class='ocrx_word' id='word_1_327' title='bbox 455 4593 485 4646; x_wconf 90' lang='lat'><strong>0.</strong></span> <span class='ocrx_word' id='word_1_328' title='bbox 513 4591 624 4647; x_wconf 86' lang='lat' dir='ltr'><strong>lahnins</strong></span> <span class='ocrx_word' id='word_1_329' title='bbox 652 4592 681 4646; x_wconf 92' lang='lat' dir='ltr'><strong>in</strong></span> <span class='ocrx_word' id='word_1_330' title='bbox 709 4592 776 4647; x_wconf 88' lang='lat' dir='ltr'><strong>edit.</strong></span> <span class='ocrx_word' id='word_1_331' title='bbox 805 4611 830 4662; x_wconf 92' lang='lat' dir='ltr'><strong>p.</strong></span> <span class='ocrx_word' id='word_1_332' title='bbox 856 4591 971 4646; x_wconf 85' lang='lat' dir='ltr'>XXXIV</span> <span class='ocrx_word' id='word_1_333' title='bbox 999 4596 1028 4646; x_wconf 90' lang='lat' dir='ltr'><strong>et</strong></span> <span class='ocrx_word' id='word_1_334' title='bbox 1056 4591 1314 4646; x_wconf 84' lang='lat' dir='ltr'><strong>Teuffel-Schwabe</strong></span> <span class='ocrx_word' id='word_1_335' title='bbox 1342 4590 1375 4643; x_wconf 91' lang='lat' dir='ltr'><strong>H.</strong></span> <span class='ocrx_word' id='word_1_336' title='bbox 1400 4589 1428 4643; x_wconf 88' lang='lat' dir='ltr'><strong>L.</strong></span> <span class='ocrx_word' id='word_1_337' title='bbox 1454 4591 1484 4643; x_wconf 80' lang='lat' dir='ltr'><strong>li.</strong></span> 
     </span>
     <span class='ocr_line' id='line_1_39' title="bbox 253 4683 479 4754; baseline 0 -17"><span class='ocrx_word' id='word_1_338' title='bbox 253 4702 279 4754; x_wconf 87' lang='lat' dir='ltr'><strong>p.</strong></span> <span class='ocrx_word' id='word_1_339' title='bbox 300 4683 352 4736; x_wconf 78' lang='lat' dir='ltr'><strong>sic</strong></span> <span class='ocrx_word' id='word_1_340' title='bbox 371 4683 423 4746; x_wconf 78' lang='lat' dir='ltr'><strong>(ed.</strong></span> <span class='ocrx_word' id='word_1_341' title='bbox 443 4683 479 4737; x_wconf 83' lang='grc'><strong>4).</strong></span> 
     </span>
    </p>
   </div>
   <div class='ocr_carea' id='block_1_5' title="bbox 0 0 1783 5236">
    <p class='ocr_par' dir='ltr' id='par_1_5' title="bbox 0 0 1783 5236">
     <span class='ocr_line' id='line_1_40' title="bbox 0 0 1783 5236; baseline 0 0"><span class='ocrx_word' id='word_1_342' title='bbox 0 0 1783 5236; x_wconf 95' lang='lat' dir='ltr'><strong> </strong></span> 
     </span>
    </p>
   </div>
  </div>
 </body>
</html>
