3548 5256
889 417 930 482 78

382 613 433 680 55.
462 611 621 696 Θίρηττα
649 613 718 692 ἐπὶ)
747 625 795 696 τῷ
823 617 982 700 ταρίχει·
1010 613 1205 685 ἐλλειπτικῶς
1232 609 1310 698 αὕτη
1333 617 1529 700 προφέρεται,

294 719 386 784 λείπει
414 723 471 803 γὰρ
499 725 548 796 τό,
578 723 650 807 φερε
677 720 744 784 πίω.
800 718 916 805 εἴρηται
945 720 977 783 δὲ
1006 720 1056 784 ἐπί
1082 729 1143 784 τῶν
1175 725 1367 803 κρυπτόντων
1394 723 1435 784 τὰ
1461 719 1528 784 ἴδια

293 828 394 911 πάθη·
423 830 476 890 καί
504 829 561 910 γάρ
590 846 609 912 η
637 825 760 910 Θρᾷττα
791 828 927 915 φίλοινος
959 823 1034 891 οάσα
1063 828 1148 912 διψᾶν
1177 848 1250 913 φησι
1278 828 1327 891 διὰ
1354 830 1390 891 τό
1418 837 1528 915 φαγεῖν

294 935 456 1018 (τάριχος).
506 931 603 998 Ουίελ
629 935 702 998 241.

382 1042 434 1106 56.
461 1037 659 1126 ίοθμιάίει·
692 1040 741 1103 ἐπὶ
768 1048 830 1103 τῶν
857 1050 962 1112 κακῶς
989 1043 1146 1122 βιοόντων·
1179 1040 1318 1112 ἑπίνοσος
1349 1042 1381 1105 δὲ
1413 1037 1429 1104 6
1461 1050 1528 1105 τῶν

291 1144 434 1233 Ἰσθμίων
457 1153 570 1231 καιρός.
618 1145 758 1230 Hesyeh.
781 1145 949 1229 ίσθμιάσαι.
997 1146 1084 1212 Suid.
1100 1147 1237 1234 Ἰσθμια

382 1255 434 1320 57.
464 1250 703 1334 Ἱππόίλυτον)
733 1260 952 1340 μιμήσομαι·
980 1254 1029 1318 ἐπὶ
1056 1263 1118 1319 τῶν
1147 1265 1310 1342 σωφρονεῖν
1337 1255 1526 1338 ἐπαγγελλο-

294 1365 399 1445 μένων.
446 1361 584 1426 Dv32.
631 1359 720 1425 Suid.
743 1361 869 1425 Makar.
894 1367 933 1421 IV
955 1364 1006 1427 78.

384 1471 435 1532 58.
463 1465 593 1555 ἰσότης
621 1470 790 1557 φιλότης·
823 1465 900 1555 αὕτη
933 1472 1067 1555 γνωρικη
1100 1469 1234 1553 δηλοῦσα
1267 1467 1310 1540 ὡς
1334 1465 1440 1554 ἰσότης
1466 1473 1526 1554 την

293 1576 393 1660 φιλίαν
417 1580 542 1660 συνέχει.
590 1574 764 1641 DV1194.
797 1574 886 1639 Suid.

383 1683 435 1746 59.
462 1686 556 1745 κατὰ
583 1681 693 1754 ποδός
721 1684 836 1764 βάσιν·
864 1682 913 1746 ἐπὶ
939 1689 1001 1747 τῶν
1023 1685 1104 1747 κατὰ
1128 1687 1233 1769 μικρόν
1256 1689 1449 1765 πραττόντων
1471 1687 1526 1747 καί

153 1810 155 1814 ·
292 1792 374 1853 κατὰ
397 1793 509 1874 τέχνην
531 1792 584 1852 καί
607 1792 648 1874 μὴ
674 1787 804 1872 ἀθρόως.
852 1788 1002 1854 0995.
1037 1788 1126 1853 Suid.

383 1897 435 1963 60.
459 1907 632 1980 καρκίνος
657 1900 801 1977 λαγωόν
821 1895 957 1981 (αἱρεῑ)·
981 1897 1096 1961 ἐπίτου
1111 1896 1263 1962 ἀδυνάτου.
1290 1893 1417 1962 DV96.
1433 1893 1527 1960 Suid.

382 2005 435 2069 61.
458 2009 647 2090 κεραμέως
660 2007 833 2076 πλοῦτος·
849 2001 865 2068 6
881 2007 999 2088 σαθρός
1012 2007 1065 2067 καὶ
1078 2007 1120 2090 μὴ
1137 2006 1264 2088 βέβαιος.
1289 2004 1417 2068 Dv97.
1432 2000 1526 2067 Suid.

383 2112 434 2176 62.
459 2113 563 2175 λόσαι
588 2110 620 2192 (l.
646 2113 806 2190 λοόσαιο)
831 2115 891 2176 τὸν
915 2109 1069 2176 Πελίαν·
1093 2108 1113 2196 ἡ
1136 2110 1280 2197 παροιμία
1304 2107 1380 2196 αὕτη
1403 2109 1527 2174 ἐκτῶν

294 2218 523 2303 συμβεβηκότων
546 2229 589 2301 τῷ
612 2215 725 2300 Πελία·
750 2219 785 2282 ὃν
808 2215 927 2304 Μηδεια
950 2214 993 2290 είς
1016 2222 1122 2290 ζέοντα
1145 2220 1258 2305 λέβητα
1280 2220 1429 2303 καθηκεν,
1452 2216 1526 2288 ἐξα-

295 2329 460 2410 πατησασα
487 2328 544 2397 τὰς
573 2328 679 2390 τουτου
709 2327 880 2410 θυγατέρας
908 2324 950 2398 ὡς
977 2331 1204 2411 νεοποιησουοα,
1231 2327 1284 2390 καὶ
1311 2321 1408 2396 οάτως
1430 2319 1526 2388 αυτὸν

296 2429 443 2494 ἀπώλεσε.
482 2429 569 2515 Μίνῳ
593 2432 625 2496 δὲ
647 2444 690 2516 τῷ
712 2441 823 2516 κριτῶν
847 2431 879 2512 (l.
894 2429 1040 2516 Κρητῶν)
1065 2434 1181 2514 βασιλεῖ
1204 2429 1234 2496 αἱ
1248 2428 1401 2496 Κωκάλου
1424 2433 1528 2510 θυγα-

294 2541 378 2621 τέρες
405 2539 561 2625 ἐπιχὲασαι
589 2543 711 2612 ζέουσαν
739 2539 847 2604 πίτταν
876 2537 1035 2603 ἀπώλεσαν
1068 2534 1167 2604 αὐτόν.
1216 2543 1309 2626 μέγαν
1337 2538 1370 2618 (l.
1398 2535 1526 2618 Μάγαν)

251 2648 253 2655 ’
295 2645 325 2708 δὲ
349 2649 396 2708 τὸν
415 2641 626 2730 Φιλοπάτορος
649 2644 778 2734 ἀδελφὸν
803 2643 819 2710 6
834 2648 926 2728 θέγος
941 2643 1016 2731 (sie)
1031 2649 1189 2733 λουόμενον
1202 2649 1359 2732 κατηψησε
1374 2643 1408 2730 (l.
1423 2646 1526 2730 καθη-

295 2753 385 2838 ψησε)
409 2755 477 2826 τοὺς
499 2755 614 2826 θόλους
636 2753 822 2827 ἀποκλείσας
845 2751 918 2840 (sie)
943 2757 1068 2826 ζέοντας.
1104 2753 1184 2816 PIV
1198 2755 1252 2818 92.
1290 2752 1374 2815 DVI
1388 2753 1418 2817 6.
1454 2749 1526 2816 Ans

295 2857 353 2923 der
375 2857 642 2925 Plutarchisehen
666 2857 855 2942 Sammlung
879 2857 961 2946 (LII
976 2857 1033 2943 ιγ’).

384 2968 436 3031 63.
459 2969 569 3041 λόκος
591 2971 671 3052 περί
694 2966 726 3044 (l.
743 2967 823 3054 πρό)
847 2970 935 3054 βοης
952 2969 1111 3031 σπεόδει·
1138 2966 1255 3032 ἐπὶτῶν
1270 2961 1526 3049 όπερσπευδόντων

294 3074 425 3152 λέγεται,
453 3072 516 3137 ἐπεὶ
543 3079 576 3138 τὸ
609 3078 716 3162 θηρίον
746 3084 830 3140 τοῦτο
863 3073 1001 3159 ἁρπάσαν
1034 3078 1134 3163 φεόγει
1165 3077 1222 3158 πρὸ
1250 3081 1301 3137 τοῦ
1329 3075 1525 3157 βοηθεῖσθαι.

294 3178 453 3246 09126.
499 3180 681 3248 Dv11111.

384 3289 436 3352 64.
464 3292 511 3374 μὴ
545 3291 677 3372 λόγους
708 3287 777 3354 ἀντ’
812 3287 967 3376 ἀρίλτων
1001 3285 1035 3374 (l.
1064 3286 1249 3377 ἀλφίτωνλ·
1287 3285 1302 3351 ἐ
1361 3297 1418 3350 τῶν
1445 3307 1527 3358 τινος

296 3391 452 3465 ἀξιοόντων
476 3407 581 3482 τυχεῖν.
628 3397 780 3462 Dv160.
814 3395 904 3461 Suid.

384 3503 436 3566 65.
464 3515 567 3568 νικᾶν
595 3507 653 3568 τὸν
681 3500 873 3588 ὀνηλάτην·
906 3506 980 3587 πρὸς
1007 3507 1057 3566 τόν
1084 3502 1331 3589 μὴιβουλόμενον
1360 3498 1527 3586 ἀποοτηναί

294 3631 381 3682 τινος,
406 3607 471 3674 ἀλλ’
497 3607 596 3674 ἑαυτὸν
609 3616 775 3697 προιέμενον
790 3607 832 3682 εἰς
848 3609 1003 3674 ἀπώλειαν.
1027 3607 1088 3672 DV
1101 3616 1142 3670 ΠΙ
1155 3609 1208 3673 37.
1231 3605 1320 3671 Suid.
1335 3605 1432 3671 Goisl.
1447 3607 1527 3673 350.

384 3717 435 3781 66.
467 3725 540 3790 νῦν,
583 3721 680 3802 φασί,
721 3721 889 3803 σωθείην,
929 3714 968 3779 ἵν’
1013 3715 1034 3798 η
1076 3738 1134 3802 μοι
1180 3715 1378 3800 διδάγματα
1420 3722 1528 3778 τοῦτο

294 3821 328 3900 (l.
350 3821 473 3908 ταῦτα)
502 3832 561 3886 τοῦ
589 3827 653 3907 πρὸ
676 3833 736 3888 τοῦ
759 3829 905 3910 χρόνου·
935 3826 1018 3906 παρὰ
1039 3827 1087 3888 τὸν
1112 3823 1209 3908 μόθον
1231 3820 1341 3907 εἴρηται
1361 3829 1446 3885 τοῦτο
1470 3832 1530 3907 της

384 4073 419 4126 55
438 4072 509 4126 fehlt
528 4073 557 4126 in
576 4073 598 4126 B
616 4073 752 4127 zwischen
770 4073 822 4127 503
842 4072 899 4126 und
917 4073 976 4126 504.

385 4162 491 4216 56-58
510 4162 602 4216 fehlen
622 4162 650 4215 in
670 4163 692 4215 B
711 4162 845 4216 zwisehen
864 4162 917 4215 510
935 4160 993 4214 und
1010 4161 1072 4215 511.

384 4251 490 4304 59-61
510 4252 602 4305 fehlen
621 4252 651 4304 in
670 4252 691 4304 Β
710 4251 844 4305 zwischen
864 4251 916 4305 582
936 4250 993 4304 und
1011 4251 1070 4305 583.

383 4340 418 4394 62
436 4341 473 4395 ist
491 4341 521 4394 in
540 4342 562 4394 B
580 4340 715 4396 zwischen
734 4341 784 4394 591
807 4340 863 4394 und
881 4341 934 4394 592
953 4339 1137 4409 ausgelaesen.

383 4429 417 4483 63
436 4429 508 4484 fehlt
526 4429 556 4483 in
575 4430 597 4483 B
616 4430 749 4484 zwisehen
769 4430 822 4484 624
841 4429 897 4483 und
915 4429 976 4484 625.

383 4519 419 4573 64
437 4519 508 4573 fehlt
525 4519 556 4572 in
574 4519 596 4572 B
615 4519 686 4574 nach
705 4520 765 4574 664.

383 4609 418 4664 65
436 4608 508 4663 fehlt
525 4607 555 4661 in
575 4609 597 4661 B
616 4609 750 4662 zwischen
770 4609 822 4662 692
841 4607 899 4662 und
918 4607 979 4663 693.

384 4699 419 4752 66
440 4697 511 4752 fehlt
530 4697 560 4750 in
579 4697 601 4750 B
620 4698 755 4752 zwischen
773 4698 826 4752 696
845 4697 902 4750 und
920 4697 981 4751 696.
