3522 5248
791 394 833 454 57

196 587 317 673 ὡραίαν.
365 587 434 653 Das
457 587 518 652 EM
541 586 611 671 gibt
634 588 706 654 eine
730 589 839 654 wahre
862 589 1078 656 musterkarte
1105 609 1169 654 von
1193 590 1424 674 erklfirungen:

196 697 298 759 λεπτοί
327 697 380 758 καὶ
411 693 544 767 ἀσθενεῖς
572 693 592 781 ἢ
621 696 815 782 δυσφόλακτοι
844 745 851 761 .
877 750 884 765 .
909 745 917 760 .
942 745 950 760 .
975 695 995 781 ἢ
1023 696 1100 782 ὠμοὶ
1126 700 1180 761 καί
1206 696 1329 782 ἄγριοι.
1354 748 1361 763 .
1386 747 1393 762 .
1419 748 1426 762 .

198 799 218 888 ἢ
241 797 378 886 οόδεμιᾱς
401 802 552 888 φροντίδος
575 801 650 874 ἄξιοι
672 853 679 868 .
703 851 711 866 .
736 851 744 866 .
769 850 777 866 .
801 801 821 889 ἢ
845 803 941 888 ἄωρον
962 808 1011 868 τόν
1024 799 1112 868 ἵνπνον
1134 807 1183 867 τὸν
1196 805 1322 891 μηδενὸς
1338 827 1426 892 φρον-

195 912 323 984 τίζοντα,
352 908 416 992 ὥρα
443 913 499 993 ηάρ
526 906 546 995 ἡ
574 915 688 995 φροντίς
712 958 718 974 ·
744 961 751 976 ·
776 958 783 974 .
809 959 816 974 .
841 907 869 976 οἱ
896 911 927 974 δὲ
954 917 1002 975 τόν
1025 908 1210 997 ἀμάλακτον,
1239 910 1302 995 ὥρα
1325 909 1425 997 ηάρὴ
1540 955 1542 958 -

196 1017 316 1103 φυλακή
340 1037 369 1080 ιι.
391 1039 415 1079 τ.
439 1017 466 1079 λ.

288 1122 506 1207 ἀκροπόλοις
529 1121 649 1209 ἐρήμοις
673 1121 713 1188 ὧν
735 1128 859 1210 περὶτὰ
881 1123 961 1209 ἄκρα
984 1127 1067 1189 πολεῖ
1089 1129 1126 1189 τά
1149 1129 1219 1209 ίῷα.
1243 1124 1317 1189 EM:
1333 1123 1426 1210 ἀκρο-

196 1232 325 1295 πόλοισιν
348 1229 467 1314 ὄρεσσιν,
491 1227 531 1294 ὧν
553 1233 590 1294 τὰ
613 1229 693 1316 ἄκροι
715 1235 768 1295 καὶ
782 1229 813 1295 αἱ
826 1236 955 1320 κορυφαί
969 1233 1189 1316 περιπολουνιαι
1202 1237 1256 1296 καί
1268 1241 1425 1297 κινουνιαι“

196 1335 218 1423 ἢ
241 1336 376 1424 ἐρήμοις·
400 1335 419 1423 ἢ
443 1335 489 1424 ἐφ’
514 1335 555 1401 ὧν
577 1340 707 1402 πολεῖται
728 1341 765 1402 τά
787 1343 858 1424 ζῷα.

287 1443 490 1532 ἀμφίπολος
509 1442 529 1531 ἡ
553 1448 617 1529 περί
639 1449 691 1532 την
713 1447 865 1512 δέσποιναν
882 1448 1049 1532 πολουμένη
1064 1448 1238 1530 θεράπαινα,
1262 1445 1333 1530 ὅπερ
1349 1444 1425 1512 ἐστὶν

199 1550 445 1638 ἀναστρεφομένη.
484 1550 549 1616 seh.
563 1551 591 1616 E
607 1572 647 1616 zu
662 1576 682 1615 α
700 1555 776 1619 136:
802 1550 861 1624 ἀπὸ
879 1562 931 1618 τοῦ
950 1555 1014 1637 περὶ
1036 1556 1084 1616 τὸν
1098 1555 1239 1638 δεσπότην
1261 1555 1425 1618 πολεῖσθαι

197 1658 272 1725 EM:
297 1663 378 1744 παρά
408 1663 461 1745 τἠν
492 1657 568 1746 ἀμφὶ
600 1662 738 1744 πρόθεσιν
769 1663 822 1724 καὶ
853 1665 885 1723 τό
918 1662 1012 1734 πολω,
1045 1661 1138 1732 πόλος
1166 1664 1219 1724 καὶ
1246 1658 1424 1748 ἀμφίπολος,

197 1763 284 1830 οἱονεί
306 1765 325 1852 ἡ
349 1769 413 1851 περὶ
434 1771 487 1852 την
508 1767 660 1831 δέσποιναν
681 1768 824 1851 πολοῦσα,
847 1772 988 1833 τουτέστιν
1011 1766 1258 1854 ἀναστρεφομένη.

287 1872 445 1938 ἁλίπλοα
467 1877 505 1938 τὰ
528 1871 699 1938 ἐπιπλέοντα
720 1885 757 1959 τῃ
781 1876 936 1959 θαλάσσῃ.
973 1873 1048 1939 ΕΜι
1071 1885 1108 1960 τη
1123 1876 1267 1958 θαλάσσῃ
1291 1876 1425 1944 πλέοντα.

196 1976 296 2067 ἢδπὸ
319 1993 371 2068 της
395 1982 555 2067 θαλάσσης
579 1979 779 2067 ἐπιπλεόμενα
825 1981 899 2065 vgl.
923 1980 976 2046 die
1001 1980 1145 2047 scholion
1169 2001 1208 2046 zu
1233 1979 1264 2044 M
1287 1983 1345 2048 26:
1369 1978 1425 2046 ὑπὸ

195 2090 341 2174 θαλάσσῃ
365 2090 490 2152 πλέοντα
503 2088 540 2153 V.
555 2099 590 2174 τῇ
606 2089 750 2172 θαλάσσῃ
765 2087 937 2153 ἐπιπλέοντα
950 2090 989 2154 D.
1026 2087 1201 2154 Lehrreieh
1216 2087 1259 2154 ist
1275 2087 1374 2154 schol.
1388 2089 1425 2171 A,

198 2195 339 2260 welches
367 2195 440 2260 eine
469 2194 669 2278 bemerkung
700 2194 884 2262 Herodian:
918 2195 1043 2261 enthfilt
1073 2193 1187 2280 (Lentz
1210 2195 1254 2278 Π,
1278 2198 1335 2279 80,
1363 2199 1425 2278 17),

195 2302 338 2376 Ἀλεξίων
363 2307 416 2367 καί
439 2300 467 2366 οἱ
489 2301 575 2367 ἄλλοι
602 2301 715 2368 hatten
738 2309 1036 2388 proparoxytonese
1064 2301 1240 2388 gesordert,
1268 2307 1346 2366 κατὰ
1369 2307 1426 2388 γάρ

196 2407 291 2475 αότων
312 2421 370 2475 τῶν
393 2407 521 2494 ἐρειπίων
539 2406 559 2495 ἡ
573 2409 650 2483 λέξις
672 2421 772 2484 κεῖται,
798 2407 867 2496 οὐχὶ
889 2414 925 2474 τά
939 2409 969 2475 ἐν
983 2421 1021 2496 τῃ
1038 2409 1089 2474 ἁλί
1102 2413 1226 2474 πλέοντα
1241 2415 1424 2496 σημαίνεταις

198 2515 290 2582 όὶοοο
316 2518 483 2600 betonung
509 2515 557 2583 sei
585 2516 669 2581 auch
697 2537 780 2601 ganz
809 2516 940 2602 riehtig‚
968 2517 1047 2582 aber
1069 2535 1132 2581 von
1156 2516 1213 2582 der
1241 2515 1426 2599 bedeutung

197 2623 415 2708 unabhiingig²
440 2623 488 2689 sie
510 2632 619 2689 musso
643 2630 725 2689 stet:
749 2623 919 2709 οἰυίτοίοιι,
942 2622 1080 2710 ὁπότερον
1103 2622 1138 2688 ἀν
1161 2629 1307 2709 σημαίνῃ,
1331 2620 1425 2698 οὔτως

194 2734 254 2817 ηάρ
267 2729 422 2819 ἐμελέτησε
439 2735 476 2795 τά
489 2734 570 2815 παρὰ
583 2740 633 2796 τοῦ
648 2733 737 2806 πλέω,
754 2730 826 2813 εἴγε
840 2735 939 2796 καὶτὸ
953 2732 1145 2816 προνιόπλοος
1159 2729 1423 2816 προπαροξόνομεν.

286 2837 422 2926 ἀψορον
449 2839 663 2925 παλινόρμητον
691 2836 732 2912 είς
758 2845 892 2904 τουπίσω.
925 2838 1103 2926 ἀψορρόου
1131 2837 1274 2904 ἀνάπαλιν
1297 2835 1423 2922 ῥέοντος.

196 2944 271 3012 Soh.
286 2945 341 3011 BL
365 2965 405 3010 zu
427 2943 547 3012 3152:
572 2942 803 3034 ὀπισθόρμητος.
829 2943 903 3011 Soh.
925 2945 952 3008 B
976 2966 1016 3010 zu
1039 2943 1067 3009 H
1090 2947 1171 3012 413:
1196 2942 1425 3032 ὀπισθορμητως

198 3101 205 3117 .
231 3101 238 3116 .
264 3101 272 3116 .
297 3101 304 3116 .
329 3057 433 3133 γίνεται
460 3053 491 3116 δέ
518 3050 553 3116 ἐκ
578 3061 631 3116 τοῦ
660 3050 702 3138 ἄψ
728 3061 779 3116 τοῦ
807 3057 999 3138 σημαίνοντος
1025 3057 1059 3118 τὸ
1083 3051 1194 3116 ὀπίσσω
1216 3057 1341 3117 καὶτοῦ
1366 3052 1425 3136 όρω

194 3164 230 3226 τό
254 3162 388 3245 διεγείρω.
436 3159 511 3224 EM:
536 3163 617 3244 παρὰ
638 3165 672 3225 τό
695 3158 738 3246 ἄψ
761 3164 884 3224 καὶτὸν
907 3157 984 3245 ῥόον,
1008 3163 1185 3246 πλεονασμῷ
1207 3169 1258 3224 τοῦ
1281 3183 1307 3224 ο.

286 3265 509 3354 ἀμφιηάοισιν
540 3278 601 3340 τοῖς
632 3264 664 3339 ἐξ
696 3264 836 3352 ἑκατέροιν
869 3272 974 3353 μέρους
1011 3279 1121 3348 ηυωσαι
1153 3267 1331 3353 δυναμένοις,
1364 3265 1426 3332 οἷον

196 3377 317 3460 βλάψαι
363 3373 431 3438 ἐνιοι
462 3375 493 3438 δὲ
524 3385 585 3448 τοῖς
618 3375 665 3438 διὰ
694 3378 793 3460 χειρὸς
825 3375 999 3462 δυναμένοις.
1045 3373 1119 3438 Sch.
1146 3374 1176 3437 A
1208 3393 1248 3438 zu
1280 3370 1309 3436 N
1346 3375 1424 3439 147:

202 3479 329 3568 ηδιπλη
360 3486 434 3566 πρὸς
466 3485 498 3546 τό
527 3479 718 3567 ἀμφιηόοισιν,
751 3480 795 3547 δτι
821 3479 849 3546 οἱ
876 3486 941 3568 μέν,
969 3479 1032 3546 ἐπεὶ
1055 3479 1232 3567 ἀμφοτέραις
1254 3491 1319 3554 ταῖς
1341 3486 1427 3567 χερσὶ

196 3589 377 3673 διερείδοντες
400 3600 542 3676 χρῶνται·
566 3586 593 3653 οἱ
616 3590 648 3653 δὲ
672 3587 799 3653 ἀπὸτοῦ
819 3601 936 3670 μωσαι,
957 3587 1000 3653 ὅτι
1019 3590 1137 3672 βλάπτει
1160 3587 1379 3675 ἀμφοτέρωθεν,
1398 3587 1426 3653 οἱ

197 3697 229 3760 δέ
241 3708 444 3783 μεταφορικῶς
459 3695 517 3760 ἀπὸ
531 3707 587 3760 τῶν
600 3700 692 3780 γυίων,
701 3696 745 3762 ’ότι
758 3694 942 3781 ἑκατέρωθεν
955 3695 1047 3780 ἄκρον
1061 3694 1131 3782 ἔχει,
1141 3705 1206 3775 ηυία
1220 3692 1276 3780 γὰρ’
1285 3699 1321 3758 τά
1335 3694 1424 3780 ἄκρα

286 3804 336 3868 An
373 3801 464 3869 diese
500 3804 600 3889 probe
637 3824 699 3868 von
736 3803 953 3886 erklfirungen
989 3801 1209 3868 homerischor
1245 3801 1424 3885 composita

198 3908 354 3976 schliesse
392 3909 444 3975 ich
479 3909 551 3976 eine
582 3910 683 3995 probe
719 3929 782 3976 von
819 3909 1142 3994 tragikererklfirung
1178 3929 1230 3974 an.
1287 3908 1325 3972 In
1362 3907 1424 3973 den

197 4015 490 4084 medioeischen
523 4015 701 4083 seholien
740 4037 779 4082 zu
817 4017 1036 4103 Sophokles
1074 4015 1425 4082 Trachinierinnon

197 4121 307 4189 finden
331 4123 400 4190 sich
423 4121 576 4207 folge'nde
600 4125 817 4208 erklssrungen
839 4144 901 4188 von
926 4123 1120 4209 composita:

286 4233 338 4297 38.
360 4227 569 4317 θπερτεληςι
594 4231 656 4296 ἀντὶ
677 4241 728 4296 τοῦ
751 4228 822 4316 ὑπὲρ
844 4235 877 4296 τὸ
899 4235 982 4305 τέλος
1005 4237 1132 4312 γέγονεν·
1156 4230 1226 4304 οἱον,
1248 4239 1300 4294 του
1322 4231 1425 4304 τέλους

194 4349 253 4404 τῶν
280 4337 384 4403 ἀθλων
411 4343 545 4424 κρείττων
571 4338 677 4425 ὤφθη,
706 4343 907 4423 κατορθώσας
938 4335 1055 4412 αὐτοὺς.
1107 4323 1245 4402 Ᾰίιυίίοίι
1278 4336 1424 4421 Hesyeh:

195 4441 368 4531 διαραλής·
391 4443 462 4529 άπερ
483 4450 518 4510 τό
540 4448 625 4520 τέλος
649 4445 825 4534 ἀφικομένη,
854 4445 1023 4529 bez'uglioh
1047 4444 1107 4510 auf
1125 4443 1240 4510 Aesch.
1264 4442 1325 4526 Ag.
1351 4447 1425 4512 286.

196 4552 323 4620 Andors
356 4552 481 4620 scheint
511 4573 547 4620 es
572 4552 752 4638 Aeschylus
782 4552 884 4619 selbst
916 4551 1099 4636 aufgefasst
1127 4573 1165 4617 zu
1194 4552 1314 4636 haben,
1342 4552 1425 4654 υυοίι

196 4661 256 4744 Ag.
280 4662 345 4728 359
368 4657 553 4746 ὑπερτελέσαι
575 4665 652 4748 μέγα
675 4661 808 4733 δουλείας
831 4664 993 4745 ηάηηαμον.
