3480 5230
963 397 1006 468 20

369 625 514 692 infinitas
530 623 667 710 (θέσεις)
683 627 797 710 utique
813 625 1016 692 necessarias
1031 623 1156 690 oratori
1172 645 1259 709 esse3
1275 623 1353 708 quin
1369 623 1470 689 etiarn
1488 619 1598 688 libros

370 737 508 796 extare
545 730 809 815 Hermagorae
843 728 999 795 nomine
1032 728 1267 811 inscriptos,
1305 727 1451 810 quihus
1487 726 1598 820 tales

369 833 628 918 quaestiones
657 832 908 900 universales
934 835 1172 898 tractentur.
1184 835 1207 915 ¹)
1252 829 1317 896 Sed
1341 831 1511 914 quomodo
1536 829 1599 895 hos

368 937 470 1002 libros
494 935 638 1002 eiusdem
661 957 732 1003 esse
755 957 865 1021 posse,
899 935 956 1019 qui
980 935 1188 1018 quaestiones
1211 933 1413 1001 universales
1441 934 1485 1002 ab
1520 954 1598 998 ora-

368 1039 448 1106 toris
470 1038 580 1104 officio
602 1044 747 1106 remotas
770 1045 804 1104 et
825 1039 935 1123 potius
957 1038 1151 1123 philosopho
1173 1036 1322 1121 proprias
1346 1036 1489 1104 dixerit?

454 1142 670 1208 Artificiosius
705 1163 803 1226 quam
836 1142 1041 1226 probabilius
1065 1139 1259 1220 Quintiliani
1291 1139 1392 1206 verba
1426 1140 1469 1205 ab
1510 1139 1600 1205 Har-

369 1245 509 1312 neckero
532 1245 697 1330 explicata
720 1267 790 1312 esse
814 1266 940 1311 censeo.
985 1244 1080 1324 Quod
1105 1243 1226 1310 Fabius
1248 1242 1361 1322 voluit,
1384 1243 1449 1308 hoc
1478 1249 1546 1324 est,
1571 1244 1598 1308 si

370 1350 449 1434 quid
471 1349 581 1416 video:
614 1348 826 1433 Peragrapho
849 1349 966 1432 quinta
989 1348 1086 1415 docet
1107 1348 1193 1412 inter
1214 1346 1391 1432 plerosque
1414 1347 1598 1412 conuenire

368 1452 578 1538 quaestiones
595 1473 666 1518 esse
681 1459 740 1516 aut
755 1449 899 1515 infinitas
916 1456 975 1517 aut
993 1449 1108 1518 finitas.
1143 1450 1303 1516 Proximis
1319 1449 1542 1534 paragraphis
1555 1450 1597 1513 de

369 1555 444 1621 aliis
459 1553 643 1620 nominibus
660 1560 694 1620 et
709 1555 749 1620 de
765 1554 952 1620 notionibus
967 1555 1098 1620 illorum
1115 1554 1349 1619 vocabulorum
1372 1553 1474 1619 verba
1498 1552 1596 1619 facit

369 1658 524 1723 Nonnulli
558 1663 667 1724 tamen
692 1695 731 1706 -
754 1659 906 1742 pergit§
936 1666 974 1726 12
1002 1697 1043 1706 -
1070 1657 1202 1723 inutiles
1234 1656 1358 1721 oratori
1391 1663 1597 1740 putaverunt

368 1761 568 1826 universales
603 1762 823 1844 quaestiones
876 1762 981 1840 Quam
1015 1761 1212 1827 sententiam
1244 1760 1417 1844 impugnat
1450 1760 1595 1840 Fabius;

368 1865 432 1930 non
455 1863 604 1928 omuibus
627 1864 787 1938 eiusmodi
810 1864 1061 1949 quaestionibus
1090 1864 1137 1928 sic
1160 1863 1290 1930 occurri
1318 1883 1415 1947 posse
1442 1868 1481 1928 ut
1507 1863 1593 1927 illis:

368 1970 453 2033 sitne
469 1968 572 2032 virtus
595 1966 690 2034 finis?
713 1974 892 2052 regaturne
915 1967 1125 2052 providentia
1139 1967 1301 2032 mundus?
1323 1966 1407 2032 tales
1424 1966 1595 2049 quaestiu-

367 2093 425 2136 nes
447 2070 543 2136 facile
566 2070 709 2152 aliquem
733 2091 797 2136 non
821 2092 893 2137 esse
916 2071 1056 2137 oratoris
1080 2071 1190 2137 dicere
1212 2091 1322 2155 posse3
1347 2077 1461 2136 extare
1478 2075 1593 2136 autern

369 2173 462 2238 aliud
485 2193 615 2256 quoque
638 2195 741 2257 genus
768 2173 927 2240 eiusmodi
958 2176 1201 2258 quaestionum;
1234 2173 1325 2238 velut
1346 2173 1374 2238 si
1397 2174 1477 2241 Cato
1508 2173 1593 2238 deli·
1710 2253 1711 2256 Ἴ

369 2275 476 2356 beret,
507 2296 549 2340 an
572 2276 635 2341 sibi
658 2297 741 2341 uxor
763 2276 913 2342 ducenda
935 2279 993 2359 sit,
1028 2297 1160 2343 necesse
1189 2297 1260 2343 esse
1284 2276 1366 2342 Cato
1394 2285 1536 2360 quaerat
1559 2278 1591 2340 in

368 2379 567 2458 universum,
602 2399 643 2443 an
666 2401 748 2444 uxor
771 2380 815 2445 sit
838 2379 1003 2461 ducenda,
1038 2382 1100 2447 hoc
1123 2386 1174 2446 est
1202 2401 1245 2446 an
1273 2380 1356 2446 utile
1382 2381 1427 2446 sit
1453 2400 1590 2446 uxorem

370 2481 498 2549 ducere.
553 2482 658 2562 „Sunt
680 2487 789 2547 tamen
819 2483 971 2567 inscripti
1002 2485 1132 2549 nomine
1154 2482 1379 2567 Hermagorae
1407 2482 1497 2564 libri,
1534 2481 1592 2565 qui

369 2584 565 2649 confirmant
586 2584 678 2650 illam
702 2586 918 2670 opinionem.“
962 2587 1047 2665 Quid
1062 2587 1154 2652 aliud
1177 2586 1228 2651 his
1244 2586 1351 2652 verbis
1369 2585 1591 2665 Quintilianus

370 2687 479 2753 dicere
502 2687 585 2769 vult,
609 2689 672 2753 uisi
695 2688 799 2755 fuisse
821 2689 921 2755 etiam
949 2689 982 2753 in
1009 2689 1105 2754 libris
1128 2690 1353 2773 Hermagorae
1380 2690 1512 2754 nomine
1541 2691 1591 2753 in·

369 2791 500 2875 scriptis
516 2792 720 2874 sententiam,
743 2792 877 2857 inutiles
900 2813 971 2858 esse
993 2793 1118 2858 oratori
1142 2793 1341 2858 universales
1357 2791 1590 2877 quaestiones?

370 2895 435 2960 Sed
457 2893 619 2978 quomodo
642 2894 708 2960 tale
731 2896 814 2979 quid
835 2896 1024 2980 praecipere
1052 2895 1183 2961 ornnino
1210 2896 1318 2979 potuit
1342 2894 1429 2960 idem
1453 2895 1590 2960 Herma-

369 3017 475 3080 goras,
498 2997 554 3079 qui
579 2997 734 3064 Cicerone
757 3005 842 3065 teste
859 3021 933 3065 cum
957 2998 1130 3063 materiam
1154 2997 1339 3065 rhetoricae
1360 2999 1395 3062 in
1418 2995 1536 3076 θέσεις
1557 3001 1591 3063 et

370 3088 550 3179 ὗποθέσεις
593 3100 770 3180 divisisset,
818 3102 916 3168 etiam
953 3101 1154 3167 universales
1193 3101 1402 3185 quaestiones
1446 3101 1589 3166 oratoris

370 3224 441 3268 esse
464 3202 582 3270 vellet?
618 3203 733 3268 Cicero
756 3205 887 3288 quidem
918 3210 1095 3290 propterea
1117 3203 1352 3287 Hermagoram
1379 3203 1591 3288 reprehendit

370 3312 403 3371 et
426 3311 564 3371 contra
592 3306 677 3371 eius
708 3308 946 3373 sententiam
976 3309 1085 3374 theses
1117 3306 1313 3392 philosopho
1344 3306 1506 3388 tribuite
1553 3307 1590 3371 In

369 3408 442 3473 aliis
466 3429 541 3473 vero
555 3407 727 3474 rhetoricis
739 3409 843 3492 libris,
864 3409 952 3476 velut
973 3413 1006 3476 in
1031 3411 1194 3495 primodo
1211 3416 1352 3490 oratore,
1367 3409 1460 3474 aliud
1476 3411 1589 3475 Cicero

371 3511 449 3576 lacit
471 3511 628 3578 iudicium
651 3518 744 3578 ratus
767 3535 832 3579 non
855 3515 962 3580 minus
984 3535 1084 3597 quam
1105 3512 1334 3595 Quintilianus,
1358 3513 1458 3580 etiam
1479 3512 1589 3579 theses

370 3614 411 3678 ad
434 3621 598 3680 oratorem
621 3616 793 3699 pertinere.

456 3717 526 3782 Iam
549 3739 626 3784 vero
650 3741 682 3802 p.
706 3727 746 3786 69
770 3720 959 3786 Harneclrer
981 3742 1021 3786 ex
1043 3721 1094 3802 iis,
1119 3741 1203 3805 quae
1226 3725 1302 3785 ante
1326 3719 1493 3798 disseruit,
1522 3718 1589 3786 col-

369 3821 445 3905 ligit
467 3821 565 3888 haec:
589 3827 712 3886 certum
736 3843 807 3888 esse
824 3822 1062 3900 Quintilianum
1084 3824 1146 3890 hoc
1168 3824 1241 3890 loco
1264 3823 1304 3889 de
1325 3822 1507 3888 clarissimo
1530 3822 1589 3888 illo

370 3923 500 3990 rhetore
521 3924 723 4007 Hermagora
743 3927 898 4009 cogitare.
933 3926 1053 3992 Doceri
1068 3947 1138 4008 nos,
1152 3926 1246 3992 illum
1261 3927 1434 3992 materiam
1449 3927 1590 3992 oratoris

368 4027 401 4090 in
423 4025 520 4094 θέσιν
542 4033 576 4093 et
597 4021 763 4094 inridente
785 4029 946 4112 partitum
970 4029 1144 4113 thesinque
1168 4051 1233 4095 non
1256 4029 1300 4096 ad
1328 4035 1502 4110 oratorem,
1531 4029 1589 4096 sed

371 4159 581 4173 ———-—-.

439 4217 461 4285 ¹)
479 4216 550 4272 Huic
567 4217 720 4273 sententiaa
739 4218 779 4272 vel
798 4219 914 4273 maxime
932 4218 1002 4274 illud
1021 4219 1192 4287 obuersatur,
1211 4217 1280 4287 quod
1294 4217 1389 4273 (licere
1406 4217 1490 4273 semel
1507 4221 1590 4287 atque

370 4303 469 4358 iterum
484 4301 642 4372 profitetur,
665 4304 805 4361 rhetorum
822 4303 856 4360 de
874 4303 996 4360 thesibus
1016 4305 1115 4359 mirum
1135 4319 1195 4360 esse
1213 4303 1365 4358 silentium:
1399 4304 1434 4360 ci.
1453 4304 1489 4360 de
1505 4319 1546 4360 cr.
1565 4305 1590 4360 11

370 4390 404 4442 78
421 4387 456 4442 al.
476 4389 571 4456 Itaque
588 4395 679 4446 actum
698 4405 756 4445 esse
775 4390 990 4447 arbitroretiam
1010 4390 1044 4446 de
1062 4391 1218 4447 coniectura
1237 4389 1371 4445 Kiderlini
1383 4391 1486 4458 (annal.
1499 4390 1590 4460 philol.

370 4490 395 4528 a.
416 4475 482 4528 taes
503 4490 529 4543 p.
555 4477 615 4545 113)
638 4475 666 4530 in
685 4475 700 4547 ξ
720 4477 753 4530 14
772 4491 823 4545 pro
847 4475 956 4532 traditis
984 4476 1074 4532 uerbis
1100 4476 1163 4546 „qui
1191 4477 1225 4532 de
1252 4477 1304 4531 hae
1330 4480 1404 4533 arte
1429 4476 1591 4533 mirabiliter

370 4560 456 4615 multa
474 4561 640 4630 compomit‘
658 4561 831 4620 emendantis
849 4563 911 4634 „qui
929 4563 963 4619 de
982 4563 1035 4620 hac
1052 4565 1179 4636 parte“,
1198 4563 1225 4620 id
1243 4567 1287 4620 est
1303 4564 1337 4624 da
1356 4563 1485 4622 thesibus.

438 4647 459 4714 ⁹)
478 4645 511 4701 de
529 4648 581 4704 inv.
601 4649 654 4706 18.
