3634 5240
754 426 795 490 53

162 649 428 733 dithyramborum
456 669 604 715 numeros
627 650 744 715 solutos
769 650 838 733 lege
862 649 1032 734 appellare;
1071 669 1171 734 neque
1199 652 1283 716 euim
1312 653 1381 736 lege

162 753 301 817 solutum
325 751 407 836 quod
430 754 487 831 est,
508 752 592 818 idem
607 753 700 838 plane
716 744 896 838 ἀρρυθμον,
919 753 973 819 sed
988 754 1033 819 ita
1049 753 1112 819 iere
1128 755 1245 838 explico
1262 756 1380 822 locum:

160 877 232 922 cum
255 857 397 921 Romano
419 857 528 940 poetae
558 857 613 920 aut
633 856 712 920 nihil
740 857 796 921 aut
817 875 975 941 perpauca
999 859 1123 922 mutare
1146 857 1239 923 liceat
1260 859 1293 922 in
1315 881 1380 926 me·

161 960 246 1026 tricis
269 959 386 1036 formis
410 977 488 1042 quas
512 959 570 1024 sibi
590 961 754 1042 tamquam
775 959 1033 1044 redintegrandos
1049 962 1226 1044 sumpserit,
1251 956 1282 1026 oi
1306 1012 1313 1027 .
1339 1013 1346 1028 .
1372 1013 1380 1028 .

157 1059 333 1147 μελοποιοί
349 1058 572 1150 πολυμέτρους
586 1051 647 1141 τάς
659 1053 804 1148 στροφὰς
816 1055 1034 1148 ἐργαζόμενοι,
1046 1059 1100 1127 καί
1112 1065 1178 1128 τῶν
1189 1059 1301 1130 κοίλων
1311 1058 1382 1130 ἐκοί-

160 1189 237 1232 στου
260 1161 362 1230 πάλιν
383 1157 506 1229 ἀνίσων
528 1155 629 1231 ἷίντων
650 1162 705 1230 καὶ
728 1156 890 1248 ἀνομοίων
904 1157 1065 1252 ἀλλήλοις,
1089 1157 1262 1249 ἀνομοίοις
1276 1190 1312 1232 τε
1327 1166 1381 1234 καί

159 1263 292 1349 ἀνίσους
324 1264 513 1352 νιοισίμενοι
540 1259 599 1347 τὰς
623 1264 815 1356 διαιρέσεις,
849 1259 893 1333 δι’
922 1260 1023 1356 ἀμφω
1048 1273 1151 1334 ταῦτα
1180 1261 1236 1336 onix
1267 1267 1383 1351 ἐῶντες

158 1369 243 1460 ἡμᾶς
280 1366 444 1457 ὁμοειδοῦς
477 1362 653 1460 ἀντίληψιν
683 1371 794 1456 λαβεῖν
827 1373 964 1460 ῥυθμοῦ,
999 1370 1149 1459 πολλὴν
1180 1370 1246 1459 τὴν
1282 1366 1382 1462 πρὸς

157 1474 247 1556 τοὺς
269 1471 408 1560 λόγους
431 1466 651 1562 ὁμοιότητα
672 1471 1042 1556 κατασκευάζουσιν
1063 1471 1101 1540 ἐν
1121 1478 1203 1555 τοῖς
1217 1473 1382 1559 μέλεσιν

158 1581 302 1664 (Dionys.
327 1598 428 1662 comp.
451 1580 534 1644 verb.
557 1597 584 1642 o.
607 1578 648 1641 26
675 1599 704 1662 p.
727 1579 790 1642 418
816 1577 911 1662 Seh.).
956 1577 1037 1644 Cum
1059 1598 1131 1644 vero
1159 1579 1198 1644 ad
1221 1599 1382 1647 summum

157 1683 304 1748 licentiae
326 1681 460 1764 gradum
482 1683 592 1766 poetae
614 1680 718 1746 melici
739 1681 771 1745 in
798 1681 874 1766 ipsis
897 1680 1103 1765 dithyrambis
1131 1683 1285 1766 progressi
1308 1685 1381 1763 siut,

156 1788 189 1850 iu
225 1785 339 1868 quibus
367 1803 406 1850 nc
434 1784 591 1869 strophiee
618 1783 744 1867 quidem
773 1783 873 1849 torma
899 1783 1133 1864 cohiberentur,
1166 1785 1316 1851 Horatius
1344 1787 1381 1853 de

158 1889 367 1973 dithyrambis
384 1887 437 1952 illo
451 1888 519 1952 loeo
534 1889 630 1952 verba
642 1886 759 1952 iaciens
771 1887 900 1952 minime
912 1887 1105 1969 ignorantiae
1116 1889 1164 1953 est
1177 1889 1380 1954 accusandus.

245 1992 364 2058 Cantus
395 1990 524 2056 accedat
551 1991 687 2075 oportet,
718 1991 755 2054 nt
782 1989 957 2055 carminum
983 1990 1153 2074 lyricorum
1180 1991 1226 2056 vis
1255 2011 1382 2076 perseu-

155 2096 309 2173 tiscatur,
343 2094 381 2159 cf.
404 2094 465 2161 Cio.
489 2092 575 2160 Orat.
600 2094 782 2158 183-184:
819 2093 871 2173 „iu
900 2093 1042 2159 versibus
1073 2113 1123 2159 res
1157 2096 1206 2160 cst
1238 2096 1380 2180 apertior,

154 2217 349 2282 quamquam
374 2197 485 2275 etiam,
515 2215 533 2261 a
562 2197 664 2262 modis
688 2196 875 2280 quibusdam
898 2199 993 2264 cantu
1015 2199 1150 2275 remoto,
1180 2198 1283 2262 solute
1310 2217 1378 2264 esso

153 2302 301 2368 rideatur
330 2301 428 2366 oratio
451 2301 649 2384 maximeque
671 2300 703 2366 id
725 2301 757 2364 in
780 2300 897 2384 optimo
925 2319 1048 2385 quoquc
1072 2320 1179 2366 eorum
1206 2303 1380 2384 poetarum,

154 2406 212 2488 qui
245 2398 369 2490 λυρικοί
396 2423 414 2469 a
442 2403 571 2470 Graecis
598 2404 813 2481 nominantur,
849 2423 925 2487 quos
954 2423 1026 2468 cum
1061 2405 1156 2468 cautu
1190 2406 1379 2489 spoliaveris,

153 2507 242 2573 nuda
270 2527 368 2592 paene
396 2509 539 2573 remanet
561 2507 673 2583 oratio;
711 2526 845 2591 quorum
869 2506 984 2571 similia
1006 2509 1081 2572 sunt
1108 2507 1263 2591 quaedam
1285 2509 1381 2576 etiam

153 2611 240 2696 apud
261 2612 395 2690 nostros,
418 2611 504 2676 velut
526 2610 581 2675 illa
603 2613 656 2693 (sc.
678 2610 773 2693 Enni)
800 2611 833 2674 in
855 2610 1007 2695 Thyeste:
1046 2609 1233 2690 ‘Quemnam
1256 2614 1287 2676 te
1311 2631 1379 2678 esse

151 2715 279 2794 dicam,
308 2715 361 2798 qui
383 2712 473 2779 tarda
495 2715 527 2778 in
551 2712 710 2780 senectal'
735 2714 767 2779 et
790 2732 869 2797 quae
893 2716 1081 2797 sequuntur;
1109 2733 1199 2798 quae,
1222 2716 1282 2780 nisi
1306 2735 1379 2780 oum

152 2819 272 2883 tibicen
295 2817 435 2896 accessit,
465 2818 612 2883 orationis
635 2818 710 2883 sunt
732 2816 853 2882 solutae
876 2817 1064 2882 simillima.“
1108 2817 1156 2882 Ab
1183 2817 1300 2902 ignaris
1323 2820 1380 2904 igi-

151 2925 210 2987 tur
232 2921 372 2986 musicae
396 2920 472 2986 artis
494 2923 603 3005 poetas
626 2921 694 2985 illos
712 2919 847 3004 quidem,
871 2920 944 3004 „qui
968 2919 1107 2986 earmina
1123 2920 1163 2985 ud
1178 2922 1280 3004 lyram
1297 2941 1380 2988 com-

150 3025 352 3110 posuerunt“,
374 3023 515 3107 intellegi
537 3043 628 3109 posse
651 3025 747 3108 negat
769 3021 980 3104 Quintilianus
1001 3019 1018 3086 Ι
1043 3024 1091 3101 10,
1116 3025 1167 3087 29.
1212 3025 1260 3092 Cf.
1284 3027 1378 3092 etiarn

149 3129 265 3193 Ioann.
290 3127 351 3192 Sic.
374 3127 567 3212 (Syrianam)
589 3126 621 3191 in
643 3127 791 3209 Hermog.
815 3126 876 3191 VII
900 3127 961 3190 904
984 3126 1053 3191 adn.
1076 3127 1117 3190 43
1140 3127 1194 3192 W:
1227 3123 1301 3193 ἐπεὶ
1324 3127 1378 3194 καὶ

148 3229 197 3296 τὰ
220 3225 387 3317 Πινδάρου
409 3226 572 3315 συντόμως
594 3222 819 3316 ἀναγινώσκων
841 3220 878 3296 οὗ
899 3232 1051 3294 τοσοῦτον
1073 3227 1221 3316 τέρψεις,
1244 3223 1323 3296 ὅσον
1346 3228 1379 3296 ἐν

148 3335 201 3420 τῷ
225 3328 403 3421 περιᾴδων.

241 3436 431 3502 Posteriores
459 3437 585 3520 quidem
612 3437 822 3518 grammatici,
856 3439 975 3521 quanta
1000 3436 1071 3500 luce
1098 3437 1281 3502 melicorum
1310 3457 1378 3502 car-

147 3541 276 3606 minum
310 3540 433 3604 numeri
467 3543 561 3604 cantu
595 3541 651 3604 aut
682 3541 762 3605 bene
799 3543 975 3624 temperata
1007 3540 1189 3605 recitatione
1226 3541 1377 3606 illustrari

147 3644 291 3729 possent,
314 3643 390 3708 adeo
412 3643 607 3725 ignorabant,
628 3645 665 3708 ut
678 3646 780 3709 metra
796 3643 971 3708 difficiliora
985 3641 1126 3725 rhythmi
1141 3643 1267 3709 nornine
1284 3645 1378 3727 digna

147 3765 222 3812 esse
250 3749 415 3812 censerent
436 3747 542 3831 itaque
569 3747 670 3812 celare
697 3765 788 3831 posse
811 3745 870 3810 sibi
892 3745 1084 3823 viderentur,
1121 3765 1217 3828 quam
1246 3747 1378 3814 obseura

147 3851 214 3917 sibi
235 3869 286 3916 res
308 3852 406 3916 esset:
438 3849 476 3914 cf.
498 3849 577 3914 Mar.
601 3849 717 3915 Victor.
740 3868 770 3932 p.
795 3849 844 3926 50,
868 3849 907 3912 27
928 3848 976 3912 K:
1006 3867 1152 3926 „carmen
1175 3851 1281 3913 autem
1304 3850 1377 3933 lyri-

146 3973 240 4032 cum,
273 3953 416 4037 quamvis
443 3955 544 4018 metro
573 3952 739 4031 subsistat,
774 3953 878 4036 potest
904 3953 1012 4016 tamen
1034 3951 1131 4015 videri
1159 3955 1246 4017 extra
1274 3952 1376 4035 legem

145 4058 245 4123 metri
277 4075 355 4134 esse,
389 4055 462 4139 quia
483 4056 581 4121 libero
603 4056 765 4122 scribentis
796 4054 923 4119 arbitrio
944 4073 1000 4139 per
1022 4055 1187 4139 rhythmos
1214 4055 1375 4137 erigitur“,

144 4160 213 4226 vid.
235 4180 265 4244 p.
288 4159 340 4236 44,
356 4161 376 4223 8
392 4178 437 4242 sq.
461 4161 493 4224 et
515 4160 566 4237 49,
591 4159 627 4222 11
646 4178 692 4243 sq.
713 4159 757 4234 K;
794 4157 880 4222 Mali.
903 4157 1018 4222 Theod.
1045 4178 1074 4242 p.
1098 4159 1169 4236 585,
1194 4158 1232 4221 17
1256 4157 1301 4222 K:
1331 4159 1376 4235 „si

147 4281 217 4348 qua
240 4263 346 4328 autem
370 4262 452 4347 apud
474 4263 583 4347 poetes
604 4263 716 4347 lyricos
735 4263 791 4326 aut
812 4263 947 4345 tragicos
970 4261 1126 4346 quispiam
1147 4261 1327 4344 reppererit,
1342 4262 1375 4325 in

146 4367 269 4450 quibus
302 4369 388 4431 certa
420 4367 537 4451 pedum
568 4367 778 4432 conlocatione
810 4365 956 4448 neglecta
986 4364 1053 4429 sola
1085 4367 1263 4447 temporum
1296 4365 1374 4430 ratio

145 4469 351 4536 considerata
367 4470 416 4546 sit,
437 4468 618 4534 meminerit
633 4487 679 4546 ea,
703 4469 784 4533 sieut
799 4467 882 4551 apud
905 4466 1100 4532 doctissimos
1123 4486 1262 4550 quosque
1280 4468 1375 4552 scrip-

144 4577 222 4639 tum
245 4573 432 4651 invenimus
456 4591 519 4637 non
541 4573 643 4637 metra
665 4571 720 4636 sed
742 4572 907 4655 rhythmos
931 4571 1081 4655 appellari
1103 4571 1271 4656 oportere.“

659 4743 869 4760 ιι-ο--η--ῃ
