3480 5230
978 423 997 496 2

883 510 1092 526 h—..--

377 646 519 718 animum
544 645 714 717 intendere
736 647 779 716 ad
794 649 960 716 rhetorica
981 651 1093 716 studia
1115 671 1226 715 earum
1243 645 1511 735 philosophorum
1529 613 1595 716 sec

378 765 495 837 tarum,
519 775 603 839 quae
626 761 702 839 post
724 753 915 820 Aristotelis
938 758 1081 818 aetatem
1103 753 1295 822 floruerunt.

464 879 572 959 Atque
600 873 714 957 qualia
740 873 864 939 luerint
890 873 1093 956 singularum
1121 879 1286 940 sectarum
1313 873 1346 938 in
1375 873 1594 958 eloquentiam

377 979 495 1045 merita
524 978 589 1042 iam
623 976 844 1056 Quintilianus
877 975 1021 1042 breviter
1053 977 1250 1061 significarit
1284 976 1375 1060 (inst
1402 998 1450 1041 or.
1480 976 1542 1041 XII
1568 984 1596 1056 2,

377 1090 419 1150 24
441 1086 519 1164 sq.):
548 1081 650 1162 „Nam
684 1080 718 1144 in
751 1080 866 1164 primis
899 1099 960 1144 nos
989 1079 1185 1163 Epicurus
1222 1101 1243 1144 a
1275 1101 1310 1144 se
1341 1081 1412 1163 ipse
1450 1079 1596 1155 dimittit

378 1185 434 1269 qui
468 1184 581 1267 fugere
614 1202 740 1247 omnem
773 1181 980 1266 disciplinam
1012 1183 1221 1266 navigatione
1255 1202 1353 1267 quam
1393 1182 1597 1248 velocissima

377 1287 477 1354 iubet.
523 1287 637 1371 Neque
660 1307 735 1351 vero
759 1285 990 1369 Aristippus
1012 1307 1173 1350 summum
1196 1287 1230 1350 in
1257 1285 1426 1369 voluptate
1449 1284 1596 1370 corporis

377 1390 498 1455 bonum
526 1411 650 1474 ponens
683 1390 724 1455 ad
753 1389 840 1452 hune
868 1409 927 1453 nos
949 1388 1095 1454 laborem
1119 1389 1282 1458 hortatur.
1326 1389 1502 1472 Pyrrlron
1527 1389 1596 1472 qni-

378 1493 468 1573 dem,
491 1515 574 1576 quas
597 1494 630 1558 in
654 1493 715 1558 hoc
749 1513 849 1574 opere
880 1491 1001 1557 habere
1033 1500 1144 1577 partes
1176 1494 1308 1576 potest?
1354 1491 1595 1555 Academiam

378 1597 511 1680 quidam
553 1595 760 1662 utilissimam
803 1593 953 1673 credunt,
996 1596 1085 1680 quod
1121 1616 1191 1661 mos
1234 1597 1268 1659 in
1305 1601 1480 1677 utramque
1525 1614 1597 1678 par-

378 1709 444 1763 tem
464 1698 647 1764 disserendi
678 1697 721 1762 ad
752 1698 1018 1763 exercitationem
1040 1697 1216 1764 forensium
1244 1718 1420 1762 causarum
1450 1699 1596 1781 proxime

380 1801 528 1870 accedat.
588 1801 851 1886 Peripatetici
889 1801 999 1868 studio
1033 1823 1164 1886 quoque
1198 1821 1233 1866 se
1268 1800 1411 1884 quodam
1450 1801 1594 1866 oratorio

378 1905 511 1970 iactant.
557 1905 639 1969 Nam
663 1904 772 1969 theses
795 1902 905 1970 dicere
928 1905 1173 1972 exercitationis
1196 1905 1304 1989 gratia
1326 1902 1396 1969 fere
1419 1909 1470 1968 est
1492 1903 1535 1968 ab
1558 1903 1596 1967 iis

377 2009 576 2075 institutum.
626 2006 766 2089 Stoici,
785 2007 882 2098 sicut
910 2010 1037 2092 copiam
1066 2010 1273 2092 nitoremque
1296 2007 1507 2091 eloquentiae
1530 2004 1596 2070 fere

377 2109 648 2194 praeceptoribus
675 2113 743 2175 suis
779 2109 928 2189 defuisse¹
950 2112 1132 2178 concedant
1157 2132 1290 2178 necesse
1319 2117 1385 2192 est,
1415 2111 1463 2173 ita
1490 2108 1596 2174 nullos

378 2222 437 2279 aut
459 2215 600 2298 probare
628 2215 737 2279 acrius
765 2221 824 2280 aut
846 2215 1041 2281 concludere
1070 2216 1225 2281 subtilius
1249 2212 1482 2278 contendunt.“
1527 2212 1596 2277 Non

378 2339 514 2401 magnae
547 2317 648 2401 igitur
681 2317 818 2383 utilitati
846 2340 919 2384 esse
947 2318 1133 2385 oratoribus
1164 2317 1293 2382 illorum
1327 2315 1594 2401 philosophorum

379 2413 560 2486 doctrinam
585 2420 806 2499 Quintilianus
828 2421 936 2487 docet.
986 2421 1099 2506 Neque
1128 2420 1227 2485 aliter
1254 2420 1382 2484 iudicet
1410 2417 1596 2484 Fridericus

377 2523 518 2607 Blass‚¹)
542 2523 597 2608 qni
620 2523 670 2588 vel
693 2544 731 2589 eo
753 2525 913 2608 procedit,
930 2531 974 2603 ,ut
996 2524 1176 2591 contendat
1198 2523 1273 2588 illos
1294 2522 1510 2607 philosophos
1534 2543 1595 2587 non

378 2627 476 2692 modo
504 2626 548 2691 ad
570 2626 790 2711 eloquentiam
813 2627 1041 2710 adiuvandam,
1064 2627 1121 2692 sed
1145 2648 1185 2692 ne
1208 2626 1251 2692 ad
1274 2625 1515 2710 technologiarn
1533 2625 1598 2710 qui-

380 2729 453 2796 dem
477 2730 675 2796 rhetoricam
698 2730 912 2797 excolendam
935 2731 1111 2815 quicquam
1134 2729 1319 2796 contulisse.

471 2851 565 2930 Quod
593 2872 691 2935 quarn
719 2871 794 2916 vere
822 2851 947 2917 dictum
974 2851 1018 2917 sit
1046 2850 1223 2917 videamus.
1278 2854 1386 2934 Atque
1414 2849 1599 2933 Epicurum,
1699 2897 1700 2900 η

379 2956 435 3038 qui
471 2975 583 3020 omnes
618 2955 809 3039 disciplinas
840 2955 955 3038 lugere
994 2953 1116 3035 iubeat,
1127 2960 1152 3042 ²)
1192 2953 1252 3020 elsi
1288 2951 1402 3040 τέχνην
1435 2947 1600 3042 ῥητορικήν

379 3059 614 3142 conscripsisse
637 3059 789 3140 traditur,
799 3061 825 3142 ³)
853 3066 961 3123 tamen
984 3057 1077 3123 nulla
1099 3058 1229 3123 dedisse
1257 3057 1388 3123 dicendi
1416 3062 1599 3141 praecepta,

379 3161 436 3226 sed
459 3162 569 3244 potius
592 3161 798 3246 vituperasse
816 3159 1013 3226 rhetoricam
1035 3166 1140 3226 artem
1161 3168 1261 3246 atque
1283 3179 1457 3226 accusasse
1478 3158 1531 3222 rel
1545 3175 1600 3242 per

381 3285 414 3328 se
450 3270 500 3329 est
533 3273 800 3333 consentaneum.
863 3265 1002 3329 Omnino
1036 3264 1123 3329 enim
1155 3285 1220 3330 non
1248 3263 1388 3344 curabat
1412 3261 1599 3346 Gargettius

379 3366 435 3432 ille
458 3367 578 3433 factam
601 3367 744 3451 quodam
768 3367 864 3434 modo
887 3375 945 3432 aut
967 3363 1109 3451 politam
1126 3368 1355 3452 orationem,‘)
1378 3386 1485 3450 neque
1507 3361 1595 3430 aliud

380 3471 556 3554 quicquam
568 3471 603 3535 in
617 3471 758 3536 dicendo
773 3472 988 3555 spectandum
1004 3493 1075 3538 esse
1091 3472 1231 3538 docebat
1242 3470 1306 3535 nisi
1320 3469 1596 3554 perspicuitatem,

379 3573 412 3637 id
437 3580 486 3638 est
510 3573 698 3662 σαφήνειαν.
707 3578 734 3658 ⁵)
769 3575 890 3640 Tamen
915 3574 1075 3659 gloriatur
1097 3597 1132 3641 se
1155 3575 1260 3640 solum
1275 3573 1439 3640 invenisse
1455 3571 1595 3636 civilium

380 3676 566 3741 orationum
588 3684 708 3754 artem;
732 3685 911 3742 naturam
935 3700 1006 3745 esse
1031 3700 1127 3744 unam
1150 3679 1295 3744 omnium
1318 3678 1475 3761 optimam
1499 3686 1595 3759 atquc

381 3778 483 3845 solam
499 3778 630 3844 dicendi
645 3780 844 3864 magistram.
855 3787 881 3864 6)
919 3785 1028 3867 Atque
1043 3804 1154 3848 omnes
1170 3782 1352 3867 Epicureos
1373 3779 1460 3845 utin
1482 3777 1595 3844 ceteris

378 3884 428 3947 ita
449 3884 484 3948 in
506 3883 567 3949 hac
589 3904 625 3949 re
647 3883 798 3968 magistri
819 3885 1050 3952 auctoritatem
1070 3891 1259 3954 constanter
1280 3907 1351 3952 esse
1374 3889 1505 3951 secutos
1526 3900 1595 3947 curn

380 4053 590 4064 ——u—-n-

451 4161 471 4230 ¹)
491 4159 542 4216 Die
569 4160 735 4230 griechische
763 4161 973 4219 Beredsamlreit
1000 4163 1026 4218 in
1054 4164 1114 4220 dem
1132 4164 1273 4220 Zeitrsnrn
1301 4180 1352 4220 ron
1377 4161 1532 4217 Alexander
1558 4159 1595 4216 bis

381 4247 670 4402 Augqqtqs,i3erplini
688 4249 755 4388 ltttltp
769 4265 801 4388 p7
815 4251 906 4388 8185sq.

515 4350 531 4388 u
576 4375 581 4387 .
612 4349 692 4389 ,ce
802 4373 809 4401 ‚
864 4377 869 4388 .

451 4423 474 4486 ¹)
492 4419 571 4488 Diog.
590 4421 620 4474 L.
641 4421 667 4475 X
686 4423 731 4490 133
751 4420 864 4476 Planud.
884 4422 908 4477 V
926 4440 952 4493 p.
972 4425 1024 4479 440
1044 4423 1129 4480 Walz.

454 4509 477 4574 ⁴)
495 4505 575 4561 Dion.
594 4505 658 4560 Hal.
682 4506 715 4561 de
735 4521 822 4575 comp.
843 4511 916 4564 verb.
935 4527 957 4565 c.
975 4513 1010 4565 24
1027 4527 1053 4580 p.
1071 4513 1124 4566 376
1142 4511 1248 4567 Schnel.

449 4594 472 4659 ὓ)
488 4591 568 4659 Diog.
588 4591 618 4646 L.
638 4593 664 4647 X
684 4594 729 4658 183
748 4595 835 4648 anm,
854 4597 939 4652 Marc.
958 4597 1035 4652 XXX
1054 4601 1079 4668 4,
1097 4601 1121 4654 3.

447 4681 471 4754 ‘l
490 4677 602 4734 Planud.
621 4679 643 4737 V
661 4695 687 4752 p.
707 4679 759 4736 440
777 4683 819 4738 W.
