3634 5240
724 406 766 470 29

137 631 242 713 σχῆμα
275 628 333 710 (ita
353 628 424 711 lego
447 647 520 692 cum
552 628 683 692 editione
705 629 831 706 Aldina,
864 647 927 692 non
949 620 1078 714 χρῶμα)
1110 628 1264 712 μενοινῶν
1297 623 1351 690 καὶ

134 728 229 813 μέλος
251 721 441 812 ἀποδοῦναι,
470 729 524 795 καὶ
546 726 643 812 μέλος
665 727 847 818 ἐλευθέρων
874 719 914 794 αὖ
935 727 990 795 καὶ
1012 725 1162 814 σχήματα
1185 727 1354 808 ξονθεῖσαι

136 825 280 916 ῥυθμοὺς
303 831 427 900 δούλων
448 833 502 898 καὶ
525 825 740 917 ἀνελευθέρων
762 828 1033 920 προσαρμόττειν,
1056 823 1124 898 οὐδ’
1148 819 1187 896 αὖ
1209 822 1355 916 ροθμοὶς

135 935 190 1000 καὶ
214 938 321 1022 σχῆμα
343 933 531 1023 ἐλευθέριον
551 929 730 1001 ὑποθεῖσαι
745 934 842 1019 μέλος
863 928 884 1025 ἢ
906 933 1000 1021 λόγον
1015 930 1159 1000 ἐναντίον
1175 925 1355 1000 ἀποδοῦναι

134 1041 203 1116 τοῖς
225 1042 374 1124 ῥυθμοῖς.
384 1041 406 1120 ¹)

219 1141 329 1224 ltaque
352 1162 391 1206 ne
414 1143 521 1226 optimi
545 1142 670 1224 quidem
687 1142 826 1225 rhythmi
847 1142 1071 1218 laudabuntur,
1093 1141 1155 1206 nisi
1169 1140 1355 1206 convenient

135 1245 238 1308 verbis
260 1247 292 1309 et
313 1247 406 1310 sonis.
444 1245 530 1309 Haeo
553 1247 602 1308 est
616 1245 671 1308 illa
693 1235 864 1332 ὀρθότης
886 1246 925 1309 ab
949 1245 1058 1310 eodem
1074 1244 1205 1308 Platone
1221 1261 1355 1306 comme-

135 1350 256 1412 morate
277 1349 352 1430 Leg.
369 1347 403 1411 H
425 1348 486 1410 670
509 1347 551 1410 B:
585 1340 732 1434 τῶνγὰρ
756 1351 891 1434 ῥυθμῶν
910 1345 965 1411 καὶ
987 1349 1051 1412 τῶν
1074 1339 1234 1432 ἁρμονιῶν
1256 1337 1355 1429 ἀναγ-

134 1453 227 1515 καῖον
241 1442 351 1528 αι’τοῖς
366 1451 421 1532 (sc.
437 1449 616 1514 hominibus
633 1450 920 1533 quinquagenariis)
944 1447 1031 1514 ἐστιν
1051 1441 1257 1534 εὐαισθήτως
1272 1441 1355 1528 ἔχειν

134 1550 189 1616 καί
211 1547 410 1639 γιγνώσκειν·
444 1544 464 1638 ’ἦ
486 1554 558 1629 πῶς
578 1574 630 1628 τις
650 1543 709 1638 τὴν
733 1542 898 1638 ὀρθότητα
920 1549 1075 1638 γνώσεται
1095 1554 1160 1618 τῶν
1180 1549 1299 1634 μελῶν,
1328 1533 1354 1635 ᾦ

136 1657 297 1743 προσῆκεν
318 1647 339 1742 ἢ
357 1647 402 1740 μὴ
423 1657 583 1742 προσῆκεν
604 1659 661 1720 τοῦ
683 1653 829 1740 Δωριστὶ
852 1653 906 1720 καὶ
927 1659 985 1720 τοῦ
1003 1658 1141 1742 ῥυθμοῦ,
1163 1643 1199 1720 ὃν
1221 1647 1239 1718 ὁ
1261 1675 1355 1738 ποιη-

133 1751 194 1844 τὴς
224 1753 311 1846 αι’τῴ
344 1761 517 1845 προσῆψεν
549 1749 659 1844 ὀρθῶς
692 1749 712 1844 ἢ
741 1753 805 1844 μής
841 1758 880 1824 of.
912 1759 963 1823 Pa.
978 1795 992 1806 -
1008 1758 1090 1822 Plut.
1120 1758 1159 1822 de
1186 1777 1267 1823 mus.
1296 1758 1354 1831 33;

133 1861 215 1926 rua
238 1862 312 1945 neg.
333 1861 383 1925 111
406 1861 466 1925 roo
493 1861 604 1943 our)

224 1963 390 2044 Quaeritur
423 1967 543 2042 antem,
574 1984 652 2029 num
674 1964 729 2028 illa
750 1953 891 2050 ὀρθότης
911 1963 957 2029 ita
979 1964 1020 2028 sit
1041 1963 1288 2048 interpretenda,
1321 1964 1358 2026 ut

135 2086 210 2130 snos
233 2069 345 2150 cuique
367 2069 547 2132 harmoniae
570 2068 735 2150 rhythmos
758 2067 848 2132 unice
872 2067 1053 2132 convenisse
1076 2069 1264 2130 statuamus.

221 2172 326 2252 Atque
353 2170 379 2234 Ι.
401 2171 441 2234 H.
464 2171 505 2235 H.
528 2170 672 2235 Schmidt
695 2169 832 2252 quidam,
867 2169 1071 2234 similitudine
1094 2169 1240 2252 quadam,
1275 2186 1355 2250 qnae

134 2273 218 2336 inter
239 2274 458 2356 rhythmorum
481 2276 513 2338 et
535 2274 768 2337 harmoniarum
792 2273 930 2356 epitheta
951 2273 1130 2349 intercedit,
1154 2272 1301 2355 deceptus
1323 2269 1356 2334 in

134 2374 264 2438 Pindari
287 2378 479 2442 carminibus
506 2396 543 2440 ex
565 2377 641 2459 ipsis
664 2376 802 2440 numeris
830 2375 1020 2440 conservatis
1049 2375 1228 2440 harmonias
1251 2374 1358 2456 deper-

136 2478 220 2541 ditas
242 2480 421 2561 recognosci
436 2498 527 2563 posse
544 2481 713 2545 arbitratur
735 2478 957 2562 (‘Griechische
970 2477 1092 2542 Metrik'
1108 2499 1138 2561 p.
1156 2477 1245 2559 576);
1269 2475 1356 2553 „Wir

135 2581 208 2645 sind
224 2580 318 2646 dehin
341 2582 477 2665 gelangt,
500 2601 539 2646 zu
554 2583 723 2660 ettennon,
746 2581 818 2646 dass
833 2582 1011 2659 Telmeso,
1033 2581 1150 2646 Tonart
1171 2579 1236 2644 und
1249 2578 1358 2643 Inhalt

209 2858 232 2924 ¹)
251 2856 412 2924 Corruptela
431 2857 458 2910 in
476 2856 526 2911 hoc
544 2857 602 2912 loco
625 2857 712 2912 latere
731 2855 795 2911 mihi
812 2857 928 2912 ridetur.
964 2853 1036 2910 Nam
1052 2851 1171 2906 codicum
1190 2851 1278 2906 rerhia
1296 2865 1360 2904 con-

136 2943 254 2996 servetis
274 2942 407 3010 triplicem
427 2957 544 2997 errorem
557 2944 737 3012 vitiorumque
750 2958 858 2998 cansam
874 2942 952 2996 Plato
969 2940 1114 2999 monstrat,
1132 2938 1155 2990 ei
1174 2951 1269 3006 parurn
1287 2936 1358 2990 inter

136 3043 167 3082 ee
185 3029 330 3083 concinunt

453 3120 501 3170 aut
518 3114 626 3188 ῥήματα
826 3117 856 3170 et
873 3115 974 3182 σχῆμα,
991 3108 1070 3180 μέλοε

453 3206 502 3256 aut
517 3198 604 3271 μέλος,
623 3201 752 3269 σχήματα
824 3203 853 3254 et
870 3199 977 3271 ῥυθμοί

453 3292 501 3342 aut
519 3287 630 3358 ῥυθμοί,
649 3288 742 3356 σχῆμα
826 3290 854 3340 et
870 3281 960 3352 μέλος,
977 3281 1063 3356 λόγος.

138 3373 234 3426 Altero
257 3377 348 3427 autem
371 3373 429 3428 loeo
452 3389 502 3443 pro
527 3374 656 3442 σχήματα
679 3371 849 3426 scribendum
874 3384 934 3424 esse
952 3368 1061 3441 ῥήματα
1088 3366 1151 3421 mihi
1169 3366 1292 3436 persuasi
1311 3366 1359 3420 do-

138 3460 208 3512 ahus
233 3459 266 3513 de
289 3459 390 3514 canals:
421 3459 490 3528 quod
517 3461 673 3527 discrepare
702 3473 754 3512 non
778 3461 890 3526 possunt
913 3455 1019 3528 ῥυθμοί
1039 3470 1098 3509 cum
1125 3452 1248 3522 σχήμασι
1277 3457 1359 3520 (qnae

138 3547 223 3614 paulo
248 3551 312 3616 post
331 3550 469 3612 tamqnam
491 3560 640 3616 synonyma
656 3542 733 3611 μέλοι
750 3548 779 3598 et
796 3541 870 3614 λόγῳ
888 3542 1080 3611 opponuntur),
1097 3545 1127 3594 et
1150 3538 1219 3606 quod
1238 3537 1359 3592 codicum

137 3631 271 3684 memoria
297 3637 406 3685 serrata
429 3628 531 3700 (μέλος,
550 3628 679 3698 οχὴμοτοι
691 3658 725 3669 -
737 3628 852 3702 ῥυθμοί)
870 3626 1161 3693 6οςίι1εναα1ιιε,οααο,
1186 3630 1281 3693 utpote
1298 3639 1360 3691 gra-

138 3715 258 3782 vlsslme,
276 3715 366 3770 omitti
384 3721 527 3784 nequeunt,
545 3717 635 3771 rerba

209 3803 231 3868 ¹)
246 3801 389 3871 Dionysius
399 3800 485 3856 Helio.
500 3817 603 3870 quoqne
617 3801 656 3856 eis
668 3803 757 3866 rehne,
768 3817 801 3857 ex
811 3799 907 3869 quihus
919 3796 1080 3854 elocutionis
1089 3799 1216 3852 venustae
1229 3794 1359 3860 nascitur,

138 3888 250 3942 adicere
272 3887 341 3942 solet
364 3887 397 3939 τὸ
425 3887 489 3956 πρέ
497 3905 574 3946 πονε
601 3903 686 3956 comp.
706 3887 781 3942 verb.
799 3903 822 3941 c.
844 3889 874 3941 ll
892 3903 918 3956 p.
937 3887 988 3939 116
1006 3882 1081 3938 Sch.:
1110 3881 1139 3942 ἐξ
1162 3869 1202 3932 ὧν
1220 3876 1249 3932 dl
1268 3878 1361 3946 οἴομαι

136 3972 311 4044 γενήσεσθαι
331 3969 408 4034 λέξιν
428 3971 525 4042 ἡδεῖαν
542 3977 588 4024 καὶ
610 3970 703 4041 καλήν,
729 3971 851 4045 τέτταρά
874 3978 933 4024 ἐστι
958 3969 994 4022 τὰ
1018 3967 1175 4038 κυριώτατα
1201 3967 1289 4017 ταῦτα
1314 3968 1360 4016 καὶ

138 4058 289 4132 κράτιστα·
315 4057 397 4126 μέλος
421 4065 468 4112 καὶ
486 4058 591 4134 ῥυθμὸς
610 4063 656 4112 καὶ
672 4057 812 4126 μεταβολὴ
834 4063 881 4110 καὶ
901 4057 935 4110 τὸ
958 4051 1193 4128 παρακολουθοῦν
1212 4056 1269 4106 τοῖς
1285 4053 1361 4120 τρισὶ

137 4144 248 4200 aaaron
266 4143 378 4218 πρέπον
394 4183 419 4197 ..
433 4147 552 4215 .(p.120
570 4145 642 4210 Son.)
660 4147 728 4215 ἔφην
746 4141 776 4197 δὲ
792 4142 844 4212 τὴν
860 4142 948 4209 ἀκοὴν
962 4139 1084 4211 ἥδεσθαι
1101 4137 1221 4211 πρώτοις
1236 4139 1288 4204 μὲν
1304 4140 1362 4192 τοῖς

136 4228 260 4300 μέλεσιν,
278 4233 374 4284 ἔπειτα
391 4236 449 4289 τοῖς
466 4234 591 4306 ῥυθμοῖς,
609 4237 706 4304 τριτον
717 4235 777 4286 ταῖς
793 4226 965 4298 μεταβολαῖς,
984 4231 1030 4280 ἐπὶ
1046 4223 1075 4279 δὲ
1093 4224 1201 4278 τούτοις
1213 4220 1303 4276 ἅπασι
1320 4223 1361 4289 τῷ

137 4317 293 4388 πρέποντα
321 4315 355 4372 de
372 4317 456 4390 Lysia
482 4320 536 4376 iud.
555 4336 577 4375 α
596 4321 613 4373 9
630 4334 656 4388 p.
674 4319 734 4387 469,
751 4320 768 4373 'l
785 4317 821 4372 R:
852 4315 885 4370 τὸ
904 4313 1017 4388 πρέπον
1034 4351 1041 4366 .
1058 4351 1065 4364 .
1084 4350 1090 4364 .
1109 4315 1258 4384 κρατίστην
1285 4307 1359 4362 ἀπα·

138 4404 201 4457 τῶν
218 4400 320 4474 ἀρετὴν
337 4408 384 4456 καὶ
401 4402 588 4474 retractatam
607 4405 685 4476 epist.
705 4403 740 4460 ad
759 4403 853 4471 Pomp.
871 4401 906 4456 cle
923 4399 1040 4469 praecip.
1064 4397 1158 4454 histor.
1177 4413 1201 4452 c.
1219 4397 1237 4448 3
1255 4412 1282 4463 p.
1300 4395 1362 4464 776,

138 4491 174 4545 16
185 4491 222 4545 u:
240 4487 350 4560 ἀρετῶν
366 4491 383 4560 ἡ
401 4491 557 4562 κοριαντοὶτη
574 4493 607 4547 τὸ
625 4489 749 4566 πρέπονς
770 4490 803 4546 de
821 4487 960 4544 Demoslh.
978 4484 1043 4540 dict.
1062 4500 1084 4539 c.
1103 4484 1137 4540 48
1154 4499 1181 4552 p.
1200 4483 1277 4550 1104,
1294 4481 1361 4536 2112

137 4575 172 4632 τό
196 4597 227 4632 τε
250 4573 283 4646 δὴ
304 4577 429 4652 πρέπον,
458 4578 595 4635 ἁπάντων
614 4575 735 4648 μάλιστα
755 4573 876 4650 μεγάλην
897 4571 1026 4650 παρέχον
1054 4570 1089 4630 εἰς
1113 4569 1247 4642 ιἰιοὶτερον
1269 4566 1363 4622 αὐτῶν

136 4665 213 4736 (scil.
229 4659 329 4734 μελῶν,
347 4665 472 4742 ῥυθμῶν,
485 4663 660 4740 μεταβολῶν)
678 4662 775 4743 ῥοπήν.
