3480 5230
431 641 584 729 Sequitur
606 649 643 709 ut
665 599 706 709 de
729 641 878 727 pertibus
901 643 1085 709 rhetoricae
1114 663 1196 727 quas
1222 649 1319 709 vocet
1342 641 1565 721 Quintilianus

346 746 456 826 (1113,
483 755 509 814 l.
535 753 587 830 14)
614 746 712 812 verba
742 745 871 811 faciam.
919 745 1071 829 Plerique
1094 745 1238 830 quinque
1262 731 1425 826 fecerunt,
1453 745 1565 810 inren·
1682 749 1683 776 ³

345 850 469 915 tionem
500 848 747 933 dispositionem
777 847 997 914 elocutionem
1031 849 1220 913 memoriam
1253 849 1564 932 pronuntiationem.
1682 917 1683 920 Ἴ

346 951 435 1031 Quas
463 958 590 1036 partes,
620 971 817 1036 quamquam
844 951 916 1035 ipse
944 955 1094 1035 „partes“
1123 959 1187 1014 non
1210 949 1373 1035 appellat,
1403 951 1461 1016 sed
1487 951 1567 1016 dicit

346 1056 400 1136 „in
423 1062 553 1122 oratore
573 1076 646 1121 esse
668 1059 799 1139 oportet
820 1053 1039 1120 inventionem
1062 1059 1162 1138 eqs.“,
1185 1053 1251 1118 iam
1274 1052 1467 1118 Cornificius
1485 1053 1514 1136 (I
1536 1055 1564 1139 2)

344 1158 455 1224 tradit.
501 1157 579 1237 Quis
603 1157 690 1242 apud
713 1155 856 1222 Graecos
879 1162 955 1221 ante
979 1177 1054 1221 eum
1073 1155 1148 1221 illas
1172 1157 1219 1222 sic
1235 1157 1390 1222 statuerit
1412 1179 1486 1221 oum
1512 1178 1565 1222 ne-

347 1262 498 1342 sciamus,
520 1260 617 1326 huius
638 1260 806 1326 doctrinae
821 1259 994 1324 historiam
1009 1257 1199 1326 brevissime
1221 1279 1413 1343 percurrere
1436 1259 1566 1342 iuvat.¹)

430 1369 537 1449 Atque
574 1363 669 1428 initio
702 1361 833 1447 quidem
866 1361 948 1427 artis
980 1361 1163 1427 rhetoricae
1192 1363 1337 1446 quinque
1375 1362 1452 1428 illas
1491 1384 1564 1448 par·

348 1473 398 1532 tes
421 1465 565 1533 nondum
588 1485 659 1531 esse
681 1464 878 1530 constitutas
898 1484 957 1547 per
974 1485 1009 1529 se
1030 1468 1081 1530 est
1101 1471 1366 1531 consentaneum.
1391 1465 1471 1530 Cum
1490 1486 1564 1530 vero
1673 1512 1678 1521 .

346 1570 450 1637 oratio
474 1575 602 1636 constet
624 1588 642 1633 e
665 1567 761 1634 rebus
784 1572 818 1633 et
833 1566 951 1647 verbis,
973 1567 1147 1633 verisimile
1170 1573 1222 1632 est
1242 1567 1493 1651 antiquissimos
1516 1589 1565 1634 er·
1673 1644 1678 1653 Ι

346 1675 429 1739 tium
453 1671 630 1756 scriptores
645 1671 864 1736 inventionem
881 1691 967 1755 quae
990 1671 1100 1736 adres
1115 1669 1297 1754 pertineret
1313 1668 1509 1737 discrevisse
1524 1671 1564 1736 ab
1673 1674 1678 1683 '

345 1775 529 1842 elocutione
552 1795 636 1857 quae
659 1773 701 1839 ad
718 1773 816 1840 verba
837 1774 1024 1857 respiceret,
1041 1774 1102 1839 etsi
1119 1795 1195 1839 num
1210 1774 1308 1840 certis
1331 1775 1382 1839 usi
1405 1775 1474 1839 sint
1497 1795 1564 1839 ver-

347 1877 398 1944 bis
420 1899 460 1944 so
483 1875 694 1943 sollemnibus
717 1882 751 1942 et
773 1897 858 1960 quae
880 1875 939 1940 illa
962 1876 1084 1942 fuerint
1105 1877 1278 1943 nescimus.

432 1980 645 2066 Significatur
667 1984 777 2045 eutem
794 1977 852 2044 illa
873 1978 1010 2062 partitio
1032 1979 1097 2044 iam
1121 1979 1346 2064 aThucydide
1370 1979 1415 2063 (ll
1430 1984 1496 2065 60),
1512 1978 1565 2044 ubi
1675 2068 1678 2079 Ι

348 2083 488 2150 Pericles
504 2082 625 2148 dieitur
640 2073 766 2161 οὐδενὸς
788 2076 896 2168 ἥσσων
910 2077 1028 2168 γνῶναί
1042 2104 1077 2147 τε
1090 2073 1133 2147 τὰ
1154 2079 1272 2148 δέοντα
1293 2081 1349 2148 καὶ
1372 2076 1564 2172 ἑρμηνεῦσαι

344 2191 456 2266 ταῦτα,
480 2193 513 2251 et
529 2207 549 2250 a
567 2184 783 2270 Xenophonte
799 2184 947 2269 (Memor.
969 2184 1029 2265 12,
1047 2187 1113 2268 52)
1135 2177 1209 2266 τοὺς
1231 2180 1363 2266 εἰδότας
1384 2179 1426 2250 τὰ
1447 2182 1564 2251 δέοντα

345 2288 400 2354 καὶ
422 2283 613 2377 ἑρμηνεῦσαι
637 2285 843 2372 δυναμένους.
856 2291 879 2371 1)

432 2391 527 2456 Hanc
540 2390 782 2456 distinctionem
794 2390 972 2456 Isocratem
981 2391 1015 2455 in
1032 2396 1104 2455 arte
1123 2390 1288 2456 rhetorica
1301 2389 1480 2456 tradidisse
1492 2411 1563 2474 pro·

343 2493 453 2560 babile
469 2499 558 2577 est.⁸)
596 2493 645 2559 De
662 2492 829 2558 vocabulis
847 2491 1060 2558 sollemnibus
1077 2493 1157 2577 ipsis
1170 2493 1301 2577 quidem
1312 2491 1394 2557 nihil
1407 2493 1561 2558 novimus.

346 2595 492 2664 Eandem
515 2597 674 2662 rationem
692 2588 867 2680 Dionysius
879 2595 1177 2661 Halicarnasseusis
1196 2597 1352 2680 sequitur,
1370 2615 1444 2660 curn
1462 2593 1562 2662 τδνιον
1680 2637 1681 2640 =

346 2698 395 2765 vel
411 2705 600 2789 χαρακτῆρα
622 2695 849 2787 πραγματικόν
872 2703 905 2763 et
926 2695 1071 2765 λεκτικόν
1094 2699 1267 2766 discernet.
1301 2698 1439 2764 Prorsus
1456 2705 1560 2764 eutem
1680 2781 1681 2784 Ἴ

347 2802 541 2868 incredibile
557 2807 616 2884 est,
633 2802 721 2886 quod
737 2801 898 2886 Georgius
914 2800 1030 2868 Pletho
1042 2803 1101 2889 (Vl
1114 2825 1146 2887 p.
1162 2809 1223 2869 585
1242 2799 1302 2885 W.)
1324 2801 1364 2866 de
1380 2801 1562 2868 Theodecte
1680 2793 1681 2804 ’

345 2904 458 2986 tradit,
485 2927 582 2989 quem
609 2901 688 2970 dicit
715 2905 875 2971 iudicasse
902 2899 978 2992 ἔργα
1011 2904 1145 2994 ῥήτορος
1177 2897 1259 2971 εἶναι
1295 2899 1427 2992 εὕρεσιν,
1459 2901 1559 2987 τάξιν,

346 3004 543 3092 οἰκονομίαν,
564 3005 775 3096 μνημοσύνην,
799 3001 984 3097 ὑπόκρισιν,
1007 3003 1186 3097 ἑρμηνείαν.

433 3111 649 3176 Anaximenes
678 3110 808 3194 deinde,
842 3113 904 3177 etsi
932 3132 997 3177 non
1025 3117 1179 3178 accurate
1206 3117 1240 3177 et
1272 3110 1426 3176 distinete
1459 3129 1559 3194 neque

346 3213 445 3280 certis
461 3232 499 3279 ac
515 3212 728 3281 sollemnibus
744 3236 821 3281 usus
838 3215 1015 3297 vocubulis,
1038 3215 1108 3302 agit
1123 3215 1163 3280 de
1178 3214 1365 3280 inventione
1381 3212 1560 3279 elocutione

346 3471 419 3527 mins
437 3472 666 3538 hexametrorum,
685 3473 778 3541 qualis
795 3477 859 3529 sunt
876 3471 1022 3545 ἀκέφαλοι,
1042 3469 1229 3547 προκὲφαλοο,
1252 3465 1423 3542 apostolicos,
1440 3467 1560 3544 λαμπρός,

346 3562 479 3627 μείουροι,
496 3554 692 3627 μοκροσκελὴε,
711 3565 835 3630 appulus,
854 3557 1023 3630 δολιχοῦροι,
1041 3575 1112 3628 quae
1124 3558 1194 3628 apud
1208 3557 1353 3626 scriptores
1365 3557 1400 3614 de
1411 3573 1441 3614 re
1453 3558 1560 3614 metrice

346 3658 428 3712 saepe
446 3649 591 3699 occurrunt
608 3643 652 3712 (cl.
665 3659 689 3697 e.
703 3644 939 3712 pseudomenon
956 3647 985 3700 ln
1001 3645 1102 3700 Anecd.
1122 3644 1186 3701 Ver.
1205 3644 1257 3712 lp.
1271 3644 1328 3698 184,
1343 3645 1393 3698 186
1407 3646 1485 3714 ειμι),
1503 3659 1560 3712 quo·

346 3745 405 3784 runs
432 3730 562 3787 memoria
584 3729 639 3787 iarn
662 3731 697 3785 ab
720 3731 865 3786 Athenaeo
889 3730 968 3793 (XIV
986 3747 1013 3799 p.
1031 3731 1084 3785 682
1101 3729 1170 3800 Dll)
1188 3734 1296 3785 servata
1314 3735 1371 3798 est,
1396 3731 1434 3784 ad
1457 3729 1560 3786 Stoicae

347 3814 490 3870 doctrinae
506 3815 711 3872 similitudinem
730 3815 875 3872 iuteresse
892 3817 1048 3886 suspicatus
1066 3823 1109 3872 est
1127 3814 1328 3872 Studemundue
1346 3816 1374 3870 in
1392 3815 1499 3872 scholis.

417 3899 439 3972 ¹)
458 3899 628 3956 Conterenda
645 3907 689 3957 cst
704 3903 981 3972 accumtaSpeusselii
998 3901 1148 3971 disputatio
1166 3902 1194 3956 in
1212 3900 1281 3957 blus.
1300 3901 1386 3958 Rhen.
1408 3901 1460 3958 vol.
1471 3898 1559 3958 xvlh

346 4003 374 4056 p.
390 3989 441 4042 481
460 4003 517 4056 sqq.

416 4075 439 4143 Ι)
456 4074 490 4128 ct.
513 4073 633 4144 Thucpd.
647 4072 713 4130 v111
731 4075 779 4140 683
797 4073 899 4130 Caecll.
916 4089 961 4143 ep.
978 4073 1056 4129 Phot.
1069 4073 1197 4130 Biblioth.
1215 4089 1243 4142 p.
1261 4075 1313 4128 485
1329 4072 1452 4128 Belrlrer:
1471 4070 1500 4126 ot
1513 4070 1559 4145 γὰρ

347 4155 434 4212 πάλαι
445 4157 559 4230 ῥήτορες
572 4157 672 4214 ἱκανὸν
685 4160 791 4215 ἑαντοῖι
808 4159 935 4230 ἐνόμιζον
953 4161 1040 4230 εὑρεῖν
1051 4178 1082 4212 τε
1098 4159 1134 4212 τὰ
1152 4159 1334 4227 ἐνθυμήματα
1351 4163 1398 4212 καὶ
1414 4161 1449 4231 τῇ
1466 4158 1559 4230 φράσει

348 4246 482 4319 περιττῶε
500 4241 671 4318 ἀπαγγεῖλαι.

416 4334 437 4398 ⁸)
455 4331 488 4386 cf.
506 4348 545 4388 or.
563 4332 601 4388 lv
618 4334 648 4387 9:
667 4373 674 4387 .
694 4374 701 4386 .
720 4335 766 4384 καὶ
788 4332 825 4384 τοὶ
848 4334 1027 4404 προσήκοντα
1050 4337 1114 4404 περὶ
1131 4332 1247 4399 ἑκάστης
1266 4335 1312 4402 (ετ.
1328 4331 1464 4407 πράξεως)
1482 4331 1557 4386 ora-

346 4416 472 4487 μηθῆναι
489 4423 535 4474 καὶ
552 4423 611 4476 vois
627 4417 764 4490 ὀνόμασιν
782 4411 811 4472 εδ
829 4416 989 4476 διαθέσθαι
1005 4419 1064 4474 τῶν
1082 4412 1111 4474 εδ
1127 4419 1307 4494 φρονούντων
1329 4417 1401 4474 ἴδιόν
1419 4422 1504 4474 ἐστιν.
1529 4417 1557 4474 el.
