3514 5244
211 613 366 696 tissimus,
381 611 534 678 librorum
548 610 589 678 de
603 611 771 678 beneficiis
789 617 822 677 ct
840 611 882 679 dc
897 610 1066 678 clementia
1081 611 1170 676 locos
1186 609 1344 694 quosdam
1358 631 1441 676 com·

211 717 409 800 memorat⁶t

285 825 427 892 crebrius
438 825 537 891 etiam
548 824 689 892 saeculis
698 825 889 892 duodecimo
901 831 933 891 et
942 824 1037 890 tertio
1048 823 1173 891 decimo
1186 824 1331 892 Senecae
1341 825 1441 892 libros

210 933 394 1018 descriptos
405 939 437 998 et
447 932 611 999 lectitatos
623 952 696 1000 esse
707 939 907 1017 etexmagno
918 931 1013 998 huius
1023 931 1143 999 0010110
1153 931 1300 998 codicum
1310 952 1441 998 nurnero

212 1038 382 1125 appareti)
402 1047 435 1106 et
454 1059 494 1105 cx
513 1039 681 1124 frequenti,
706 1059 789 1124 quae
807 1039 845 1105 fit
862 1039 1015 1105 librorum
1034 1039 1104 1104 eius
1122 1039 1156 1104 in
1174 1038 1442 1105 bibliothecarum

212 1147 374 1230 catalogis
392 1147 450 1212 illo
463 1154 608 1232 tempore
624 1147 821 1232 compositis,
840 1146 1040 1226 mentiones)
1060 1146 1276 1233 nequepauci
1291 1147 1442 1214 01001001

214 1253 359 1320 Senecae
396 1253 485 1339 apud
521 1252 784 1338 abaelardum),
822 1253 974 1319 loannem
1009 1252 1334 1337 Saresberisnseml),
1366 1253 1443 1320 Vin-

212 1361 354 1426 centium
377 1360 702 1443 Bellovacenscm¹⁰)‚
726 1358 885 1426 Othonem
908 1359 1207 1444 Frisingensemfl),
1230 1359 1443 1446 Emoncm¹¹),

306 1536 329 1605 ι1
348 1540 475 1592 lietberti
482 1555 564 1607 opera
578 1541 617 1592 ed.
630 1539 721 1607 Mipne
732 1537 914 1608 (patrologiae
924 1541 990 1592 tom.
1002 1537 1136 1604 CXXXV)
1146 1555 1173 1607 p.
1184 1539 1236 1592 172
1246 1556 1295 1606 00,
1313 1539 1371 1604 181,
1382 1539 1442 1593 323.

306 1625 328 1694 ⁶)
347 1645 404 1681 000
420 1626 590 1682 bibliotheca
614 1627 739 1682 Parisina
757 1627 879 1682 nationis
898 1644 969 1694 quae
987 1625 1089 1681 dicitur
1108 1627 1228 1696 triginta
1251 1630 1280 1681 et
1307 1627 1380 1695 quod
1399 1645 1442 1683 ex·

211 1716 301 1770 currit
320 1716 424 1770 codices
443 1716 560 1770 Senecae
579 1715 636 1769 illis
654 1715 770 1770 saeculis
790 1715 904 1784 scriptos
923 1715 1016 1769 habet.

307 1802 329 1872 τ)
349 1805 381 1858 G.
401 1805 504 1858 Becker
523 1822 565 1858 no.
586 1805 628 1868 79,
649 1805 714 1868 284;
734 1805 776 1869 80,
797 1804 861 1866 2313
886 1803 928 1868 86,
952 1804 1013 1868 104ς
1045 1804 1197 1882 lot-ula
1226 1805 1286 1869 114,
1307 1805 1351 1869 72;
1385 1806 1442 1871 116,

215 1896 262 1958 37;
284 1895 343 1958 117,
364 1895 412 1957 22;
434 1895 492 1958 119,
514 1895 558 1957 12;
580 1895 625 1956 18;
654 1895 885 1958 127,163-156;
918 1895 976 1956 136,
996 1895 1061 1957 333;
1085 1894 1146 1947 337.
1193 1893 1256 1948 add.
1283 1894 1312 1948 1..
1342 1895 1445 1950 Delisle

215 1985 326 2037 Cabinet
344 1985 391 2036 des
409 1986 582 2050 manuscr-its,
601 1983 627 2036 II
646 2001 672 2052 p.
692 1983 745 2036 404
764 2001 804 2036 nr.
825 1983 885 2046 247,
905 2000 932 2052 p.
952 1983 1004 2035 495
1023 2001 1063 2036 nr.
1083 1983 1126 2046 30,
1146 2000 1172 2052 p.
1194 1983 1246 2036 502
1264 2002 1305 2038 01.
1324 1983 1385 2038 257.

308 2069 328 2140 ⁸)
348 2091 373 2126 v.
393 2075 506 2126 Herems
525 2073 603 2126 XVII
623 2071 714 2139 (1882)
734 2073 785 2126 376
805 2071 868 2126 adn.
889 2073 913 2126 2.

308 2159 329 2228 ο)
348 2179 373 2214 v.
393 2160 496 2216 ibidem
514 2179 540 2230 p.
561 2163 613 2215 375
634 2161 696 2215 adn.
716 2161 740 2215 3.

295 2247 330 2316 ¹⁰)
348 2250 469 2319 plurima
492 2250 522 2304 in
545 2250 604 2305 eius
628 2252 745 2318 speculis
768 2266 801 2303 ex
824 2249 950 2303 omnibus
979 2250 1096 2304 Senecae
1125 2249 1203 2303 libris
1222 2254 1352 2319 excerpta
1370 2254 1443 2316 sunt,

215 2339 263 2394 sed
281 2343 392 2408 praeter
408 2339 550 2394 naturales
568 2339 742 2408 quaestiones
758 2339 881 2393 nondum
900 2338 942 2392 ita
960 2342 992 2393 01
1010 2356 1061 2409 par
1079 2343 1121 2394 001
1144 2357 1161 2393 0
1179 2338 1245 2393 viris
1263 2339 1379 2394 eruditis
1398 2340 1444 2395 ad·

216 2428 316 2482 hibita.
344 2429 487 2498 catalogus
506 2428 640 2484 librorum
654 2429 868 2482 Annaeauorum
886 2427 932 2481 hic
950 2427 985 2482 ab
1004 2444 1035 2481 00
1054 2427 1217 2497 proponitur
1233 2431 1331 2496 specul.
1350 2431 1445 2486 litator.

216 2517 283 2572 VIII
304 2519 354 2572 102
374 2519 438 2582 (vol.
457 2519 496 2572 IV
516 2536 542 2588 p.
558 2519 609 2572 300
629 2518 671 2572 00.
690 2517 839 2572 Duacensis
858 2535 884 2570 0.
906 2517 996 2584 162411
1016 2519 1104 2572 Porro
1120 2519 1260 2582 67000100,
1279 2521 1446 2574 01100100-

216 2611 288 2662 niuis
307 2610 417 2677 1001101,
435 2626 507 2664 anno
526 2613 623 2662 anulis
641 2626 706 2662 susce
725 2609 827 2662 LXIV
846 2611 876 2660 in
899 2609 1004 2674 palutio
1027 2610 1152 2662 moritur.
1189 2610 1221 2661 de
1244 2611 1321 2661 cuiue
1345 2610 1446 2662 scilicet

216 2706 300 2753 morte
329 2700 439 2765 Seneca,
470 2701 632 2752 successoris
663 2701 721 2751 eins
746 2698 863 2752 Neronis
886 2705 1061 2765 praeceptor,
1089 2699 1209 2764 elepanti
1236 2706 1320 2752 metro
1347 2700 1447 2752 lusisse

217 2789 363 2855 reperitur.
397 2795 510 2855 praeter
533 2788 604 2840 bunc
622 2797 710 2840 uatem
739 2787 846 2852 tibrum,
874 2789 922 2854 qni
947 2788 1052 2839 dicitur
1078 2787 1158 2838 ludus
1182 2787 1295 2840 Seeteeae
1313 2789 1345 2840 de
1363 2797 1446 2841 morte

218 2879 340 2942 Claudii,
358 2879 470 2945 scripsit
494 2879 574 2930 etium
602 2879 672 2930 idem
696 2877 795 2930 Seneca
824 2877 907 2929 libros
935 2877 1050 2930 morales
1069 2877 1217 2942 perutiles:
1242 2878 1280 2930 nd
1298 2877 1446 2930 Eburcium

214 2967 355 3019 liberalem
375 2969 407 3019 de
424 2968 558 3032 benefieiis
575 2967 659 3020 libros
688 2967 752 3031 VII,
779 2967 816 3018 ad
846 2965 979 3019 Neronem
1005 2967 1037 3018 de
1064 2966 1203 3018 clnmntia
1230 2966 1313 3020 libros
1341 2967 1382 3033 11,
1409 2969 1447 3019 ud

218 3057 338 3108 Paulum
357 3072 418 3109 nero
436 3057 468 3110 de
486 3064 602 3124 quatuor·
621 3049 764 3108 virtutibus
784 3055 882 3108 tibrum
901 3072 992 3108 unum.
1035 3057 1148 3122 scripsit
1175 3071 1277 3123 quoque
1303 3057 1387 3109 libros
1414 3058 1447 3109 de

218 3145 337 3197 moribus
356 3151 379 3196 et
402 3146 502 3197 librum
520 3147 551 3196 de
570 3147 696 3197 renueritis
714 3145 902 3209 sortiettorum.
921 3145 1004 3196 libros
1022 3161 1125 3213 quoqne
1142 3146 1175 3197 de
1186 3146 1334 3197 immaturo
1353 3153 1446 3206 morte,

217 3235 249 3286 de
274 3237 365 3286 cuneis
388 3235 562 3286 naturalibus
580 3235 636 3286 sine
654 3234 854 3300 quaestionibus
873 3233 958 3287 libros
983 3233 1047 3296 VH,
1064 3234 1150 3286 libros
1161 3250 1262 3300 000010
1275 3235 1447 3288 declamatio·

218 3339 282 3374 num
308 3324 338 3387 V,
357 3325 388 3375 de
407 3325 546 3376 sententiis
565 3323 733 3376 diuersorum
752 3329 890 3375 matorum
909 3322 1009 3374 libram
1029 3323 1211 3389 0110000100
1231 3338 1332 3390 quoqne
1350 3325 1447 3389 000000,

217 3413 346 3479 epistolae
364 3419 452 3465 antem
471 3414 508 3465 nd
526 3413 641 3464 1001000
661 3413 776 3464 Bulbum
789 3413 930 3479 plurimus
953 3418 978 3462 et
1000 3412 1037 3464 ud
1059 3411 1176 3463 Paulum
1203 3413 1354 3478 apostolum
1382 3429 1447 3466 non·

218 3501 318 3554 nullus.
355 3501 595 3570 apocolocyntosin
614 3500 710 3571 igitur,
729 3517 814 3569 quam
832 3499 948 3554 Ioannes
962 3498 1173 3552 Saresberiensis
1191 3498 1228 3567 (v.
1243 3501 1357 3555 Hermes
1375 3500 1394 3553 l.
1413 3503 1447 3566 c.)

218 3607 274 3644 non
306 3594 428 3656 noverat,
458 3591 579 3645 habebat
611 3593 640 3644 et
667 3589 880 3644 declamationes
913 3588 972 3654 tilii,
1010 3605 1065 3642 non
1101 3588 1189 3657 patris
1226 3606 1282 3644 esse
1319 3590 1446 3658 putabat.

219 3679 351 3733 librorum
370 3679 403 3733 de
421 3680 572 3733 immatura
590 3682 679 3734 morte
697 3679 827 3732 notitiam
847 3695 902 3732 non
921 3677 1033 3731 aliunde
1052 3676 1105 3730 nisi
1125 3693 1158 3730 ex
1182 3677 1327 3732 Lactantio
1346 3678 1448 3747 petiuit

218 3769 256 3834 (v.
274 3767 371 3822 Hausii
390 3769 456 3823 0011.
475 3769 527 3822 vol.
548 3768 588 3823 Ill
606 3786 634 3837 p.
653 3769 705 3821 423
725 3766 837 3834 adnot).
862 3767 1043 3836 epistularum
1062 3765 1135 3833 quod
1153 3767 1261 3821 nullam
1280 3767 1446 3822 sententiam

219 3861 423 3922 commemorat,
434 3875 506 3926 quae
516 3861 578 3928 post
592 3857 692 3912 librum
707 3856 844 3911 decimum
853 3857 968 3911 tertium
983 3855 1094 3925 legitur,
1110 3857 1184 3926 prius
1198 3857 1448 3912 tantumvolumen

218 3947 378 4015 cognovisse
409 3947 526 4002 ridetur.
565 3949 685 4002 ceterum
714 3946 811 4000 Balbi
842 3947 1005 4016 cognomine
1032 3946 1133 4009 amico,
1169 3946 1205 4001 00
1236 3963 1318 4015 quem
1346 3946 1450 4000 Seneca

219 4035 353 4105 epistulas
376 4036 466 4098 00011,
490 4036 564 4090 male
587 4035 676 4089 indito
699 4035 854 4104 explicatur
875 4036 998 4100 fortasse,
1022 4054 1070 4090 cur
1097 4037 1212 4090 loannes
1239 4035 1449 4090 Saresberiensis

219 4129 358 4179 sententiis
376 4128 545 4180 diversorum
566 4126 788 4194 pbilosophorum
807 4125 865 4179 eine
884 4124 995 4180 nomine
1013 4125 1044 4179 10
1062 4125 1199 4180 codicibus
1219 4124 1330 4180 traditis
1348 4141 1448 4180 nomen

218 4213 366 4268 Caecilii
398 4215 496 4270 Balbi
527 4214 696 4283 imposuerit.
738 4215 847 4268 constat
884 4213 957 4268 enim
994 4214 1068 4268 huuc
1099 4214 1216 4268 Senecae
1249 4215 1368 4268 amicum
1400 4231 1449 4282 per

219 4302 342 4357 medium
370 4321 468 4357 aevum
492 4302 667 4357 notissimum
688 4301 771 4356 101000
790 4305 818 4356 01
841 4301 979 4358 liberrime
1002 4303 1133 4356 loannem
1152 4302 1181 4355 in
1204 4301 1281 4357 libris
1304 4302 1449 4371 anonymis

219 4391 406 4461 scriptoribus,
425 4391 473 4460 001
491 4409 635 4460 nunquam
653 4391 772 4456 1001001,
793 4390 946 4446 tribuendis
965 4407 1113 4460 eorumque
1132 4391 1288 4446 nominibus
1312 4391 1447 4461 fingendis

220 4481 263 4535 sel
283 4481 464 4536 immutandis
482 4485 623 4536 versatum
643 4497 707 4536 esse.

314 4569 348 4638 ¹¹)
368 4572 542 4626 Monumentc
563 4573 724 4624 (inmanius
743 4572 873 4624 historico
892 4570 986 4639 script.
1004 4569 1055 4624 XX
1076 4570 1126 4624 162
1146 4586 1186 4638 00.

314 4659 349 4726 ¹¹)
368 4659 435 4714 ibid.
454 4659 546 4714 XXIH
566 4659 745 4714 10901631.
