3634 5240
732 421 773 485 13

145 634 249 726 ὕψους
270 641 340 706 libri
363 641 466 726 capita
487 643 528 706 39
544 645 576 708 et
590 644 630 706 41
647 643 688 708 ed
709 645 928 728 rhythmorum
943 643 1007 710 viru
1023 644 1189 728 pertinent,
1205 645 1361 724 addidero,

145 763 366 810 enumeravero
389 745 454 811 fere
476 765 528 811 eos
550 743 705 826 rhetores,
733 767 865 829 qnorum
887 747 1073 813 testimoniis
1097 750 1221 832 praeter
1243 751 1361 815 ceteros

142 848 341 915 innitendum
363 852 420 914 eat.

230 950 359 1018 Ceteros
381 952 554 1036 scriptores,
578 953 632 1036 qui
651 956 816 1036 tamquam
837 948 870 1016 ἐν
896 949 1050 1042 παρέργῳ
1073 953 1291 1038 rhythmorum
1306 975 1362 1021 na·

143 1056 248 1118 turam
262 1055 443 1137 tetigerunt,
466 1074 528 1120 non
544 1056 649 1121 dedite
663 1075 757 1141 opera
771 1056 897 1140 perlegi,
920 1057 975 1122 sed
994 1057 1021 1120 si
1037 1075 1117 1139 quae
1133 1076 1209 1122 casu
1224 1057 1360 1141 quodam

143 1161 174 1221 et
197 1157 323 1222 lortuito
350 1159 427 1224 mihi
449 1161 661 1238 occurrebant,
683 1179 722 1224 ne
745 1178 782 1224 ea
804 1158 930 1241 quidem
952 1159 1083 1241 neglexi.

227 1260 285 1325 His
307 1261 402 1344 igitur
430 1281 507 1328 usus
531 1263 677 1328 subsidiis
699 1261 827 1328 LIBRO
849 1261 874 1326 Ι.
898 1281 936 1327 ea
957 1263 1150 1342 testimonia,
1183 1264 1217 1328 iu
1246 1264 1360 1346 quibus

143 1365 228 1427 certa
242 1364 463 1447 rhythmorum
475 1367 638 1432 schemata
652 1385 715 1431 nou
731 1367 1024 1444 commemorantur,
1036 1367 1213 1450 complexus
1224 1368 1361 1450 primum

142 1464 180 1530 de
202 1466 340 1533 universi
362 1468 503 1554 rhythmi
525 1469 670 1534 leudibus
693 1471 725 1534 et
747 1469 865 1550 origine
887 1468 1005 1546 dirius,
1039 1468 1150 1534 deinde
1173 1470 1210 1535 de
1233 1469 1300 1535 eius
1326 1470 1359 1534 in

142 1569 274 1652 singulis
307 1572 426 1637 artibus
460 1573 655 1651 auctoritate,
689 1572 822 1654 danique
855 1572 893 1637 de
926 1570 1039 1638 effectu
1067 1573 1148 1651 eius,
1182 1573 1235 1655 qui
1263 1574 1296 1638 et
1325 1573 1359 1637 in

140 1671 300 1757 voluptate
332 1677 364 1739 et
396 1676 428 1740 in
458 1677 488 1742 vi
522 1676 658 1758 quadam
690 1675 801 1741 morali
834 1675 981 1754 cernitur,
1013 1675 1109 1740 rerba
1141 1675 1263 1742 faciam.
1320 1674 1360 1739 Iu

139 1776 268 1843 LIBRO
290 1777 332 1842 Π.
366 1779 507 1862 singulas
535 1779 651 1844 turmas
676 1779 822 1844 metricas
849 1779 894 1843 ita
915 1779 1126 1862 pertractabo,
1158 1782 1196 1844 ut
1222 1779 1360 1863 primum

140 1879 286 1960 doceam,
320 1885 475 1964 quantum
507 1883 541 1946 in
568 1882 759 1948 carminibus
793 1881 884 1946 etin
910 1882 1101 1948 orationibus
1135 1882 1277 1948 brevium
1304 1883 1360 1946 aut

138 1983 304 2065 longarum
327 1986 521 2068 syllabarum
543 2004 604 2051 usu
626 1984 808 2051 elocutionis
831 1984 950 2050 indoles
972 1986 1119 2063 varietur,
1143 1985 1254 2050 deiude
1277 2003 1357 2066 quae

138 2105 195 2170 pro
228 2087 443 2153 descendentis
477 2091 533 2153 aut
566 2088 763 2154 ascendentis
795 2087 934 2170 rhythmi
966 2089 1085 2154 ratione
1122 2091 1154 2154 et
1185 2107 1240 2172 pro
1273 2087 1359 2153 varia

138 2193 311 2255 metrorum
334 2192 475 2276 apothesi
491 2192 540 2256 vel
561 2192 795 2258 enuntiatorum
818 2191 960 2255 clausula
982 2191 1162 2256 discrimina
1176 2192 1356 2268 nascantur,

137 2293 272 2376 denique
295 2295 560 2377 quemadmodum
582 2295 801 2378 rhythmorum
824 2311 939 2376 genera
960 2297 992 2359 et
1014 2294 1109 2378 pedes
1123 2298 1285 2376 metroque
1308 2293 1357 2358 his

136 2397 268 2478 pedibus
285 2397 395 2463 ellectu
408 2400 491 2463 inter
513 2417 547 2463 se
562 2398 746 2483 discrepent,
770 2399 912 2462 veterum
925 2397 1042 2462 iudicia
1061 2399 1188 2462 secutus
1203 2415 1356 2462 enarrem.

557 2675 847 2778 LIBER
889 2675 934 2778 I.

647 2912 783 3016 Caput
816 2915 850 2997 Ι.

290 3088 308 3170 ξ
333 3089 361 3150 l.
405 3087 616 3170 Rhythmus
639 3104 726 3149 uum
747 3085 912 3151 hominis
934 3087 1111 3170 proprius
1134 3088 1194 3152 sit.

220 3225 418 3309 Rhythmum
446 3224 583 3306 antiquis
609 3223 800 3306 philosophis
829 3224 1048 3306 grauissimum
1081 3243 1150 3289 esse
1177 3225 1278 3290 risum
1305 3227 1355 3292 vel

131 3329 207 3394 inde
234 3330 375 3413 apparet,
408 3327 491 3409 quod
512 3326 652 3391 Platonis
680 3326 836 3390 sententia
862 3346 946 3392 uuus
968 3328 1061 3392 homo
1084 3328 1150 3392 eius
1172 3331 1221 3392 est
1247 3347 1353 3412 caper.

133 3433 250 3500 Scribit
271 3432 357 3497 enlm
377 3431 429 3496 ille
452 3431 526 3512 Leg.
542 3428 575 3493 Π
598 3429 659 3492 653
671 3430 716 3493 D:
748 3420 782 3505 (ὁ
795 3423 904 3514 λόγος)
926 3427 1074 3516 φησὶν..
1091 3421 1150 3496 ,τὸ
1171 3427 1243 3496 νέον
1264 3425 1355 3496 άπαν

132 3598 142 3615 ,
158 3582 187 3600 ..
203 3537 273 3612 τοῖς
287 3555 323 3598 τε
338 3529 473 3616 σώμασι
484 3529 538 3596 καὶ
550 3533 624 3610 ταῖς
640 3533 763 3618 φωναῖς
776 3525 910 3615 ἡσυχίαν
922 3523 1009 3618 άγειν
1019 3524 1055 3596 οὗ
1069 3528 1245 3613 δύνασθαι,
1257 3535 1356 3600 κινεῖ-

132 3641 219 3702 coar
243 3635 279 3702 δὲ
294 3630 345 3701 άεὶ
362 3635 468 3723 ζητεῖν
483 3633 536 3700 καὶ
552 3631 770 3722 φθέγγεσθαι.
787 3687 794 3702 .
810 3687 817 3702 .
833 3686 840 3701 .
854 3627 896 3700 τὰ
917 3633 978 3719 μὲν
1003 3623 1056 3700 οὖν
1077 3626 1174 3701 άλλα
1198 3634 1276 3723 ζῷα
1298 3627 1355 3701 οὐκ

131 3735 217 3822 ἔχειν
243 3733 400 3827 αἴσθησιν
420 3741 483 3803 τῶν
504 3734 538 3802 ἐν
560 3741 634 3817 ταῖς
654 3732 816 3825 κινήσεσιν
835 3735 958 3820 τάξεων
981 3730 1057 3805 οὐδὲ
1079 3730 1227 3820 ἀταξιῶν,
1250 3729 1300 3818 οἷς
1315 3729 1355 3825 δὴ

131 3834 722 3933 ῥοθμὸςδνομακαὶᾶρμονία·ἡμῖν
744 3839 782 3906 δὲ
804 3891 812 3907 .
836 3891 844 3907 .
867 3891 875 3906 .
897 3831 972 3920 τοίς
987 3833 1086 3920 θεοὺς
1107 3890 1115 3907 .
1139 3890 1147 3907 .
1170 3891 1179 3908 .
1202 3833 1356 3911 εἶναι...

129 3938 207 4024 τοὺς
235 3942 418 4024 δεδωκότας
450 3941 508 4034 τὴν
541 3939 702 4032 tbpvapdv
726 3967 761 4010 τε
787 3943 843 4009 καὶ
871 3941 1056 4032 ἐναρμόνιον
1090 3938 1248 4033 αἴσθησιν
1273 3937 1353 4028 μεθ’

129 4043 248 4135 ἡδονῆς
269 4098 277 4114 .
301 4073 322 4126 .;
359 4050 433 4114 ibid.
456 4049 518 4112 664
539 4051 580 4114 ll:
608 4041 774 4133 εἴπομεν.
797 4096 805 4113 .
829 4095 853 4129 .,
886 4041 929 4126 ὡς
951 4042 970 4134 ἡ
992 4045 1088 4136 φάσις
1114 4041 1268 4114 ἁπάντων
1288 4049 1355 4112 τῶν

128 4149 213 4220 νέων
313 4149 562 4242 φθέγγοιτο...
582 4142 634 4219 ἀεὶ
655 4145 802 4231 ἀτάκτως
823 4149 879 4217 καὶ
901 4147 1032 4242 πηδῴη·
1046 4153 1068 4237 ¹)
1099 4143 1272 4234 τάξεωςδ
1300 4144 1355 4216 αἷ-

130 4419 227 4470 tuatur
250 4413 386 4471 Planudes
408 4410 562 4482 111111,
590 4411 695 4466 citatur
718 4411 856 4481 Longinus
882 4409 1229 4480 abhuon.·V11982,16.
1257 4409 1352 4474 984,'l.

128 4502 192 4568 985,
202 4502 349 4660 ’1211161111
368 4587 459 4658 (lunt.
478 4602 503 4657 p.
524 4588 556 4644 61
575 4587 605 4644 Μ
623 4609 657 4638 =
674 4589 717 4656 39,
728 4587 760 4644 21
780 4585 798 4641 J
806 4607 812 4638 1
909 4583 942 4640 τδ
961 4582 1074 4660 ἄλογον,
1093 4581 1187 4660 ὥσπερ
1204 4601 1233 4636 τι
1250 4582 1354 4658 θηρίον

128 4677 259 4734 ἀτάκτως
279 4675 439 4746 κινούμενον
457 4719 463 4730 .
484 4717 490 4728 .
510 4719 516 4736 ,
