3546 5236
736 409 949 508 „m-

222 599 395 668 eodieibus
418 603 539 669 nostris
561 605 594 667 bt
616 605 649 668 et·
670 604 717 668 bb
745 603 844 669 etiam
871 603 917 669 ibi
945 604 1139 688 invenimus,
1167 605 1220 670 ubi
1249 604 1357 672 nullus
1384 624 1458 689 pro·

223 706 367 773 nominis
397 710 445 774 bio
472 709 562 776 loeus
591 727 665 775 esee
692 716 810 795 potest,
843 710 903 777 sed
935 712 1030 778 unire
1061 721 1173 797 aptum
1206 719 1258 778 ert
1286 715 1323 778 te.
1374 711 1458 778 bene

222 821 337 880 autem
360 813 518 880 Senecam
541 816 705 899 eognitnm
728 816 882 884 habuisse
905 817 1066 900 quomodo
1089 819 1282 903 pronomina
1304 820 1353 884 bie
1375 824 1408 884 et
1429 821 1458 884 tr

224 921 312 986 inter
335 939 372 988 se
395 920 562 988 differrent
585 929 618 988 et
640 941 699 1009 per
722 941 759 989 se
782 930 834 990 eet
854 924 1024 1009 probabile
1047 932 1080 992 et
1103 945 1144 991 ex
1167 925 1209 991 iis
1237 923 1359 1009 formis,
1387 925 1457 1008 qui·

223 1029 288 1094 bue
320 1026 342 1092 b
373 1027 496 1094 addere
528 1049 593 1095 non
623 1035 690 1094 tam
722 1029 866 1115 proelive
899 1039 983 1115 erat,
1017 1040 1165 1116 apparet.
1219 1031 1290 1098 eins
1326 1033 1457 1116 generis

221 1135 378 1221 exempla
401 1143 477 1203 sunt
497 1137 595 1204 haee:
624 1136 666 1203 de
692 1157 782 1223 prov.
804 1141 836 1222 4,
862 1141 895 1203 7:
923 1140 987 1206 boe
1009 1142 1111 1224 ttoqoe
1132 1142 1216 1222 dero,
1241 1161 1316 1224 quoe
1334 1141 1455 1225 probat,

220 1263 303 1326 pune
316 1253 410 1326 amnt,
434 1246 569 1326 indurat,
592 1249 788 1328 reeopooeott,
813 1253 941 1328 eaeroet,
966 1267 1028 1312 eor
1041 1254 1153 1328 autem,
1178 1248 1286 1332 potibus
1299 1248 1457 1330 indnlpere

224 1351 354 1432 videtur,
378 1351 486 1435 potboe
504 1373 645 1436 parcere,
670 1354 776 1419 molles
797 1356 934 1418 reamrir
957 1355 1047 1419 molta
1070 1361 1181 1420 servat.
1215 1352 1257 1420 de
1271 1361 1372 1420 ooneb
1386 1372 1456 1439 rap.

229 1457 279 1534 17,
305 1459 340 1521 3:
368 1460 398 1522 ai
418 1460 483 1524 boo
502 1462 604 1542 potuit
624 1459 688 1523 ille
708 1460 826 1524 darida
848 1463 921 1541 otio,
945 1463 998 1544 pai
1020 1461 1155 1525 assidete
1178 1463 1320 1526 maneb
1338 1461 1457 1544 pridem

219 1565 421 1646 dedidicerat,
447 1587 503 1630 aar
524 1565 604 1645 te⁶²l
627 1587 692 1631 noa
709 1569 818 1651 poerit,
842 1569 896 1650 qui
916 1567 1027 1632 stadiis
1051 1567 1224 1632 mentua
1247 1575 1276 1632 et
1290 1570 1458 1652 superbe

219 1672 308 1736 oaltu
330 1673 372 1736 ud
393 1673 524 1756 aliquos
542 1677 717 1758 profertum
733 1676 924 1758 peomne?
970 1671 1012 1738 de
1035 1673 1084 1737 ira
1107 1673 1122 1736 I
1145 1676 1194 1758 12,
1209 1677 1245 1739 5:
1264 1673 1457 1761 promapidu

222 1775 304 1864 (ira)
335 1786 364 1843 et
394 1801 500 1844 amorre
530 1787 566 1844 at
596 1784 696 1846 omnis
721 1785 795 1864 fere
821 1781 972 1864 cupiditas
998 1783 1066 1864 ipro
1092 1780 1151 1844 eibi
1179 1783 1213 1844 io
1238 1782 1289 1862 id,
1320 1782 1354 1844 ia
1376 1782 1458 1865 qood

219 1893 380 1968 properat,
408 1890 580 1971 opponitur.
627 1886 670 1952 (le
693 1885 806 1954 brevit.
830 1886 886 1953 vit
910 1890 939 1970 8,
969 1889 1005 1952 4:
1032 1887 1134 1952 dicero
1161 1889 1258 1952 solent
1287 1890 1354 1969 eie,
1381 1909 1458 1972 quoe

223 1993 397 2057 ooldbsr‘rne
437 1995 579 2076 dlliparrt,
617 2002 747 2078 puratos
787 2014 820 2059 ee
856 2001 980 2077 portem
1015 2014 1170 2060 onnomm
1205 2015 1334 2059 emtam
1348 2003 1353 2013 '
1369 1995 1455 2060 doro.

223 2097 374 2163 mendum
403 2107 512 2165 autem
538 2099 620 2166 illud
648 2101 695 2165 ita
728 2107 831 2165 ortum
863 2106 915 2166 est
946 2105 981 2165 ut
1013 2099 1136 2165 librarii
1167 2098 1288 2166 formas
1315 2103 1387 2165 iet
1417 2103 1455 2182 ie,

225 2224 310 2288 quae
333 2205 366 2270 in
390 2206 550 2293 seriptura
573 2207 754 2275 minusoula
777 2206 933 2290 ilongam
947 2206 1013 2272 iam
1027 2224 1091 2272 non
1107 2206 1278 2290 babebanb
1301 2207 1411 2273 littera
1424 2207 1456 2292 h,

220 2330 322 2394 qnam
346 2311 443 2378 etiam
467 2313 545 2379 alibi
571 2335 611 2379 ex
634 2313 767 2380 arbitrio
785 2321 818 2380 et
833 2313 1000 2380 addebant
1014 2321 1047 2378 et
1060 2313 1243 2397 demebant,
1265 2313 1456 2399 praeposita

219 2418 258 2482 in
287 2418 474 2486 usitatiores
501 2423 533 2484 bi
560 2427 593 2486 et
618 2423 667 2486 bie
694 2426 863 2486 mutarent.
915 2440 998 2504 quae
1026 2438 1129 2506 prava
1159 2423 1318 2505 scriptura
1345 2440 1455 2504 quam-

219 2544 321 2608 quam
344 2525 410 2591 ianr
433 2527 467 2592 in
489 2527 722 2594 reoentioribus
746 2527 836 2594 libris
864 2535 897 2593 et
927 2527 969 2592 ab
993 2526 1172 2594 editoribus
1199 2526 1371 2610 nonnullis,
1400 2527 1456 2611 qui

221 2632 309 2698 male
325 2634 442 2716 ubique
456 2637 496 2700 iio
514 2635 720 2720 seripserunt,
739 2634 859 2700 alieubi
878 2641 1103 2719 corroderet,
1127 2653 1229 2718 usque
1248 2632 1291 2698 ad
1310 2633 1456 2700 Fickerti

224 2738 404 2822 Haasiique
428 2740 627 2827 exemplaria
649 2742 718 2808 lere
741 2741 880 2808 obtinuit
903 2760 943 2807 ao
965 2761 1007 2807 ne
1022 2761 1063 2808 ex
1077 2740 1308 2808 reoentissiuris
1323 2739 1453 2824 quidem

220 2844 422 2914 editionibus
453 2866 587 2933 prorsus
620 2849 757 2935 expulsa
789 2856 848 2915 est.
899 2846 933 2912 id
966 2847 1054 2932 qnod
1086 2846 1267 2914 mirandum
1298 2867 1362 2914 non
1394 2855 1454 2934 ert,

220 2951 302 3034 quia
324 2959 392 3018 tam
418 2961 580 3020 vetustum
608 2953 670 3021 hoo
692 2955 806 3021 vitium
829 2963 879 3021 est
902 2955 1025 3020 utiam
1048 2954 1081 3020 in
1105 2955 1232 3038 legibus
1255 2954 1454 3021 Malaoitana

223 3065 261 3124 et
298 3058 506 3144 Salpensaua
544 3061 747 3129 commissum
786 3061 887 3142 sit⁶⁸).
946 3060 1119 3127 tenendum
1155 3069 1263 3127 tamen
1301 3068 1352 3127 est
1386 3081 1453 3146 eas,

224 3185 438 3196 ...ι--

314 3253 351 3326 ⁸¹)
369 3274 539 3326 quamquam
557 3258 626 3312 haee
642 3257 731 3312 torma
749 3274 810 3312 raro
824 3255 1021 3328 aspirationem
1035 3273 1117 3326 passa
1130 3261 1181 3322 est,
1199 3260 1294 3313 tamen
1307 3257 1452 3312 inveniun-

217 3348 270 3400 tur
291 3344 345 3400 looi
368 3345 416 3400 ubi
439 3345 525 3401 etiarn
548 3363 598 3416 pro
620 3346 793 3402 nominativo
821 3345 929 3401 numeri
955 3345 1105 3416 singularia
1132 3345 1301 3416 pronominis
1326 3349 1353 3400 r'r
1380 3347 1453 3402 male

220 3435 344 3505 positum
362 3435 400 3490 sit
416 3438 462 3490 lta
479 3439 512 3490 ut
529 3435 603 3506 apud
622 3435 771 3505 Apuleium
788 3439 901 3490 metam.
922 3434 961 3490 IV
982 3437 1015 3488 14
1033 3433 1070 3504 (p.
1084 3435 1127 3500 65,
1146 3435 1182 3490 20
1200 3435 1242 3490 ed.
1257 3433 1402 3504 Eyssenh.)
1421 3435 1452 3488 in

216 3524 314 3580 eodioe
332 3525 361 3579 F.
398 3541 484 3594 quaro
503 3525 576 3596 apud
594 3525 780 3580 lastinianum
799 3524 897 3580 insbl
919 3525 959 3589 10,
982 3525 1022 3590 18,
1048 3523 1096 3579 ubi
1119 3524 1204 3595 vulgo
1222 3541 1282 3578 eum
1299 3525 1353 3579 bio
1370 3527 1452 3579 etiosa

217 3617 340 3670 imme
362 3625 410 3685 eet,
436 3615 553 3685 legitur,
581 3615 678 3670 malim
706 3615 835 3670 seribere:
863 3631 923 3668 rum
945 3617 975 3669 io
997 3617 1078 3668 etiam
1100 3617 1219 3669 intenae
1245 3621 1284 3668 eet
1310 3613 1354 3682 (ol.
1379 3604 1451 3673 olm<

219 3704 296 3774 aputl
313 3703 499 3774 Theophilum
517 3705 567 3774 qui
584 3703 704 3772 dieitur).
741 3703 836 3760 eedem
855 3703 912 3758 lere
929 3703 1013 3758 verba
1030 3703 1101 3758 Gaio
1118 3703 1131 3757 1
1151 3703 1193 3770 64,
1217 3720 1301 3772 quem
1318 3701 1453 3772 eompilat

219 3793 399 3859 Iustiniana
419 3793 556 3864 probabili
575 3793 734 3849 coniectura
752 3792 926 3848 Goesehenue
942 3789 1076 3846 restituit.

311 3881 349 3950 ⁸⁸)
367 3882 493 3953 exemplu
511 3899 545 3938 ex
563 3882 598 3937 iis
616 3882 733 3938 eolleeto
751 3885 817 3936 runt
835 3899 853 3936 a
871 3880 944 3936 Guil.
960 3879 1132 3936 Weiasbrorlt
1149 3880 1180 3936 in
1198 3883 1292 3936 ludier
1309 3881 1452 3935 tediosam

219 3973 502 4042 Braunoberprreiam
512 3989 536 4028 a.
550 3971 618 4026 1878
628 3989 722 4028 mense
731 3969 836 4027 octobri
846 3969 929 4024 edito.
957 3969 1015 4024 ulio
1023 3967 1098 4024 idem
1111 3985 1145 4024 ex
1158 3968 1282 4038 digestis,
1297 3967 1450 4024 institutio-

216 4063 309 4128 nibus,
332 4061 424 4118 oodioe
442 4061 554 4131 profert,
577 4060 678 4130 quibus
701 4060 771 4116 adde
795 4077 829 4115 ea
851 4074 923 4127 quae
942 4057 993 4112 Tb.
1012 4059 1197 4114 Mommsenus
1216 4073 1250 4112 ex
1267 4057 1341 4112 Livii
1359 4057 1450 4112 oodioe

219 4151 371 4208 Veronensi
397 4151 428 4206 in
456 4152 728 4206 commentationibus
755 4150 912 4204 aeumlao
939 4149 1125 4204 Brrdtnrnrta
1152 4164 1178 4201 a
1198 4147 1267 4202 1868
1294 4164 1321 4216 p.
1348 4147 1398 4200 114
1421 4149 1450 4202 eb

214 4240 294 4297 Guil.
313 4239 518 4296 Studemundus
540 4257 574 4294 ex
597 4239 650 4295 Gai
672 4238 743 4294 libro
760 4237 912 4294 Veronensi
934 4236 965 4292 in
983 4235 1143 4306 apographo
1165 4235 1224 4292 eius
1243 4235 1315 4305 lips.
1335 4252 1360 4290 a.
1380 4235 1450 4290 1814

214 4329 294 4385 edito
312 4329 492 4398 eollegerunb
518 4344 590 4396 quae
608 4345 671 4382 oum
687 4327 732 4382 ita
750 4327 814 4392 rint,
833 4343 914 4382 nemo
931 4324 1080 4380 mirabitur
1098 4323 1168 4380 alios
1181 4340 1291 4393 quoque
1304 4323 1451 4394 scriptores

210 4417 316 4474 iisdem
335 4417 442 4473 mendis
459 4420 564 4472 scatere
581 4417 660 4473 velut
677 4415 891 4483 Quintilianum,
914 4414 989 4485 apud
1011 4431 1094 4482 quern
1117 4430 1288 4482 quamquam
1309 4413 1402 4468 multa
1418 4412 1450 4468 in

214 4507 325 4563 ,Halmii
343 4511 372 4563 et
385 4505 508 4562 Meisteri
526 4505 728 4576 exemplaribus
746 4504 858 4560 sublata
875 4507 941 4560 sunt
958 4503 1034 4570 (inst.
1048 4505 1117 4558 oreb
1137 4502 1203 4568 115,
1218 4503 1248 4566 8;
1268 4502 1293 4567 8,
1306 4503 1352 4567 18;
1377 4502 1416 4565 11,
1432 4503 1449 4556 2

215 4596 298 4666 [blek
323 4599 352 4662 95
375 4598 418 4662 l'l;
442 4596 526 4662 1112,
546 4596 575 4661 23
600 4596 629 4661 43
653 4597 678 4661 5,
698 4596 714 4650 l
740 4593 814 4662 [blek
841 4595 885 4659 13;
907 4591 1011 4663 passim
1033 4609 1082 4662 per
1099 4591 1218 4660 reliquos
1237 4590 1330 4659 libros)
1353 4595 1450 4647 tamen

213 4686 310 4743 adhue
322 4689 467 4756 eorruptus
480 4688 522 4741 est
535 4685 610 4741 loeus
624 4685 648 4739 Χ
664 4686 689 4752 1,
706 4685 769 4738 lte:
788 4685 936 4753 aliquando
954 4685 989 4738 ab
1006 4684 1051 4737 bie
1069 4683 1168 4751 quibus
1184 4683 1349 4750 inquirenda
1368 4697 1450 4750 quoe·
