3634 5240
939 373 980 434 68

351 588 407 656 ἕνα
420 595 548 680 χορεῖον
569 591 624 658 καὶ
653 589 709 658 ἕνα
730 587 848 678 ἴαμβον
863 590 1038 678 δεχόμενος.
1081 593 1197 658 Mirum
1217 611 1292 658 sane
1308 596 1392 659 esset
1413 595 1474 658 hcc
1496 591 1575 656 iudi-

352 697 451 770 cium,
486 698 513 761 si
534 693 652 784 ὡραῖος
673 700 757 762 esset
780 698 913 782 „plenus
936 696 1063 779 vigoris,
1096 696 1204 778 quales
1228 714 1297 760 esse
1321 696 1424 761 solent
1450 692 1483 760 ἐν
1505 687 1575 781 ὥρᾳ

351 800 514 865 homines“
540 803 595 865 aut
616 801 785 878 ‚,deoorus“
812 801 861 866 vel
884 803 1085 878 ‚,venustns“,
1107 817 1182 863 narn
1210 800 1358 864 neutrum
1381 789 1516 881 quadrat
1535 797 1574 861 ad

352 902 457 968 locum
479 904 704 986 Aeschyleum,
736 904 768 967 in
792 923 853 986 quo
874 909 938 968 noir
961 906 1028 968 tam
1052 903 1253 966 venustatem
1279 901 1455 968 adfectasse
1478 917 1574 983 qnam

351 1005 620 1070 vehementissimi
652 1006 766 1071 doloris
793 1007 964 1088 imaginem
993 1005 1140 1072 brevibus
1172 1005 1293 1070 iteratis
1321 1006 1574 1089 repraesentasse

350 1108 474 1174 videtur
496 1111 603 1192 poeta:
632 1109 687 1173 sed
710 1109 913 1190 grammatico
936 1107 1086 1174 Ghisiano
1108 1101 1227 1192 ὡραῖος
1249 1108 1413 1173 videbatur
1435 1107 1486 1172 hic
1506 1125 1575 1172 ver-

350 1211 468 1276 sicnlns
504 1213 631 1295 propter
668 1211 867 1276 artificiosam
906 1210 1135 1276 tribrachornm
1172 1213 1206 1274 et
1241 1211 1420 1277 iamborum
1457 1209 1575 1275 viciam·

350 1314 503 1379 tudinem.

434 1415 488 1480 IV.
533 1418 686 1482 Brevibus
714 1417 840 1482 insertis
868 1435 978 1482 versus
1005 1415 1200 1494 sotadeos,
1235 1417 1316 1498 quod
1344 1435 1444 1498 genus
1471 1418 1574 1480 toturn

351 1520 447 1584 molle
471 1523 504 1585 et
526 1524 710 1585 enervatum
734 1521 791 1596 est,
813 1521 915 1602 magis
937 1519 1031 1584 etiarn
1054 1517 1182 1600 infringi
1205 1520 1304 1584 sensit
1314 1519 1443 1585 Caesius
1455 1519 1573 1584 Bassus

348 1643 378 1706 p.
397 1625 499 1700 255,l
516 1625 562 1688 K:
587 1623 773 1702 „(trochaeis
788 1624 821 1686 in
837 1623 979 1702 sotadeo)
1003 1622 1029 1686 si
1050 1621 1273 1704 interposueris
1297 1621 1418 1704 aliquos
1441 1622 1575 1704 brachy-

353 1726 505 1808 syllabos,
540 1726 679 1791 eiusdem
706 1727 824 1791 scilicet
850 1726 996 1803 rationis,
1030 1724 1089 1788 erit
1111 1725 1206 1788 ctiam
1228 1725 1381 1788 mollior.“
1435 1725 1482 1788 En
1513 1724 1574 1788 hoc

348 1828 416 1911 ipso
437 1829 488 1893 vel
511 1847 548 1893 ex
570 1821 663 1893 simili
686 1829 786 1894 Caesii
802 1829 893 1893 Bessi
915 1828 981 1893 looo
1007 1827 1166 1892 fluxerunt
1188 1845 1235 1903 ea,
1259 1845 1338 1908 quae
1360 1827 1492 1892 tradunt
1506 1828 1573 1891 Ma-

349 1933 413 1996 rius
443 1931 559 1996 Victor.
582 1952 611 2015 p.
637 1933 686 2009 92,
712 1933 749 1994 17
773 1933 819 1995 K:
853 1932 986 2014 „quibus
1012 1930 1181 2010 (trochaeis
1207 1930 1239 1992 in
1264 1929 1407 2014 sotadeo)
1430 1931 1456 1994 si
1479 1931 1574 1994 inter·

350 2035 491 2117 posueris
516 2035 637 2117 aliquos
659 2035 925 2118 brachysyllshos
947 2033 978 2097 id
995 2037 1044 2098 est
1066 2052 1083 2098 e
1106 2033 1206 2096 tribus
1222 2033 1376 2111 brevibus,
1392 2081 1399 2096 .
1415 2081 1423 2096 .
1439 2081 1446 2096 .
1462 2051 1571 2098 versus

351 2136 504 2202 efficietur
518 2137 650 2214 mollior,
674 2138 749 2201 dum
766 2137 920 2201 celerioris
936 2137 1004 2200 soni
1020 2136 1192 2202 vibratione
1208 2136 1382 2215 decoratur,
1405 2140 1441 2200 ut
1456 2137 1525 2199 eet.
1542 2182 1549 2198 .
1565 2183 1573 2198 .

351 2239 450 2304 ‘frena
476 2258 603 2323 capere,
637 2241 700 2304 tela
727 2243 871 2322 quatere,
905 2257 980 2304 sana
1011 2239 1111 2303 iacere
1145 2239 1239 2304 disoe’
1263 2287 1271 2302 .
1294 2289 1301 2303 .
1326 2287 1333 2302 .
1357 2239 1430 2322 quia
1463 2240 1572 2322 aptum

351 2343 541 2406 saltantibus
569 2341 705 2418 videtur,
739 2335 1005 2428 dnopyppcrrao'v
1034 2361 1052 2406 a
1080 2341 1208 2407 Graecis
1231 2341 1361 2406 dieitur“
1397 2345 1452 2421 (z
1473 2341 1572 2406 Iubae

348 2444 457 2527 fragm.
487 2445 573 2507 114*
602 2445 650 2509 ed.
674 2445 802 2524 Hense),
837 2449 869 2510 et
890 2447 1097 2511 Terentianus
1125 2447 1255 2510 Maurus
1278 2446 1377 2509 2053:
1412 2444 1485 2522 „Sic
1518 2445 1574 2507 tri-

352 2547 489 2611 brachus
511 2548 680 2617 intervenit
700 2549 733 2611 in
757 2549 860 2613 locum
884 2549 1035 2613 trochaei:
1059 2547 1142 2612 Nam
1159 2567 1220 2630 quo
1242 2547 1359 2613 hrennt
1381 2548 1519 2612 crebrius
1540 2546 1573 2610 hi

352 2649 447 2732 pedes
470 2651 595 2728 minuti,
616 2651 747 2715 Vibrare
770 2669 882 2715 sonum
905 2651 1073 2717 versiculos
1095 2651 1197 2733 magis
1218 2652 1387 2716 videmus.“

432 2753 469 2817 V.
492 2752 581 2818 Idem
597 2756 645 2818 est
666 2755 808 2819 brevium
824 2753 1017 2836 syllabarum
1040 2753 1169 2819 effectus
1187 2755 1220 2817 in
1244 2755 1466 2837 galliambis
1489 2757 1569 2820 teste

350 2855 502 2921 Diomede
524 2877 554 2940 p.
579 2859 650 2932 514,
675 2858 714 2919 17
739 2856 786 2919 K:
825 2857 1051 2937 ‚Kalliambnm
1075 2905 1082 2920 .
1106 2904 1113 2920 .
1138 2904 1145 2920 .
1168 2859 1205 2921 ut
1230 2857 1407 2922 enervatius
1429 2856 1518 2922 fieret
1539 2860 1571 2922 ct

348 2959 489 3036 mollius,
524 2960 662 3024 secunda
683 2963 739 3024 ant
760 2959 854 3023 tertia
876 2961 914 3023 ab
938 2960 1050 3024 ultima
1076 2960 1199 3042 syllaba
1220 2960 1252 3022 in
1277 2961 1355 3024 duas
1384 2961 1495 3025 breves
1517 2980 1570 3043 ge-

349 3063 469 3126 minata
504 3065 581 3127 est.“
626 3063 671 3127 cf.
699 3063 945 3128 Terentillam.
974 3083 1002 3128 v.
1026 3063 1126 3126 2890:
1161 3061 1367 3145 „Nomenque
1393 3063 1569 3146 galliambis

349 3167 542 3229 memoratur
564 3165 636 3230 hinc
659 3166 784 3244 datum,
807 3166 968 3230 Tremulos
992 3166 1073 3247 quod
1098 3184 1167 3230 esse
1191 3165 1290 3230 Gallis
1312 3165 1433 3230 habiles
1455 3169 1570 3250 putant

348 3267 473 3341 modos:
507 3268 593 3332 Adeo
616 3271 652 3332 ut
678 3269 857 3351 frequenter
879 3271 969 3333 illum
996 3287 1089 3351 prope
1112 3269 1151 3332 ab
1179 3268 1291 3332 ultimo
1317 3268 1444 3352 pedem,
1477 3270 1568 3350 uage

348 3389 409 3451 qno
432 3389 528 3434 sonus
543 3371 691 3449 vibretur,
714 3373 863 3436 studeant
885 3373 960 3437 dare
982 3371 1204 3454 tribrachym.“
1250 3370 1336 3450 Quae
1359 3371 1518 3437 fluxerunt
1531 3391 1569 3438 ex

347 3473 456 3538 Caesio
482 3473 582 3537 Basso
608 3494 638 3557 p.
667 3475 737 3552 262,
762 3477 780 3540 9
803 3475 847 3538 K:
886 3494 967 3557 „quo
994 3475 1095 3557 magis
1122 3474 1173 3538 hic
1203 3493 1327 3552 verens,
1361 3475 1445 3558 quod
1473 3478 1570 3541 matri

347 3595 435 3640 saoer
462 3579 512 3640 est
536 3574 663 3654 idaeae,
698 3578 818 3642 vibrare
844 3578 1002 3654 videatur,
1036 3578 1213 3661 proximum
1245 3578 1284 3643 ab
1319 3577 1430 3644 ultimo
1457 3579 1569 3663 pedem

345 3678 605 3762 brachysyllabon
628 3679 769 3743 fecerunt
790 3683 866 3745 eto.“

431 3781 518 3845 Molli
548 3781 643 3863 igitur
673 3781 821 3864 rhythmo
853 3803 926 3848 cunr
953 3783 1063 3847 breves
1090 3783 1292 3861 conveniant,
1325 3784 1364 3848 ob
1390 3783 1422 3848 id
1452 3783 1567 3866 ipsum,

344 3904 384 3950 ne
406 3903 554 3950 versuum
577 3883 714 3965 gravitas
743 3887 891 3968 quattuor
913 3886 1059 3950 brevibus
1092 3886 1282 3951 continuatis
1314 3885 1457 3951 funditus
1484 3905 1569 3951 ever-

344 3990 439 4064 tatur,
463 3988 501 4052 ab
529 3987 710 4051 hexametro
733 3988 886 4071 dactylico
908 3988 1069 4071 anapaesti
1093 3988 1185 4070 longe
1208 3989 1387 4054 removendi
1415 3991 1506 4064 sunt:
1529 3989 1568 4053 of.

344 4090 475 4155 ‘scholia
494 4088 744 4171 Hephaestionea
760 4091 795 4154 A*
813 4110 842 4173 p.
861 4091 921 4154 142
938 4091 1000 4156 St:
1025 4086 1057 4154 ἒν
1079 4083 1174 4177 ἡρῴῳ
1198 4089 1343 4177 δακτύλῳ
1366 4087 1569 4177 ἐπαγόμενος

344 4184 551 4269 ἀνάπαιστος
570 4187 751 4280 χαυνότητα
772 4195 865 4258 ποιεῖ
887 4191 940 4259 διὰ
962 4184 1002 4258 τὸ
1018 4189 1202 4280 ἐπάλληλον
1216 4199 1281 4260 τῶν
1296 4197 1464 4282 βραχειῶν,
1488 4196 1567 4259 Mar.

344 4295 460 4359 Victor.
489 4315 519 4378 p.
550 4296 600 4373 70,
624 4297 662 4358 31
688 4295 733 4359 K:
767 4297 881 4373 „etiam
914 4299 1104 4380 anapaestus
1138 4344 1146 4359 .
1180 4344 1188 4359 .
1221 4346 1228 4362 .
1261 4298 1355 4362 heroo
1381 4301 1488 4382 posset
1514 4298 1569 4362 ad-

344 4399 428 4462 necti
449 4400 559 4476 metro,
587 4397 648 4463 nisi
670 4399 835 4482 incipiente
859 4399 983 4484 dactylo
1011 4401 1044 4464 et
1067 4399 1231 4476 subiuncta
1254 4403 1424 4484 anapaesto
1446 4401 1567 4467 mediae

344 4501 454 4566 breves
481 4519 611 4567 numero
642 4505 791 4584 quattuor
821 4503 952 4568 heroum
974 4521 1101 4568 versum
1126 4501 1373 4580 deformarent“;
1397 4503 1438 4569 cf.
1472 4505 1568 4570 etiam

343 4624 373 4688 p.
395 4606 446 4682 80,
469 4604 526 4678 26:
549 4605 635 4669 Mall.
659 4605 806 4670 Theodor.
829 4625 860 4690 p.
885 4606 958 4684 596,
982 4607 999 4667 7
1024 4605 1065 4669 K.
