3568 5238
788 435 826 494 Π

197 657 286 720 ouius
310 657 427 731 exitus,
463 676 523 737 quo
546 657 647 737 magis
670 656 803 737 insigms
826 660 919 729 esset,
951 657 983 718 in
1007 654 1169 738 publicum
1193 674 1301 718 versus
1325 656 1419 718 decli·

197 763 336 833 narotur,
360 760 419 822 hoc
442 763 500 831 est,
524 763 612 822 extra
627 759 784 840 privatum
808 759 998 841 aperiretur?

281 861 360 925 Tum
376 862 547 924 scholiasta
567 862 610 943 (p.
629 862 676 934 12,
692 861 811 938 4-11)
827 861 872 925 sio
886 861 1004 944 pergit:
1028 860 1250 924 ‘Varronem
1264 867 1273 902 ¹
1312 864 1418 925 autem

196 963 320 1026 tradere
343 964 384 1027 hl.
403 963 537 1037 Valerio,
560 963 634 1044 quia
658 963 789 1028 Sabinos
813 964 939 1038 vicerat,
963 963 1109 1027 aedesio
1134 962 1255 1026 Palatio
1274 963 1418 1036 tributae,

197 1065 318 1128 lulius
334 1066 506 1147 Hyginus
528 1065 604 1128 dicit
625 1067 657 1128 in
674 1066 751 1130 libro
767 1067 868 1149 priore
887 1065 924 1129 de
942 1066 1015 1129 viris
1037 1065 1145 1136 claris,
1170 1063 1230 1132 <eti
1249 1064 1283 1127 P.
1295 1065 1419 1129 Valerio

198 1167 303 1232 Volesi
321 1168 382 1231 lilio
405 1167 586 1230 Publicolae
608 1167 732 1231 aedium
741 1168 896 1248 publicat
918 1168 1022 1232 locum
1047 1168 1105 1231 suh
1128 1167 1237 1230 Veliis.
1260 1168 1314 1229 ubi
1336 1187 1421 1230 nunc

198 1270 283 1333 aedis
300 1269 454 1334 Victoriae
477 1274 534 1344 est,
557 1270 708 1353 populum
733 1271 850 1350 exlege
869 1290 965 1352 quam
988 1271 1054 1354 ipse
1078 1271 1195 1334 tulerat
1217 1271 1418 1333 concessisse.

197 1373 338 1435 Tradunt
368 1377 400 1436 et
423 1374 569 1437 Antiochi
597 1375 679 1455 regis
702 1373 765 1436 filio
793 1374 892 1436 obsidi
916 1375 1045 1438 domum
1067 1372 1191 1455 publice
1216 1371 1420 1442 aedificatam,

197 1476 280 1538 inter
304 1493 382 1555 quos
405 1477 561 1540 Atticus
584 1477 616 1540 in
641 1477 765 1540 annali'

285 1595 499 1675 H.Peterus³)
537 1597 633 1659 rerba
661 1597 801 1660 Asconii:
835 1597 879 1659 ‘P.
905 1597 1027 1660 Valerio
1053 1595 1155 1658 Volesi
1185 1594 1248 1656 filio
1278 1630 1320 1638 -
1349 1612 1421 1656 con·

199 1676 452 1765 oessisse‘.'cum
486 1717 523 1761 ea
557 1699 766 1781 dependentia
795 1698 913 1762 faceret
948 1717 966 1762 a
994 1701 1145 1779 sequente
1172 1715 1245 1760 voce
1274 1696 1420 1759 ‘tradunt'

198 1803 230 1863 et
258 1799 412 1864 conferret
443 1820 516 1864 cum
540 1801 712 1865 Plutarcho
740 1801 805 1880 (rit.
829 1801 921 1864 Publ.
952 1822 976 1864 o.
1007 1799 1057 1881 10)
1082 1801 1240 1862 tradente:
1274 1794 1421 1878 ἐδέχοντο

198 1893 259 1986 γὰρ
280 1897 308 1965 oi
327 1897 415 1987 φίλοι
442 1899 498 1967 τὸν
529 1896 715 1984 Οὗαλέρτον,
751 1895 824 1988 ἄχρι
847 1888 882 1966 οὗ
904 1899 1010 1967 τόπον
1032 1897 1150 1966 ἔδωκεν
1173 1897 1191 1966 ὁ
1214 1899 1314 1986 δῆμος
1336 1893 1424 1984 αἰνῷ

198 2001 251 2067 καὶ
275 2002 510 2068 κατεσκεύασεν
533 2000 639 2069 οἰκίαν
662 2001 782 2092 ἐκείνης
804 2001 1025 2090 μετριωτέραν
1044 1999 1129 2068 ὅπου
1149 2006 1203 2067 νῦν
1227 1997 1313 2087 ἱερόν
1334 2000 1422 2067 ἔστιν

201 2097 321 2183 Οὐίκας
349 2103 456 2183 νεότας
492 2098 729 2188 ὀνομαζόμενον
766 2145 806 2153 -
837 2127 931 2190 quam
955 2108 1116 2172 Plutarchi
1151 2107 1420 2170 narratiunculam

200 2227 236 2270 ex
258 2209 385 2272 Antiate
409 2229 554 2274 manasse
578 2213 724 2293 opinatur
747 2247 797 2285 -‚
827 2211 865 2274 ad
891 2211 1026 2273 eundem
1055 2211 1237 2292 scriptorem
1261 2209 1422 2273 referenda

201 2329 268 2374 esse
291 2310 404 2374 iniuria
428 2314 598 2377 contendit.

288 2431 370 2494 Nam
404 2433 542 2514 primunr
572 2438 655 2496 errat
687 2453 759 2496 cum
791 2432 907 2497 Orellio
946 2433 999 2509 (ad
1028 2433 1091 2498 Cio.
1127 2434 1147 2495 l.
1181 2433 1222 2514 c.)
1249 2433 1302 2495 illa
1328 2432 1423 2495 rerba

203 2533 241 2595 ad
265 2554 373 2598 rocem
397 2537 544 2598 ‘tradunt'
569 2537 723 2618 pertinere
747 2539 871 2619 putans
896 2556 967 2600 cum
997 2536 1057 2599 hao
1083 2535 1216 2599 lectione
1243 2539 1368 2616 recepta
1391 2537 1423 2597 et

202 2637 393 2719 comparatio
416 2638 459 2700 Μ.
476 2642 507 2700 et
523 2636 557 2699 P.
575 2637 772 2702 Valeriorum
796 2641 927 2703 tollatur
949 2643 980 2703 et
1003 2639 1037 2702 P.
1053 2639 1198 2702 Valerius
1222 2639 1325 2719 inepte
1349 2656 1421 2700 cum

201 2739 346 2802 Antiochi
381 2739 462 2820 regis
496 2739 558 2803 filio
587 2741 772 2805 conseratur.
828 2743 950 2806 Deinde
973 2761 1053 2823 quae
1077 2743 1304 2804 commentator
1327 2739 1364 2802 de
1387 2738 1422 2802 P.

202 2838 325 2901 Valerio
349 2841 486 2913 exhibet,
510 2861 547 2904 ea
563 2845 687 2907 omnino
706 2863 767 2908 non
787 2849 966 2926 congruunt
987 2863 1059 2908 cum
1079 2843 1241 2906 Plutarchi
1263 2841 1422 2918 memoria,

203 2939 358 3020 siquidem
381 2942 431 3004 hic
446 2941 481 3004 P.
498 2942 622 3006 Valerio
639 2949 670 3008 et
686 2947 810 3010 aedium
831 2947 937 3010 locum
958 2948 1105 3031 apopulo
1121 2947 1231 3010 datum
1248 2948 1280 3008 et
1295 2945 1423 3008 domum

203 3043 303 3124 ipsam
327 3061 396 3106 esse
420 3044 626 3122 aedificatam,
650 3048 701 3111 ille
724 3049 827 3112 locum
851 3053 977 3113 tantum
1004 3051 1129 3113 aedium
1152 3049 1275 3130 publice
1299 3047 1423 3112 Valerio

202 3145 357 3208 tributum
380 3164 447 3209 esse
471 3148 575 3210 tradit.

289 3263 401 3346 Itaque
424 3267 538 3330 rectius
562 3271 660 3331 totam
677 3270 925 3334 enuntiationem
941 3271 998 3348 (⁶1³.
1014 3271 1137 3335 Valerio
1154 3307 1193 3316 —
1210 3271 1423 3348 concessisse)

203 3385 265 3430 non
289 3366 328 3430 ad
344 3369 505 3444 tradunt,
529 3371 583 3434 sed
607 3371 646 3434 ad
663 3372 845 3436 ‘Varronem
867 3374 989 3438 tradere
1005 3373 1151 3456 Hyginus
1173 3373 1257 3437 dioit’
1281 3376 1423 3456 spectare

203 3470 266 3532 iam
291 3471 457 3534 Rinkesius
488 3473 655 3550 intellexit,
694 3494 795 3556 neque
818 3479 925 3539 tamen
949 3477 1136 3559 particulam
1161 3477 1211 3539 ‘et’
1234 3481 1306 3539 ante
1330 3476 1424 3539 verba

204 3572 248 3636 ‘P.
278 3573 409 3638 Valerio’
444 3575 510 3638 iure
544 3577 712 3642 inseruisse
746 3579 822 3641 mihi
852 3578 988 3649 videtur,
1028 3597 1100 3642 cum
1141 3579 1313 3660 asyndeton
1347 3577 1424 3639 nihil

204 3675 274 3738 duri
296 3679 351 3739 aut
372 3677 497 3741 molesti
521 3679 644 3743 habeat.
871 3679 873 3684 ’

289 3796 378 3874 Quod
413 3799 582 3863 scholiasta
609 3801 735 3864 Antiate
760 3807 885 3866 auctore
909 3802 946 3866 dc
969 3803 1011 3866 Μ.
1034 3802 1159 3866 Valerio
1182 3804 1298 3871 namet,
1321 3802 1423 3867 isdem

206 3898 268 3961 tere
285 3900 387 3962 verbis
408 3900 630 3983 descriptum4)
657 3903 739 3986 apud
757 3903 963 3969 Plutarchum
986 3905 1053 3986 (vit.
1069 3905 1159 3969 Publ.
1177 3925 1201 3968 c.
1218 3905 1272 3986 20)
1295 3909 1326 3968 et
1342 3907 1423 3989 apud

204 3999 390 4082 Dionysium
406 4001 684 4068 Halicarnasseum
701 4005 727 4067 V
745 4007 785 4068 39
809 4007 949 4082 recurrit,
973 4011 1009 4070 ut
1031 4008 1199 4090 Dionysius
1223 4027 1345 4089 qnoque
1361 4012 1425 4072 An-

378 4159 414 4166 --·

275 4257 295 4320 ¹)
313 4254 457 4309 Praeterea
475 4257 612 4312 Asconius
637 4261 731 4330 tp.12,
759 4263 872 4320 11-15)
891 4261 1051 4332 compilavit
1066 4261 1232 4315 Varronis
1255 4261 1357 4316 librum
1376 4263 1423 4317 III

204 4337 322 4393 ‘devita
340 4341 435 4410 populi
454 4341 591 4398 Romani’.

274 4427 295 4490 ²)
315 4424 361 4478 Sic
388 4427 509 4481 restituit
536 4427 640 4484 Rinkes
663 4429 797 4486 Mnemos.
825 4431 853 4486 X
877 4449 902 4502 p.
929 4433 989 4486 202.
1025 4432 1094 4488 Cod.
1125 4432 1157 4487 S:
1177 4433 1424 4503 ‘repul...cum';

205 4507 283 4562 codd.
302 4507 333 4562 M
351 4517 378 4564 et
396 4509 433 4565 P:
451 4513 539 4582 ‘repul
553 4554 701 4570 ........
714 4516 796 4570 cum'.

276 4599 298 4660 ³)
317 4595 370 4649 Die
388 4596 507 4663 Quellen
523 4598 670 4654 Plutarchs
689 4619 715 4672 p.
734 4603 775 4656 46.

274 4681 295 4740 ‘i
315 4681 348 4735 cf.
368 4681 406 4736 H.
425 4683 505 4738 Peter
523 4683 540 4737 1.
558 4701 581 4738 c.
