3560 5238
840 297 968 394 ‚42

421 492 468 556 Im
490 491 697 557 Bucbstabeu
720 494 750 554 a
774 491 805 556 S.
830 493 903 575 286,
928 493 970 558 33
993 493 1045 558 bis
1070 494 1143 576 289,
1169 493 1223 557 12:
1505 561 1506 564 Ἴ

424 601 567 680 »Repillis
585 598 702 663 tunicis
724 597 807 662 albis
832 605 864 663 et
878 598 1022 664 reticulis
1046 597 1142 664 luteis
1157 598 1301 682 utrisque
1319 595 1440 685 [relatis
1461 600 1559 664 textis

332 727 442 772 susum
462 725 589 772 uersum
613 705 808 772 astantibus
833 705 937 790 pridie
953 705 1136 791 nuptiarum
1159 705 1244 770 diem
1260 705 1402 788 uirgines
1426 706 1559 772 indutae

333 814 472 879 cubitum
500 812 591 877 ibant
619 812 734 878 ominis
762 833 876 896 causa,
904 820 939 877 ut
969 813 1067 878 etiam
1094 813 1127 876 in
1155 812 1241 895 togis
1272 812 1417 878 uirilibus
1442 813 1558 878 dandis

333 922 498 990 obseruari
523 921 614 987 solet.

420 1031 501 1113 Rupi
525 1027 695 1094 simulatur
723 1027 815 1111 uirgo
845 1049 884 1093 ex
913 1029 1035 1112 gremio
1059 1029 1172 1094 matris
1196 1035 1264 1112 aut,
1298 1029 1324 1094 si
1350 1049 1389 1093 ea
1412 1050 1476 1093 non
1500 1035 1559 1112 est,

332 1159 371 1202 ex
394 1136 541 1222 proxima
564 1133 816 1218 necessitudine,
847 1156 917 1200 cum
942 1136 985 1200 ad
1009 1137 1111 1201 uirum
1135 1135 1272 1200 trabitur
1296 1134 1379 1218 (cod.
1404 1139 1559 1220 brutium),

332 1243 417 1327 quod
441 1242 594 1308 uidelicet
618 1263 656 1308 ea
681 1263 733 1308 res
757 1241 896 1307 feliciter
919 1243 1053 1308 Romulo
1079 1244 1185 1310 cessit.
1218 1229 1222 1236 ’

420 1353 501 1436 Rupi
524 1350 607 1417 solet
630 1349 694 1433 fax,
718 1371 782 1432 qua
805 1349 1012 1434 praelucente
1035 1371 1121 1415 noua
1144 1358 1246 1435 nupta
1271 1350 1411 1416 deducta
1435 1361 1493 1436 cst,
1517 1351 1558 1415 ab

332 1459 497 1541 utriusque
522 1457 643 1542 amicis,
667 1477 708 1522 ne
732 1465 788 1521 aut
812 1477 891 1521 uxor
914 1478 985 1522 eam
1010 1459 1069 1524 sub
1092 1457 1175 1522 lecto
1199 1457 1259 1522 uiri
1284 1478 1323 1522 ea
1347 1465 1440 1522 nocte
1458 1465 1560 1542 ponat

333 1574 388 1632 aut
416 1566 465 1631 uir
492 1566 525 1630 in
554 1565 704 1650 sepulcro
734 1565 973 1629 conburendum
997 1575 1099 1648 curet,
1134 1585 1196 1647 quo
1221 1572 1354 1648 utroque
1378 1585 1464 1632 mors
1487 1587 1558 1650 pro-

333 1675 453 1759 pinqua
477 1672 610 1766 alterius
634 1673 736 1738 utrius
761 1672 886 1756 captari
911 1679 1069 1757 putatur«

421 1887 468 1950 Im
490 1886 698 1952 Bucbstaben
724 1887 750 1950 (Ἰ
772 1886 803 1951 S.
828 1889 879 1968 69,
908 1889 946 1952 13
972 1886 1021 1952 bis
1046 1889 1097 1970 63,
1126 1889 1179 1951 14:

424 1995 646 2058 200ueiluuuu
670 1992 800 2076 dicitur,
825 2013 908 2076 quae
933 1993 1011 2060 uiris
1036 1993 1188 2058 conciliat
1211 2013 1327 2058 uxores
1351 2001 1384 2058 et
1406 1994 1559 2060 uxoribus

332 2102 429 2167 uiros.

425 2209 598 2274 Corrueutue
621 2211 755 2274 corcdicio
779 2207 959 2293 dicebatur,
991 2229 1062 2273 cum
1089 2209 1212 2293 primus
1241 2229 1344 2275 sermo
1374 2209 1415 2276 de
1438 2211 1559 2295 nuptiis

333 2325 365 2383 et
390 2337 499 2382 earum
524 2314 712 2381 condicione
736 2315 923 2380 habebatur.

425 2425 577 2488 Coeliburi
605 2427 692 2488 lucratu
721 2431 819 2507 caput
848 2424 997 2488 nubentis
1027 2424 1225 2506 comebantur,
1258 2444 1342 2506 quae
1370 2424 1403 2488 in
1427 2445 1560 2510 corpore

333 2530 525 2615 gladiatoris
563 2531 707 2596 stetisset
744 2529 862 2595 abiecti
900 2529 1076 2614 occisique,
1113 2537 1160 2612 ut,
1198 2530 1466 2613 quemadmodum
1503 2532 1560 2596 illa

319 2640 505 2704 vconiuncta
529 2638 625 2704 fuerit
650 2659 720 2702 cum
745 2659 878 2723 corpore
903 2637 1110 2721 gladiatoris,
1140 2638 1187 2703 sic
1210 2637 1284 2723 ipsa
1313 2659 1384 2704 cum
1409 2639 1478 2704 uiro
1503 2640 1558 2721 sit,

333 2747 385 2812 uel
402 2746 478 2831 quia
493 2753 660 2811 matronae
680 2745 810 2811 Iunonis
826 2745 945 2810 Curitis
969 2745 1002 2809 in
1018 2745 1120 2810 tutela
1145 2745 1217 2828 sint,
1241 2765 1326 2828 quae
1350 2747 1396 2810 ita
1413 2747 1558 2831 appella-

332 2854 427 2918 batur
450 2875 470 2918 a
494 2853 628 2918 ferenda
652 2853 756 2936 basta,
780 2872 864 2935 quae
889 2851 1000 2934 lingua
1024 2852 1215 2916 Sabinorum
1242 2853 1327 2918 euris
1352 2853 1483 2936 dicitur3
1509 2854 1559 2918 uel

333 2958 420 3043 quod
452 2959 552 3026 fortes
584 2960 672 3024 uiros
705 2958 871 3042 genituras
904 2958 1077 3041 ominetur,
1116 2959 1168 3024 uel
1201 2959 1288 3043 quod
1321 2961 1458 3045 nuptiali
1492 2963 1560 3026 iure

333 3067 467 3153 imperio
496 3067 555 3132 uiri
585 3067 739 3132 subicitur
767 3066 904 3149 nubens,
951 3066 1027 3148 qnia
1060 3065 1157 3132 basta
1188 3087 1312 3133 summa
1340 3089 1500 3134 armorum
1529 3079 1561 3134 et

332 3175 458 3260 imperii
473 3181 531 3240 est.
555 3195 650 3256 quam
666 3174 706 3238 ob
721 3193 853 3238 causam
872 3173 933 3237 uiri
953 3172 1052 3239 fortes
1074 3194 1113 3239 ea
1129 3173 1289 3238 donantur
1310 3182 1342 3240 et
1364 3175 1486 3260 captiui
1501 3177 1560 3242 sub

333 3281 448 3348 eadem
472 3288 619 3365 ueneunt,
644 3301 724 3363 quos
748 3281 865 3346 Graeci
890 3282 1094 3366 bacculosos:
1119 3288 1151 3346 et
1174 3284 1367 3368 &apiastrum
1391 3290 1518 3347 uocant.

425 3392 551 3470 (lupulo
566 3409 651 3452 noua
666 3395 767 3473 nupta
782 3389 1061 3474 praecingebatur,
1082 3389 1168 3472 quod
1182 3391 1232 3454 uir
1252 3390 1284 3454 in
1304 3391 1387 3456 lecto
1403 3392 1560 3476 soluebat,

333 3496 454 3563 lactum
484 3517 523 3562 ex
551 3496 627 3561 lana
652 3497 737 3579 ouis,
766 3503 813 3579 ut,
843 3497 926 3562 sicut
948 3497 1006 3560 illa
1030 3497 1062 3560 in
1087 3497 1211 3580 glomos
1236 3497 1365 3564 sublata
1389 3500 1561 3565 coniuncta

333 3605 417 3669 inter
444 3625 480 3670 se
504 3605 559 3686 sit,
589 3603 635 3668 sic
659 3603 709 3667 uir
733 3623 810 3668 suus
834 3625 943 3670 secum
967 3605 1091 3671 cinctus
1115 3605 1306 3688 uinctosque
1335 3615 1431 3672 esset.
1477 3607 1560 3672 hune

334 3711 536 3777 Herculaneo
564 3709 649 3775 nodo
679 3711 819 3776 uinctum
849 3711 898 3775 uir
927 3711 1024 3777 soluit
1053 3713 1168 3778 ominis
1197 3714 1317 3796 gratia
1351 3720 1385 3778 ut
1414 3713 1461 3780 sic
1489 3715 1561 3799 ipse

333 3818 412 3884 felix
437 3819 535 3884 sitin
559 3817 775 3902 suscipiendis
798 3818 917 3902 liberis,
940 3825 976 3882 ut
999 3819 1058 3883 fuit
1083 3821 1248 3905 Hercules,
1273 3822 1327 3904 qui
1352 3822 1561 3906 septuaginta

333 3927 454 3992 liberos
478 3925 616 4008 reliquit.

426 4036 555 4100 doricetis
578 4036 749 4116 uir-pinitus
774 4034 957 4119 supplicare
980 4043 1140 4120 nupturae
1165 4036 1282 4103 solitae
1307 4046 1407 4104 erant.

426 4143 555 4206 Cicurino
580 4145 706 4207 licronis·
730 4161 845 4206 nomen
870 4149 1016 4208 sanctum
1039 4142 1219 4208 habebatur
1246 4145 1279 4208 in
1308 4145 1441 4230 nuptiis,
1475 4145 1560 4229 quod

334 4250 426 4316 initio
451 4249 593 4333 coniugii
617 4248 734 4315 solutio
760 4255 829 4313 erat
853 4249 985 4335 cinguli,
1018 4271 1080 4333 quo
1108 4271 1194 4316 noua
1221 4259 1323 4337 nupta
1352 4260 1421 4318 erat
1445 4253 1559 4321 cincta.

426 4361 588 4422 (alternarum
612 4356 772 4421 uocabant
800 4356 923 4439 antiqui
953 4378 1011 4424 uas
1040 4357 1216 4444 quoddam,
1249 4359 1335 4442 quod
1360 4367 1504 4445 opertum
1528 4361 1560 4425 in

334 4467 456 4551 nuptiis
479 4464 634 4547 ferebant,
659 4465 769 4546 inquo
785 4471 876 4528 erant
891 4464 1041 4531 nubentis
1057 4466 1217 4550 utensilia,
1242 4466 1328 4550 quod
1352 4477 1385 4532 et
1399 4469 1561 4534 camillum

335 4573 496 4658 dicebant,
521 4594 558 4638 eo
583 4571 668 4656 quod
694 4592 857 4638 sacrorum
882 4572 1061 4639 ministrum
1085 4576 1228 4661 κάσμιλον
1253 4575 1471 4660 appellabant.
