3480 5230
937 291 979 358 48

851 383 1060 394 ---

479 519 529 583 est
548 517 652 582 maius
673 515 789 596 multo,
812 537 908 600 qnam
931 517 1013 602 quod
1036 517 1099 582 diri
1120 520 1194 582 ante
1216 534 1335 602 poema

476 623 665 705 quapropter
686 620 769 684 dIco:
791 639 901 700 nemo,
923 622 978 703 qui
1000 621 1108 706 culpat
1128 621 1313 697 Homerum,

474 724 660 808 perpetuom
681 723 807 806 culpat,
829 741 931 805 neque
953 723 1037 806 quod
1059 723 1121 790 dini
1144 727 1217 788 ante
1240 723 1358 806 poesin,

475 845 584 891 vemm
606 843 706 890 unum
729 826 837 909 culpat
856 825 1001 904 verbum,
1024 827 1228 910 enthymema
1248 827 1400 892 locumve.

433 947 553 1012 Stoicos
586 947 619 1010 in
653 945 865 1012 discernendis
899 949 932 1011 et
957 945 1140 1011 definiendis
1173 947 1223 1011 his
1255 947 1415 1021 vocabulis
1442 966 1578 1030 operam

347 1050 516 1116 collocasse
550 1048 601 1114 vel
628 1049 700 1115 inde
723 1050 952 1132 cognoscimus,
975 1048 1058 1131 quod
1079 1049 1265 1115 Posidonius
1288 1049 1433 1114 Panaetii
1454 1049 1576 1114 Rhodii

347 1153 519 1237 dIscipulus
545 1151 579 1215 in
599 1151 678 1217 libro
701 1153 753 1234 qui
776 1152 957 1217 Inscribitur
979 1148 1056 1236 napi
1077 1147 1192 1232 Ηξεως
1214 1145 1382 1238 εἶσαγιιγή,
1403 1153 1471 1237 ipse
1495 1173 1577 1235 quo-

347 1275 408 1340 que
435 1255 601 1322 discrimen
625 1256 745 1334 statuit,
767 1255 928 1321 diversum
950 1255 1028 1319 illud
1052 1256 1179 1337 quidem
1201 1255 1241 1319 ab
1264 1275 1300 1321 eo
1323 1257 1405 1337 quod
1428 1257 1575 1320 Lucilius

347 1359 483 1442 tradit.¹)

431 1461 514 1526 Item
537 1459 713 1527 Stoicorum
733 1460 876 1544 proprius
898 1463 947 1525 est
960 1459 1077 1541 λέξεως
1091 1461 1235 1527 vocabuli
1249 1481 1338 1526 usus.
1370 1461 1452 1527 Ecce
1467 1464 1574 1547 carpit

348 1564 488 1630 Lucilius
511 1582 580 1641 cos,
607 1563 660 1645 qui
682 1562 850 1628 ridiculum
871 1563 904 1626 in
925 1564 1056 1629 modum
1076 1563 1197 1629 LatinIs
1220 1565 1323 1629 verbis
1345 1565 1467 1630 Graeca
1487 1565 1574 1630 inse·

348 1670 437 1746 runt,
459 1667 562 1732 verbis
585 1665 648 1730 hta:

379 1775 381 1779 ’
474 1806 570 1869 quam
590 1787 692 1870 lepide
713 1781 814 1866 λέξεις
835 1788 1015 1869 empostae,
1038 1789 1075 1851 ut
1094 1788 1266 1852 tesserulae
1288 1807 1398 1854 omnes

474 1892 541 1956 arte
562 1890 731 1974 pavimenti
754 1893 849 1972 atque
872 1890 1062 1955 emblemati’
1084 1892 1321 1975 vermiculati')

434 2012 504 2076 Alio
532 2011 599 2076 loco
625 2013 663 2074 ut
689 2011 807 2094 puerile
836 2010 944 2076 irridet
964 2011 1099 2076 nlmium
1120 2011 1267 2076 Isocratis
1289 2012 1430 2078 studium
1453 2014 1571 2094 ligura-

346 2134 419 2180 rum
445 2131 526 2196 quae
548 2115 700 2178 vocantur
721 2114 900 2191 verborum,
924 2113 1037 2196 quibus
1059 2114 1267 2197 aequabilitas
1290 2116 1447 2196 quaedam
1469 2135 1570 2181 mem·

346 2219 474 2284 brorum
495 2220 529 2282 et
548 2216 741 2282 concinnitas
764 2215 915 2281 efficiatur
936 2216 1002 2299 (lib.
1025 2216 1053 2280 V
1075 2236 1103 2281 v.
1127 2219 1166 2284 12
1182 2236 1251 2300 sqq.
1273 2217 1381 2282 Muell.
1396 2245 1439 2274 =
1453 2237 1482 2282 v.
1506 2217 1570 2280 156

345 2340 413 2403 sqq.
435 2319 592 2401 Lacbm.):

471 2477 517 2487 -
539 2475 580 2488 -
605 2475 643 2487 -
667 2439 726 2504 boc
747 2439 904 2505 nolueris
925 2440 958 2504 et
980 2438 1143 2504 debueris
1165 2443 1198 2504 te

476 2543 503 2607 si
524 2542 622 2612 minu'
643 2542 793 2619 delectat,
816 2541 899 2624 quod
921 2536 1040 2622 τεχνίον
1049 2545 1074 2624 ³)
1096 2544 1344 2620 Eisocratiumst,

474 2643 680 2734 ληρῶδιςῳιο
688 2646 715 2726 ⁴)
737 2644 832 2709 simul
854 2647 957 2710 totum
980 2664 1017 2710 ac
1038 2645 1324 2734 συμμειρακιῶόες,

475 2769 538 2815 non
561 2765 688 2832 operam
710 2747 813 2831 perdo.

347 2895 555 2909 μ

415 2978 435 3040 ¹)
454 2969 578 3042 Di03.11.
593 2969 644 3024 v11
656 2969 703 3022 6οε
722 2973 827 3039 ποίημα
842 2965 875 3021 δι’
890 2973 967 3022 ἐστιν
984 2967 1054 3032 λέξις
1071 2973 1200 3046 ἔμμετρος
1211 2969 1228 3039 ἢ
1239 2971 1378 3043 ἔνρυθμος
1387 2971 1458 3038 μετὰ
1472 2973 1570 3039 σκευῆς

344 3058 379 3113 τὸ
397 3054 531 3132 λογοειδὲς
548 3059 719 3124 ἐκβεβηκυῖα.
736 3060 846 3122 recipcre
864 3052 896 3108 δι’
911 3059 971 3108 ἐστι
988 3057 1161 3125 σημαντικὸν
1177 3062 1292 3128 ποίημα,
1308 3063 1424 3128 μίμησιν
1435 3060 1570 3130 περιέχον

347 3144 436 3198 θείων
452 3147 499 3196 καὶ
516 3140 712 3215 ἀνθρωπείων.

415 3233 439 3298 ¹)
456 3229 543 3283 Lucil.
560 3228 638 3296 irgm.
656 3225 708 3280 ine.
726 3227 753 3282 X
771 3243 793 3281 r.
811 3227 847 3281 33
863 3243 902 3296 sq.
920 3227 1013 3284 Muell.
1032 3231 1076 3298 (==
1088 3249 1114 3286 v.
1126 3231 1178 3284 993
1189 3245 1229 3298 sq.
1247 3229 1386 3300 Lacbm.);
1404 3229 1437 3285 cf.
1458 3229 1512 3284 Cic.
1532 3229 1568 3283 de

345 3333 383 3372 or.
405 3315 446 3371 III
465 3309 531 3384 1⁷15
548 3329 587 3369 or.
605 3313 669 3380 1493
690 3313 766 3367 Brut
785 3315 845 3368 274.

353 3421 360 3428 ·
414 3405 439 3464 ⁸)
462 3403 576 3468 τεχνίον
597 3414 660 3453 num
682 3402 757 3453 recte
775 3399 896 3470 Scaliger
917 3399 1024 3454 dederit
1046 3399 1150 3456 dubito.
1180 3399 1258 3456 Libri
1276 3416 1358 3456 manu
1376 3399 1474 3472 scripti
1486 3415 1567 3470 prae·

346 3487 412 3544 bant
435 3487 556 3556 plerique
578 3488 713 3552 ,atexnon
736 3485 792 3540 at.“
827 3486 858 3540 In
877 3485 918 3540 Iris
936 3485 1037 3542 littaris
1053 3485 1215 3542 delitescere
1233 3486 1354 3543 arbitror
1372 3487 1433 3543 ritii
1451 3487 1569 3542 allenius

346 3573 519 3643 mentionem,
536 3585 589 3639 quo
606 3570 714 3625 laboret
724 3569 872 3638 isocrates3
890 3584 960 3640 quae
978 3573 1003 3627 si
1014 3572 1173 3641 praecessit,
1198 3577 1255 3628 turn
1269 3573 1375 3628 demum
1388 3573 1491 3642 optimc
1503 3588 1568 3629 ecn-

343 3659 466 3714 tinoatur
487 3657 577 3713 oratio
598 3653 743 3725 particulis
764 3659 853 3726 ‚,que“
881 3663 911 3712 et
943 3659 1014 3727 „ac“
1031 3679 1066 3706 =
1084 3657 1126 3727 „si
1150 3663 1179 3712 te
1203 3659 1261 3714 tale
1284 3657 1348 3727 quid
1366 3677 1421 3716 nou
1437 3659 1568 3724 delectat,

346 3744 409 3813 qaia
426 3747 471 3799 est
488 3742 617 3799 isocratis
635 3741 774 3811 proprium
792 3741 887 3798 vitium
904 3747 934 3799 et
951 3743 1126 3813 loquacitatis
1144 3747 1228 3812 atquc
1241 3746 1409 3815 puerilitatis
1422 3745 1567 3800 decomm-

345 3833 429 3886 tum.“
469 3827 546 3897 Quae
563 3844 623 3882 cum
641 3828 683 3883 its
700 3827 768 3898 sint,
790 3843 887 3886 censeo
904 3831 1069 3899 scripturam
1088 3829 1259 3899 ‚minues
1275 3833 1326 3886 ct“
1349 3837 1423 3886 recte
1443 3845 1567 3886 serrum

344 3915 494 3971 Martinam
512 3914 610 3983 Hertz,
628 3916 715 3970 virum
733 3913 935 3986 doctissimum,
954 3915 989 3971 ad
1008 3916 1078 3972 Geli.
1095 3915 1190 3971 XVIII
1206 3918 1232 3983 8,
1249 3920 1275 3974 2.

353 4023 355 4031 v
413 4001 438 4070 ⁴)
460 3999 514 4056 Pro
536 3997 706 4074 impolitaeque
728 4001 782 4070 (sic
799 4001 934 4071 Scaliger)
952 3999 1058 4057 codices
1075 4001 1132 4056 fers
1149 4001 1285 4070 praebent
1307 3998 1566 4073 „cxinpmquuef‘

345 4086 433 4156 Quam
459 4085 605 4142 lectionem
627 4091 659 4142 ut
681 4092 818 4154 summat,
846 4087 982 4143 Martium
1006 4087 1092 4143 Hertz
1114 4089 1215 4144 statuit
1236 4089 1396 4146 cumbadum
1420 4088 1565 4158 ‚asimen-

344 4173 457 4229 tiumst“
475 4173 624 4229 choriambi
641 4173 701 4229 loco
718 4173 925 4243 pronuntiatum
942 4187 1004 4229 esse
1021 4189 1039 4228 a
1055 4173 1175 4230 Lucilio:

528 4259 558 4316 Si
575 4259 658 4316 minu’
677 4258 801 4314 delectat
817 4257 889 4328 quod
907 4258 1030 4328 ἄτεχνον
1046 4265 1077 4317 et
1094 4259 1304 4318 Eisocratiumst
1322 4257 1352 4314 d-

526 4341 716 4416 parantesque
733 4345 814 4401 slmul
830 4361 885 4415 eqs.

345 4431 427 4488 Culus
445 4431 571 4488 Lenaee
590 4447 650 4488 cam
663 4432 765 4488 trustra
777 4433 892 4488 alterurn
905 4435 1057 4503 exemplum
1071 4433 1258 4506 quaesiverIm,
1275 4438 1378 4490 rectam
1396 4434 1566 4492 emendatio·

344 4533 404 4576 nem
424 4517 558 4576 invenisse
576 4518 789 4576 studemuudum
807 4535 916 4590 censeo,
936 4537 996 4576 cum
