<?xml version="1.0" encoding="UTF-8"?>
<!DOCTYPE html PUBLIC "-//W3C//DTD XHTML 1.0 Transitional//EN"
    "http://www.w3.org/TR/xhtml1/DTD/xhtml1-transitional.dtd">
<html xmlns="http://www.w3.org/1999/xhtml" xml:lang="en" lang="en">
 <head>
  <title>
</title>
<meta http-equiv="Content-Type" content="text/html;charset=utf-8" />
  <meta name='ocr-system' content='tesseract 3.04.00' />
  <meta name='ocr-capabilities' content='ocr_page ocr_carea ocr_par ocr_line ocrx_word'/>
</head>
<body>
  <div class='ocr_page' id='page_1' title='image "./destoicorumstud00strigoog_0747.png"; bbox 0 0 3598 5224; ppageno 0'>
   <div class='ocr_carea' id='block_1_1' title="bbox 897 369 1105 466">
    <p class='ocr_par' dir='ltr' id='par_1_1' title="bbox 897 369 1105 466">
     <span class='ocr_line' id='line_1_1' title="bbox 897 369 1105 466; baseline -0.01 0"><span class='ocrx_word' id='word_1_1' title='bbox 897 369 1045 466; x_wconf 50' lang='grc' dir='ltr'>ΔΞ</span> <span class='ocrx_word' id='word_1_2' title='bbox 1100 461 1105 464; x_wconf 85' lang='grc'><strong>,</strong></span> 
     </span>
    </p>
   </div>
   <div class='ocr_carea' id='block_1_2' title="bbox 388 562 1620 3975">
    <p class='ocr_par' dir='ltr' id='par_1_2' title="bbox 388 562 1620 3975">
     <span class='ocr_line' id='line_1_2' title="bbox 391 562 1617 649; baseline 0.003 -23"><span class='ocrx_word' id='word_1_3' title='bbox 391 562 486 628; x_wconf 92' lang='lat' dir='ltr'>modo</span> <span class='ocrx_word' id='word_1_4' title='bbox 519 564 767 649; x_wconf 81' lang='lat' dir='ltr'><strong>interpolatione</strong></span> <span class='ocrx_word' id='word_1_5' title='bbox 800 564 919 630; x_wconf 88' lang='lat' dir='ltr'>sensim</span> <span class='ocrx_word' id='word_1_6' title='bbox 952 565 1109 648; x_wconf 74' lang='lat' dir='ltr'><strong>gliscente</strong></span> <span class='ocrx_word' id='word_1_7' title='bbox 1142 564 1296 630; x_wconf 89' lang='lat' dir='ltr'>lectiones</span> <span class='ocrx_word' id='word_1_8' title='bbox 1326 563 1471 630; x_wconf 90' lang='lat' dir='ltr'>eiusdem</span> <span class='ocrx_word' id='word_1_9' title='bbox 1499 563 1617 630; x_wconf 88' lang='lat' dir='ltr'>classis</span> 
     </span>
     <span class='ocr_line' id='line_1_3' title="bbox 392 670 1617 756; baseline 0 -20"><span class='ocrx_word' id='word_1_10' title='bbox 392 670 537 736; x_wconf 92' lang='lat' dir='ltr'>codicum</span> <span class='ocrx_word' id='word_1_11' title='bbox 562 671 684 737; x_wconf 87' lang='lat' dir='ltr'>saeculi</span> <span class='ocrx_word' id='word_1_12' title='bbox 708 671 771 736; x_wconf 88' lang='lat' dir='ltr'>XII</span> <span class='ocrx_word' id='word_1_13' title='bbox 788 673 912 736; x_wconf 84' lang='lat' dir='ltr'>etXlll</span> <span class='ocrx_word' id='word_1_14' title='bbox 935 680 1034 738; x_wconf 90' lang='lat' dir='ltr'>natac</span> <span class='ocrx_word' id='word_1_15' title='bbox 1058 673 1129 756; x_wconf 91' lang='lat' dir='ltr'>sint,</span> <span class='ocrx_word' id='word_1_16' title='bbox 1154 692 1217 736; x_wconf 92' lang='lat' dir='ltr'>non</span> <span class='ocrx_word' id='word_1_17' title='bbox 1241 671 1369 737; x_wconf 90' lang='lat' dir='ltr'>omnino</span> <span class='ocrx_word' id='word_1_18' title='bbox 1393 670 1617 754; x_wconf 86' lang='lat' dir='ltr'>neglegendas</span> 
     </span>
     <span class='ocr_line' id='line_1_4' title="bbox 393 777 1615 865; baseline 0 -21"><span class='ocrx_word' id='word_1_19' title='bbox 393 799 473 844; x_wconf 88' lang='lat' dir='ltr'>csse.</span> <span class='ocrx_word' id='word_1_20' title='bbox 519 777 619 843; x_wconf 90' lang='lat' dir='ltr'>multo</span> <span class='ocrx_word' id='word_1_21' title='bbox 642 779 774 862; x_wconf 91' lang='lat' dir='ltr'>rariora,</span> <span class='ocrx_word' id='word_1_22' title='bbox 799 779 857 844; x_wconf 84' lang='lat' dir='ltr'>seu</span> <span class='ocrx_word' id='word_1_23' title='bbox 877 779 1008 844; x_wconf 87' lang='lat' dir='ltr'>maioris</span> <span class='ocrx_word' id='word_1_24' title='bbox 1024 778 1118 865; x_wconf 89' lang='lat' dir='ltr'>pretii</span> <span class='ocrx_word' id='word_1_25' title='bbox 1139 785 1221 856; x_wconf 90' lang='lat' dir='ltr'>sunt,</span> <span class='ocrx_word' id='word_1_26' title='bbox 1246 799 1329 861; x_wconf 84' lang='lat' dir='ltr'>quae</span> <span class='ocrx_word' id='word_1_27' title='bbox 1345 779 1487 844; x_wconf 88' lang='lat' dir='ltr'>secunda</span> <span class='ocrx_word' id='word_1_28' title='bbox 1502 799 1615 844; x_wconf 89' lang='lat' dir='ltr'>manus</span> 
     </span>
     <span class='ocr_line' id='line_1_5' title="bbox 391 885 1616 970; baseline 0 -22"><span class='ocrx_word' id='word_1_29' title='bbox 391 886 487 949; x_wconf 90' lang='lat' dir='ltr'>tertia</span> <span class='ocrx_word' id='word_1_30' title='bbox 510 906 572 949; x_wconf 92' lang='lat' dir='ltr'>uno</span> <span class='ocrx_word' id='word_1_31' title='bbox 597 885 672 970; x_wconf 88' lang='lat' dir='ltr'>fere,</span> <span class='ocrx_word' id='word_1_32' title='bbox 701 893 735 950; x_wconf 91' lang='lat' dir='ltr'>nt</span> <span class='ocrx_word' id='word_1_33' title='bbox 763 885 842 950; x_wconf 91' lang='lat' dir='ltr'>mihi</span> <span class='ocrx_word' id='word_1_34' title='bbox 870 886 974 952; x_wconf 89' lang='lat' dir='ltr'>visum</span> <span class='ocrx_word' id='word_1_35' title='bbox 1003 893 1061 970; x_wconf 88' lang='lat' dir='ltr'>est,</span> <span class='ocrx_word' id='word_1_36' title='bbox 1092 886 1221 952; x_wconf 88' lang='lat' dir='ltr'>saeculo</span> <span class='ocrx_word' id='word_1_37' title='bbox 1250 886 1408 951; x_wconf 84' lang='lat' dir='ltr'>vetustior</span> <span class='ocrx_word' id='word_1_38' title='bbox 1430 885 1547 951; x_wconf 88' lang='lat' dir='ltr'>litteris</span> <span class='ocrx_word' id='word_1_39' title='bbox 1569 885 1616 949; x_wconf 93' lang='lat' dir='ltr'>in-</span> 
     </span>
     <span class='ocr_line' id='line_1_6' title="bbox 392 991 1615 1078; baseline -0.001 -22"><span class='ocrx_word' id='word_1_40' title='bbox 392 991 515 1057; x_wconf 91' lang='lat' dir='ltr'>terdum</span> <span class='ocrx_word' id='word_1_41' title='bbox 554 991 700 1058; x_wconf 89' lang='lat' dir='ltr'>evanidis</span> <span class='ocrx_word' id='word_1_42' title='bbox 740 992 922 1077; x_wconf 78' lang='lat' dir='ltr'>adscripsit.</span> <span class='ocrx_word' id='word_1_43' title='bbox 982 1013 1176 1076; x_wconf 87' lang='lat' dir='ltr'>quamquam</span> <span class='ocrx_word' id='word_1_44' title='bbox 1209 993 1293 1058; x_wconf 90' lang='lat' dir='ltr'>enim</span> <span class='ocrx_word' id='word_1_45' title='bbox 1326 1000 1358 1057; x_wconf 90' lang='lat' dir='ltr'>et</span> <span class='ocrx_word' id='word_1_46' title='bbox 1391 993 1464 1078; x_wconf 86' lang='lat' dir='ltr'>ipsa</span> <span class='ocrx_word' id='word_1_47' title='bbox 1497 992 1615 1058; x_wconf 89' lang='lat' dir='ltr'>alicubi</span> 
     </span>
     <span class='ocr_line' id='line_1_7' title="bbox 392 1099 1617 1185; baseline 0 -21"><span class='ocrx_word' id='word_1_48' title='bbox 392 1100 537 1164; x_wconf 77' lang='lat' dir='ltr'>Senecae</span> <span class='ocrx_word' id='word_1_49' title='bbox 569 1099 668 1165; x_wconf 88' lang='lat' dir='ltr'>verba</span> <span class='ocrx_word' id='word_1_50' title='bbox 701 1099 850 1185; x_wconf 74' lang='lat' dir='ltr'>corrupit,</span> <span class='ocrx_word' id='word_1_51' title='bbox 889 1107 998 1165; x_wconf 87' lang='lat' dir='ltr'>tamen</span> <span class='ocrx_word' id='word_1_52' title='bbox 1030 1100 1112 1166; x_wconf 91' lang='lat' dir='ltr'>inter</span> <span class='ocrx_word' id='word_1_53' title='bbox 1144 1099 1299 1166; x_wconf 87' lang='lat' dir='ltr'>lectiones</span> <span class='ocrx_word' id='word_1_54' title='bbox 1333 1099 1403 1164; x_wconf 91' lang='lat' dir='ltr'>cius</span> <span class='ocrx_word' id='word_1_55' title='bbox 1435 1099 1617 1184; x_wconf 88' lang='lat' dir='ltr'>peculiares</span> 
     </span>
     <span class='ocr_line' id='line_1_8' title="bbox 392 1205 1615 1290; baseline -0.001 -19"><span class='ocrx_word' id='word_1_56' title='bbox 392 1205 546 1289; x_wconf 75' lang='lat' dir='ltr'>egregiae</span> <span class='ocrx_word' id='word_1_57' title='bbox 578 1207 738 1289; x_wconf 85' lang='lat' dir='ltr'>quaedam</span> <span class='ocrx_word' id='word_1_58' title='bbox 768 1207 922 1274; x_wconf 86' lang='lat' dir='ltr'>eminent:</span> <span class='ocrx_word' id='word_1_59' title='bbox 961 1207 1094 1290; x_wconf 66' lang='lat' dir='ltr'>[lat</span> <span class='ocrx_word' id='word_1_60' title='bbox 1129 1206 1162 1271; x_wconf 91' lang='lat' dir='ltr'>in</span> <span class='ocrx_word' id='word_1_61' title='bbox 1192 1206 1300 1272; x_wconf 91' lang='lat' dir='ltr'>verbis</span> <span class='ocrx_word' id='word_1_62' title='bbox 1333 1206 1398 1272; x_wconf 90' lang='lat' dir='ltr'>his:</span> <span class='ocrx_word' id='word_1_63' title='bbox 1431 1209 1615 1286; x_wconf 84' lang='lat' dir='ltr'>Heraclitus,</span> 
     </span>
     <span class='ocr_line' id='line_1_9' title="bbox 391 1313 1617 1398; baseline 0 -20"><span class='ocrx_word' id='word_1_64' title='bbox 391 1318 441 1378; x_wconf 84' lang='lat' dir='ltr'>cui</span> <span class='ocrx_word' id='word_1_65' title='bbox 463 1335 626 1397; x_wconf 78' lang='lat' dir='ltr'>oopaoocerc</span> <span class='ocrx_word' id='word_1_66' title='bbox 642 1317 721 1398; x_wconf 86' lang='lat' dir='ltr'>fecit</span> <span class='ocrx_word' id='word_1_67' title='bbox 743 1318 891 1380; x_wconf 83' lang='lat' dir='ltr'>orationis</span> <span class='ocrx_word' id='word_1_68' title='bbox 914 1317 1082 1380; x_wconf 68' lang='lat' dir='ltr'>obscenitas</span> <span class='ocrx_word' id='word_1_69' title='bbox 1113 1335 1153 1379; x_wconf 92' lang='lat' dir='ltr'>m.</span> <span class='ocrx_word' id='word_1_70' title='bbox 1177 1316 1206 1379; x_wconf 80' lang='lat'>2.</span> <span class='ocrx_word' id='word_1_71' title='bbox 1234 1313 1425 1379; x_wconf 86' lang='lat' dir='ltr'>vocabulum</span> <span class='ocrx_word' id='word_1_72' title='bbox 1449 1318 1617 1379; x_wconf 78' lang='lat' dir='ltr'>scoticos</span> 
     </span>
     <span class='ocr_line' id='line_1_10' title="bbox 393 1419 1617 1508; baseline 0 -22"><span class='ocrx_word' id='word_1_73' title='bbox 393 1441 491 1506; x_wconf 90' lang='lat' dir='ltr'>snpra</span> <span class='ocrx_word' id='word_1_74' title='bbox 514 1441 626 1486; x_wconf 91' lang='lat' dir='ltr'>vocem</span> <span class='ocrx_word' id='word_1_75' title='bbox 649 1443 813 1502; x_wconf 80' lang='lat' dir='ltr'>capaomca</span> <span class='ocrx_word' id='word_1_76' title='bbox 835 1420 1002 1508; x_wconf 65' lang='lat' dir='ltr'>posuitii)</span> <span class='ocrx_word' id='word_1_77' title='bbox 1041 1419 1126 1504; x_wconf 90' lang='lat' dir='ltr'>quod</span> <span class='ocrx_word' id='word_1_78' title='bbox 1150 1441 1222 1485; x_wconf 93' lang='lat' dir='ltr'>cum</span> <span class='ocrx_word' id='word_1_79' title='bbox 1236 1421 1269 1484; x_wconf 90' lang='lat' dir='ltr'>in</span> <span class='ocrx_word' id='word_1_80' title='bbox 1283 1421 1373 1486; x_wconf 85' lang='lat' dir='ltr'>libris</span> <span class='ocrx_word' id='word_1_81' title='bbox 1387 1421 1617 1486; x_wconf 86' lang='lat' dir='ltr'>vetustioribus</span> 
     </span>
     <span class='ocr_line' id='line_1_11' title="bbox 392 1527 1615 1614; baseline 0 -22"><span class='ocrx_word' id='word_1_82' title='bbox 392 1549 458 1592; x_wconf 92' lang='lat' dir='ltr'>non</span> <span class='ocrx_word' id='word_1_83' title='bbox 477 1528 613 1612; x_wconf 89' lang='lat' dir='ltr'>legatur,</span> <span class='ocrx_word' id='word_1_84' title='bbox 643 1528 758 1594; x_wconf 87' lang='lat' dir='ltr'>iniuria</span> <span class='ocrx_word' id='word_1_85' title='bbox 787 1535 862 1614; x_wconf 89' lang='lat' dir='ltr'>post</span> <span class='ocrx_word' id='word_1_86' title='bbox 885 1528 1069 1594; x_wconf 84' lang='lat' dir='ltr'>Fickertum</span> <span class='ocrx_word' id='word_1_87' title='bbox 1094 1527 1262 1614; x_wconf 84' lang='lat' dir='ltr'>spernitur.</span> <span class='ocrx_word' id='word_1_88' title='bbox 1308 1528 1507 1612; x_wconf 82' lang='lat' dir='ltr'>probabilius</span> <span class='ocrx_word' id='word_1_89' title='bbox 1532 1529 1615 1592; x_wconf 88' lang='lat' dir='ltr'>enim</span> 
     </span>
     <span class='ocr_line' id='line_1_12' title="bbox 391 1635 1616 1721; baseline 0.001 -22"><span class='ocrx_word' id='word_1_90' title='bbox 391 1643 469 1721; x_wconf 92' lang='lat' dir='ltr'>puto</span> <span class='ocrx_word' id='word_1_91' title='bbox 493 1636 526 1700; x_wconf 91' lang='lat' dir='ltr'>in</span> <span class='ocrx_word' id='word_1_92' title='bbox 550 1635 591 1701; x_wconf 89' lang='lat' dir='ltr'>iis</span> <span class='ocrx_word' id='word_1_93' title='bbox 607 1655 717 1700; x_wconf 90' lang='lat' dir='ltr'>vocem</span> <span class='ocrx_word' id='word_1_94' title='bbox 733 1635 893 1701; x_wconf 79' lang='lat' dir='ltr'>Graecam</span> <span class='ocrx_word' id='word_1_95' title='bbox 917 1673 958 1682; x_wconf 78' lang='lat'>—</span> <span class='ocrx_word' id='word_1_96' title='bbox 982 1635 1015 1700; x_wconf 93' lang='lat' dir='ltr'>id</span> <span class='ocrx_word' id='word_1_97' title='bbox 1039 1635 1125 1718; x_wconf 86' lang='lat' dir='ltr'>quod</span> <span class='ocrx_word' id='word_1_98' title='bbox 1150 1635 1341 1719; x_wconf 87' lang='lat' dir='ltr'>saepissime</span> <span class='ocrx_word' id='word_1_99' title='bbox 1365 1635 1485 1700; x_wconf 88' lang='lat' dir='ltr'>factum</span> <span class='ocrx_word' id='word_1_100' title='bbox 1509 1643 1559 1700; x_wconf 88' lang='lat' dir='ltr'>cst</span> <span class='ocrx_word' id='word_1_101' title='bbox 1573 1673 1616 1680; x_wconf 90' lang='lat'><em>-</em></span> 
     </span>
     <span class='ocr_line' id='line_1_13' title="bbox 392 1741 1617 1827; baseline -0.001 -20"><span class='ocrx_word' id='word_1_102' title='bbox 392 1743 545 1808; x_wconf 89' lang='lat' dir='ltr'>omissam</span> <span class='ocrx_word' id='word_1_103' title='bbox 569 1763 650 1827; x_wconf 89' lang='lat' dir='ltr'>esse,</span> <span class='ocrx_word' id='word_1_104' title='bbox 675 1763 770 1825; x_wconf 88' lang='lat' dir='ltr'>quam</span> <span class='ocrx_word' id='word_1_105' title='bbox 793 1743 958 1807; x_wconf 89' lang='lat' dir='ltr'>librarium</span> <span class='ocrx_word' id='word_1_106' title='bbox 983 1742 1122 1825; x_wconf 87' lang='lat' dir='ltr'>aliquem</span> <span class='ocrx_word' id='word_1_107' title='bbox 1142 1742 1265 1807; x_wconf 90' lang='lat' dir='ltr'>sacculi</span> <span class='ocrx_word' id='word_1_108' title='bbox 1280 1741 1440 1808; x_wconf 88' lang='lat' dir='ltr'>undecimi</span> <span class='ocrx_word' id='word_1_109' title='bbox 1456 1741 1617 1825; x_wconf 87' lang='lat' dir='ltr'>cognomi-</span> 
     </span>
     <span class='ocr_line' id='line_1_14' title="bbox 392 1848 1616 1934; baseline -0.002 -20"><span class='ocrx_word' id='word_1_110' title='bbox 392 1851 443 1915; x_wconf 90' lang='lat' dir='ltr'>nis</span> <span class='ocrx_word' id='word_1_111' title='bbox 467 1848 555 1916; x_wconf 87' lang='lat' dir='ltr'>illius</span> <span class='ocrx_word' id='word_1_112' title='bbox 579 1871 713 1934; x_wconf 89' lang='lat' dir='ltr'>gnarum</span> <span class='ocrx_word' id='word_1_113' title='bbox 731 1850 840 1916; x_wconf 89' lang='lat' dir='ltr'>fuisse.</span> <span class='ocrx_word' id='word_1_114' title='bbox 879 1849 997 1916; x_wconf 90' lang='lat' dir='ltr'>deinde</span> <span class='ocrx_word' id='word_1_115' title='bbox 1012 1871 1076 1915; x_wconf 91' lang='lat' dir='ltr'>non</span> <span class='ocrx_word' id='word_1_116' title='bbox 1091 1857 1142 1916; x_wconf 89' lang='lat' dir='ltr'>est</span> <span class='ocrx_word' id='word_1_117' title='bbox 1157 1871 1226 1916; x_wconf 94' lang='lat' dir='ltr'>mos</span> <span class='ocrx_word' id='word_1_118' title='bbox 1242 1851 1395 1934; x_wconf 87' lang='lat' dir='ltr'>Senecae,</span> <span class='ocrx_word' id='word_1_119' title='bbox 1419 1850 1473 1933; x_wconf 91' lang='lat' dir='ltr'>qui</span> <span class='ocrx_word' id='word_1_120' title='bbox 1489 1849 1616 1915; x_wconf 91' lang='lat' dir='ltr'>dicendi</span> 
     </span>
     <span class='ocr_line' id='line_1_15' title="bbox 394 1956 1618 2042; baseline -0.002 -19"><span class='ocrx_word' id='word_1_121' title='bbox 394 1977 513 2040; x_wconf 83' lang='lat' dir='ltr'>genere</span> <span class='ocrx_word' id='word_1_122' title='bbox 540 1957 629 2023; x_wconf 89' lang='lat' dir='ltr'>brevi</span> <span class='ocrx_word' id='word_1_123' title='bbox 657 1957 714 2022; x_wconf 92' lang='lat' dir='ltr'>illo</span> <span class='ocrx_word' id='word_1_124' title='bbox 747 1957 876 2040; x_wconf 91' lang='lat' dir='ltr'>quidem</span> <span class='ocrx_word' id='word_1_125' title='bbox 909 1959 1015 2042; x_wconf 91' lang='lat' dir='ltr'>utitur,</span> <span class='ocrx_word' id='word_1_126' title='bbox 1048 1956 1107 2024; x_wconf 88' lang='lat' dir='ltr'>sed</span> <span class='ocrx_word' id='word_1_127' title='bbox 1135 1978 1174 2022; x_wconf 93' lang='lat' dir='ltr'>eo</span> <span class='ocrx_word' id='word_1_128' title='bbox 1203 1956 1288 2040; x_wconf 91' lang='lat' dir='ltr'>quod</span> <span class='ocrx_word' id='word_1_129' title='bbox 1318 1978 1338 2022; x_wconf 92' lang='lat' dir='ltr'>a</span> <span class='ocrx_word' id='word_1_130' title='bbox 1365 1956 1494 2040; x_wconf 89' lang='lat' dir='ltr'>legente</span> <span class='ocrx_word' id='word_1_131' title='bbox 1522 1977 1618 2040; x_wconf 85' lang='lat' dir='ltr'>qnam</span> 
     </span>
     <span class='ocr_line' id='line_1_16' title="bbox 394 2063 1617 2148; baseline 0 -21"><span class='ocrx_word' id='word_1_132' title='bbox 394 2063 547 2129; x_wconf 90' lang='lat' dir='ltr'>facillime</span> <span class='ocrx_word' id='word_1_133' title='bbox 561 2064 777 2148; x_wconf 86' lang='lat' dir='ltr'>intellegatur,</span> <span class='ocrx_word' id='word_1_134' title='bbox 800 2065 930 2130; x_wconf 85' lang='lat' dir='ltr'>attalia</span> <span class='ocrx_word' id='word_1_135' title='bbox 945 2065 1080 2132; x_wconf 91' lang='lat' dir='ltr'>omittat.</span> <span class='ocrx_word' id='word_1_136' title='bbox 1114 2085 1215 2148; x_wconf 86' lang='lat' dir='ltr'>quare</span> <span class='ocrx_word' id='word_1_137' title='bbox 1230 2065 1326 2130; x_wconf 89' lang='lat' dir='ltr'>ctiam</span> <span class='ocrx_word' id='word_1_138' title='bbox 1341 2066 1356 2129; x_wconf 95' lang='lat' dir='ltr'>I</span> <span class='ocrx_word' id='word_1_139' title='bbox 1372 2067 1401 2148; x_wconf 88' lang='lat'>9,</span> <span class='ocrx_word' id='word_1_140' title='bbox 1418 2069 1458 2130; x_wconf 85' lang='grc'>18</span> <span class='ocrx_word' id='word_1_141' title='bbox 1474 2064 1617 2148; x_wconf 86' lang='lat' dir='ltr'>scripsit:</span> 
     </span>
     <span class='ocr_line' id='line_1_17' title="bbox 391 2171 1618 2257; baseline -0.001 -20"><span class='ocrx_word' id='word_1_142' title='bbox 391 2175 558 2254; x_wconf 81' lang='lat' dir='ltr'>Deractrio,</span> <span class='ocrx_word' id='word_1_143' title='bbox 584 2177 633 2236; x_wconf 82' lang='lat' dir='ltr'>cui</span> <span class='ocrx_word' id='word_1_144' title='bbox 655 2195 818 2254; x_wconf 74' lang='lat' dir='ltr'>copoorrrca</span> <span class='ocrx_word' id='word_1_145' title='bbox 841 2174 879 2238; x_wconf 89' lang='lat' dir='ltr'>ab</span> <span class='ocrx_word' id='word_1_146' title='bbox 902 2177 994 2237; x_wconf 80' lang='lat' dir='ltr'>emitto</span> <span class='ocrx_word' id='word_1_147' title='bbox 1017 2176 1138 2237; x_wconf 84' lang='lat' dir='ltr'>urbium</span> <span class='ocrx_word' id='word_1_148' title='bbox 1157 2176 1340 2238; x_wconf 80' lang='lat' dir='ltr'>Poliorcetes</span> <span class='ocrx_word' id='word_1_149' title='bbox 1356 2177 1432 2257; x_wconf 86' lang='lat' dir='ltr'>suit.</span> <span class='ocrx_word' id='word_1_150' title='bbox 1458 2171 1549 2238; x_wconf 87' lang='lat' dir='ltr'>etde</span> <span class='ocrx_word' id='word_1_151' title='bbox 1569 2172 1618 2236; x_wconf 88' lang='lat' dir='ltr'>ira</span> 
     </span>
     <span class='ocr_line' id='line_1_18' title="bbox 391 2280 1618 2364; baseline 0.002 -22"><span class='ocrx_word' id='word_1_152' title='bbox 391 2280 439 2343; x_wconf 94' lang='lat' dir='ltr'>lII</span> <span class='ocrx_word' id='word_1_153' title='bbox 464 2283 515 2358; x_wconf 81' lang='lat'>23,</span> <span class='ocrx_word' id='word_1_154' title='bbox 541 2283 561 2345; x_wconf 81' lang='lat'>‘2</span> <span class='ocrx_word' id='word_1_155' title='bbox 588 2281 793 2344; x_wconf 80' lang='lat' dir='ltr'>Daaocbarcs</span> <span class='ocrx_word' id='word_1_156' title='bbox 816 2319 841 2324; x_wconf 92' lang='lat'>—</span> <span class='ocrx_word' id='word_1_157' title='bbox 877 2319 884 2324; x_wconf 97' lang='lat'>-</span> <span class='ocrx_word' id='word_1_158' title='bbox 914 2283 1142 2344; x_wconf 80' lang='lat' dir='ltr'>Pcrcrbcsc&#39;actos</span> <span class='ocrx_word' id='word_1_159' title='bbox 1171 2283 1207 2345; x_wconf 92' lang='lat' dir='ltr'>ob</span> <span class='ocrx_word' id='word_1_160' title='bbox 1238 2283 1366 2344; x_wconf 81' lang='lat' dir='ltr'>airrticua</span> <span class='ocrx_word' id='word_1_161' title='bbox 1399 2289 1427 2344; x_wconf 88' lang='lat' dir='ltr'>ct</span> <span class='ocrx_word' id='word_1_162' title='bbox 1455 2301 1618 2364; x_wconf 76' lang='lat' dir='ltr'>procacem</span> 
     </span>
     <span class='ocr_line' id='line_1_19' title="bbox 392 2387 1617 2471; baseline -0.002 -21"><span class='ocrx_word' id='word_1_163' title='bbox 392 2389 716 2470; x_wconf 80' lang='lat' dir='ltr'>ltcpaamuppollatas.</span> <span class='ocrx_word' id='word_1_164' title='bbox 732 2425 775 2432; x_wconf 94' lang='lat'><strong>—</strong></span> <span class='ocrx_word' id='word_1_165' title='bbox 791 2387 867 2471; x_wconf 85' lang='lat'>115,</span> <span class='ocrx_word' id='word_1_166' title='bbox 883 2389 903 2452; x_wconf 89' lang='lat'>3</span> <span class='ocrx_word' id='word_1_167' title='bbox 927 2390 993 2452; x_wconf 84' lang='lat' dir='ltr'>clas</span> <span class='ocrx_word' id='word_1_168' title='bbox 1015 2391 1129 2451; x_wconf 76' lang='lat' dir='ltr'>cicala</span> <span class='ocrx_word' id='word_1_169' title='bbox 1148 2409 1187 2450; x_wconf 89' lang='lat' dir='ltr'>m.</span> <span class='ocrx_word' id='word_1_170' title='bbox 1204 2389 1233 2452; x_wconf 70' lang='lat' dir='ltr'>P.</span> <span class='ocrx_word' id='word_1_171' title='bbox 1257 2387 1437 2453; x_wconf 90' lang='lat' dir='ltr'>rectissime</span> <span class='ocrx_word' id='word_1_172' title='bbox 1459 2392 1617 2450; x_wconf 89' lang='lat' dir='ltr'>mutatum</span> 
     </span>
     <span class='ocr_line' id='line_1_20' title="bbox 393 2493 1618 2579; baseline -0.002 -21"><span class='ocrx_word' id='word_1_173' title='bbox 393 2500 443 2559; x_wconf 87' lang='lat' dir='ltr'>est</span> <span class='ocrx_word' id='word_1_174' title='bbox 473 2493 507 2558; x_wconf 88' lang='lat' dir='ltr'>iu</span> <span class='ocrx_word' id='word_1_175' title='bbox 535 2497 703 2574; x_wconf 70' lang='lat' dir='ltr'>classicam,</span> <span class='ocrx_word' id='word_1_176' title='bbox 738 2493 785 2556; x_wconf 94' lang='grc' dir='ltr'>ΠΙ</span> <span class='ocrx_word' id='word_1_177' title='bbox 812 2496 882 2579; x_wconf 88' lang='lat'>1‚9</span> <span class='ocrx_word' id='word_1_178' title='bbox 916 2495 957 2562; x_wconf 86' lang='lat' dir='ltr'>ab</span> <span class='ocrx_word' id='word_1_179' title='bbox 989 2498 1108 2579; x_wconf 83' lang='lat' dir='ltr'>ipsam</span> <span class='ocrx_word' id='word_1_180' title='bbox 1141 2518 1218 2560; x_wconf 85' lang='lat' dir='ltr'>cssc</span> <span class='ocrx_word' id='word_1_181' title='bbox 1248 2495 1282 2560; x_wconf 89' lang='lat' dir='ltr'>in</span> <span class='ocrx_word' id='word_1_182' title='bbox 1314 2497 1352 2560; x_wconf 89' lang='lat' dir='ltr'>ob</span> <span class='ocrx_word' id='word_1_183' title='bbox 1379 2498 1459 2578; x_wconf 85' lang='lat' dir='ltr'>ipso</span> <span class='ocrx_word' id='word_1_184' title='bbox 1490 2515 1618 2574; x_wconf 85' lang='lat' dir='ltr'>ocosse,</span> 
     </span>
     <span class='ocr_line' id='line_1_21' title="bbox 393 2601 1618 2687; baseline 0 -23"><span class='ocrx_word' id='word_1_185' title='bbox 393 2603 464 2684; x_wconf 80' lang='lat'>3,1</span> <span class='ocrx_word' id='word_1_186' title='bbox 488 2607 620 2684; x_wconf 79' lang='lat' dir='ltr'>suturas</span> <span class='ocrx_word' id='word_1_187' title='bbox 647 2605 802 2666; x_wconf 80' lang='lat' dir='ltr'>miseros</span> <span class='ocrx_word' id='word_1_188' title='bbox 828 2625 864 2666; x_wconf 88' lang='lat' dir='ltr'>sc</span> <span class='ocrx_word' id='word_1_189' title='bbox 892 2601 926 2666; x_wconf 89' lang='lat' dir='ltr'>in</span> <span class='ocrx_word' id='word_1_190' title='bbox 946 2608 1079 2685; x_wconf 83' lang='lat' dir='ltr'>sutccrus</span> <span class='ocrx_word' id='word_1_191' title='bbox 1104 2606 1216 2666; x_wconf 84' lang='lat' dir='ltr'>misor</span> <span class='ocrx_word' id='word_1_192' title='bbox 1239 2625 1324 2666; x_wconf 85' lang='lat' dir='ltr'>csse.</span> <span class='ocrx_word' id='word_1_193' title='bbox 1371 2609 1541 2687; x_wconf 86' lang='lat' dir='ltr'>praeterea</span> <span class='ocrx_word' id='word_1_194' title='bbox 1565 2621 1618 2665; x_wconf 86' lang='lat' dir='ltr'>ex-</span> 
     </span>
     <span class='ocr_line' id='line_1_22' title="bbox 394 2708 1619 2791; baseline -0.002 -17"><span class='ocrx_word' id='word_1_195' title='bbox 394 2715 482 2774; x_wconf 89' lang='lat' dir='ltr'>stant</span> <span class='ocrx_word' id='word_1_196' title='bbox 504 2714 640 2790; x_wconf 89' lang='lat' dir='ltr'>quartae</span> <span class='ocrx_word' id='word_1_197' title='bbox 664 2708 831 2774; x_wconf 89' lang='lat' dir='ltr'>cuiusdam</span> <span class='ocrx_word' id='word_1_198' title='bbox 853 2729 968 2774; x_wconf 87' lang='lat' dir='ltr'>manus</span> <span class='ocrx_word' id='word_1_199' title='bbox 993 2709 1115 2774; x_wconf 89' lang='lat' dir='ltr'>sacculi</span> <span class='ocrx_word' id='word_1_200' title='bbox 1140 2708 1253 2773; x_wconf 87' lang='lat' dir='ltr'>decimi</span> <span class='ocrx_word' id='word_1_201' title='bbox 1279 2709 1361 2774; x_wconf 83' lang='lat' dir='ltr'>sexti</span> <span class='ocrx_word' id='word_1_202' title='bbox 1386 2708 1526 2791; x_wconf 89' lang='lat' dir='ltr'>vestigia</span> <span class='ocrx_word' id='word_1_203' title='bbox 1541 2728 1619 2771; x_wconf 90' lang='lat' dir='ltr'>non-</span> 
     </span>
     <span class='ocr_line' id='line_1_23' title="bbox 393 2813 1620 2899; baseline -0.002 -19"><span class='ocrx_word' id='word_1_204' title='bbox 393 2814 490 2899; x_wconf 88' lang='lat' dir='ltr'>nulla,</span> <span class='ocrx_word' id='word_1_205' title='bbox 521 2813 579 2879; x_wconf 90' lang='lat' dir='ltr'>sed</span> <span class='ocrx_word' id='word_1_206' title='bbox 607 2814 650 2879; x_wconf 90' lang='lat' dir='ltr'>ad</span> <span class='ocrx_word' id='word_1_207' title='bbox 679 2815 810 2880; x_wconf 88' lang='lat' dir='ltr'>criticen</span> <span class='ocrx_word' id='word_1_208' title='bbox 839 2815 1051 2880; x_wconf 84' lang='lat' dir='ltr'>exercendam</span> <span class='ocrx_word' id='word_1_209' title='bbox 1075 2822 1141 2881; x_wconf 92' lang='lat' dir='ltr'>tam</span> <span class='ocrx_word' id='word_1_210' title='bbox 1165 2815 1275 2898; x_wconf 86' lang='lat' dir='ltr'>exigui</span> <span class='ocrx_word' id='word_1_211' title='bbox 1299 2823 1373 2882; x_wconf 89' lang='lat' dir='ltr'>sunt</span> <span class='ocrx_word' id='word_1_212' title='bbox 1396 2815 1554 2897; x_wconf 85' lang='lat' dir='ltr'>momenti,</span> <span class='ocrx_word' id='word_1_213' title='bbox 1583 2822 1620 2878; x_wconf 90' lang='lat' dir='ltr'>ut</span> 
     </span>
     <span class='ocr_line' id='line_1_24' title="bbox 392 2922 1618 3007; baseline -0.002 -19"><span class='ocrx_word' id='word_1_214' title='bbox 392 2943 457 2988; x_wconf 92' lang='lat' dir='ltr'>una</span> <span class='ocrx_word' id='word_1_215' title='bbox 482 2927 603 2986; x_wconf 89' lang='lat' dir='ltr'>tantum</span> <span class='ocrx_word' id='word_1_216' title='bbox 628 2922 728 3006; x_wconf 89' lang='lat' dir='ltr'>digna</span> <span class='ocrx_word' id='word_1_217' title='bbox 752 2923 802 3006; x_wconf 88' lang='lat' dir='ltr'>sit,</span> <span class='ocrx_word' id='word_1_218' title='bbox 827 2943 910 3005; x_wconf 91' lang='lat' dir='ltr'>quae</span> <span class='ocrx_word' id='word_1_219' title='bbox 934 2923 966 2986; x_wconf 94' lang='lat' dir='ltr'>in</span> <span class='ocrx_word' id='word_1_220' title='bbox 990 2923 1072 2988; x_wconf 90' lang='lat' dir='ltr'>satis</span> <span class='ocrx_word' id='word_1_221' title='bbox 1096 2923 1246 3007; x_wconf 91' lang='lat' dir='ltr'>amplum,</span> <span class='ocrx_word' id='word_1_222' title='bbox 1271 2923 1325 3005; x_wconf 88' lang='lat' dir='ltr'>qui</span> <span class='ocrx_word' id='word_1_223' title='bbox 1341 2922 1516 3006; x_wconf 87' lang='lat' dir='ltr'>aliquando</span> <span class='ocrx_word' id='word_1_224' title='bbox 1533 2942 1618 2986; x_wconf 88' lang='lat' dir='ltr'>com·</span> 
     </span>
     <span class='ocr_line' id='line_1_25' title="bbox 392 3028 1619 3115; baseline 0 -21"><span class='ocrx_word' id='word_1_225' title='bbox 392 3028 561 3115; x_wconf 87' lang='lat' dir='ltr'>ponendus</span> <span class='ocrx_word' id='word_1_226' title='bbox 576 3030 645 3111; x_wconf 81' lang='lat' dir='ltr'>erit,</span> <span class='ocrx_word' id='word_1_227' title='bbox 660 3030 870 3114; x_wconf 89' lang='lat' dir='ltr'>epistularum</span> <span class='ocrx_word' id='word_1_228' title='bbox 884 3036 1076 3115; x_wconf 88' lang='lat' dir='ltr'>apparatum</span> <span class='ocrx_word' id='word_1_229' title='bbox 1092 3029 1236 3095; x_wconf 91' lang='lat' dir='ltr'>criticum</span> <span class='ocrx_word' id='word_1_230' title='bbox 1251 3029 1433 3114; x_wconf 87' lang='lat' dir='ltr'>recipiatur.</span> <span class='ocrx_word' id='word_1_231' title='bbox 1457 3028 1619 3114; x_wconf 90' lang='lat' dir='ltr'>pauculae</span> 
     </span>
     <span class='ocr_line' id='line_1_26' title="bbox 393 3137 1619 3224; baseline 0 -22"><span class='ocrx_word' id='word_1_232' title='bbox 393 3137 477 3202; x_wconf 91' lang='lat' dir='ltr'>enim</span> <span class='ocrx_word' id='word_1_233' title='bbox 502 3146 575 3204; x_wconf 85' lang='lat' dir='ltr'>srrnt</span> <span class='ocrx_word' id='word_1_234' title='bbox 598 3139 657 3204; x_wconf 91' lang='lat' dir='ltr'>viri</span> <span class='ocrx_word' id='word_1_235' title='bbox 682 3139 820 3206; x_wconf 89' lang='lat' dir='ltr'>alicuius</span> <span class='ocrx_word' id='word_1_236' title='bbox 844 3138 960 3204; x_wconf 89' lang='lat' dir='ltr'>cruditi</span> <span class='ocrx_word' id='word_1_237' title='bbox 984 3138 1271 3204; x_wconf 87' lang='lat' dir='ltr'>adnotatiunculae</span> <span class='ocrx_word' id='word_1_238' title='bbox 1294 3147 1423 3224; x_wconf 88' lang='lat' dir='ltr'>praeter</span> <span class='ocrx_word' id='word_1_239' title='bbox 1446 3137 1544 3216; x_wconf 88' lang='lat' dir='ltr'>illam,</span> <span class='ocrx_word' id='word_1_240' title='bbox 1576 3137 1619 3202; x_wconf 89' lang='lat' dir='ltr'>de</span> 
     </span>
     <span class='ocr_line' id='line_1_27' title="bbox 394 3245 1616 3330; baseline 0 -22"><span class='ocrx_word' id='word_1_241' title='bbox 394 3265 460 3327; x_wconf 90' lang='lat' dir='ltr'>qua</span> <span class='ocrx_word' id='word_1_242' title='bbox 483 3245 568 3310; x_wconf 87' lang='lat' dir='ltr'>intra</span> <span class='ocrx_word' id='word_1_243' title='bbox 592 3245 706 3330; x_wconf 90' lang='lat' dir='ltr'>dicam,</span> <span class='ocrx_word' id='word_1_244' title='bbox 741 3267 779 3311; x_wconf 86' lang='lat' dir='ltr'>ex</span> <span class='ocrx_word' id='word_1_245' title='bbox 804 3246 916 3310; x_wconf 90' lang='lat' dir='ltr'>codice</span> <span class='ocrx_word' id='word_1_246' title='bbox 940 3245 1079 3329; x_wconf 89' lang='lat' dir='ltr'>quodam</span> <span class='ocrx_word' id='word_1_247' title='bbox 1103 3246 1280 3312; x_wconf 89' lang='lat' dir='ltr'>recentiore</span> <span class='ocrx_word' id='word_1_248' title='bbox 1302 3247 1354 3311; x_wconf 89' lang='lat' dir='ltr'>vel</span> <span class='ocrx_word' id='word_1_249' title='bbox 1379 3267 1418 3310; x_wconf 81' lang='lat' dir='ltr'>cx</span> <span class='ocrx_word' id='word_1_250' title='bbox 1441 3245 1616 3330; x_wconf 84' lang='lat' dir='ltr'>exemplari</span> 
     </span>
     <span class='ocr_line' id='line_1_28' title="bbox 393 3352 1618 3438; baseline 0.001 -23"><span class='ocrx_word' id='word_1_251' title='bbox 393 3352 480 3436; x_wconf 86' lang='lat' dir='ltr'>typis</span> <span class='ocrx_word' id='word_1_252' title='bbox 504 3352 667 3438; x_wconf 87' lang='lat' dir='ltr'>descripto</span> <span class='ocrx_word' id='word_1_253' title='bbox 692 3355 822 3438; x_wconf 64' lang='lat' dir='ltr'>laetitae.</span> <span class='ocrx_word' id='word_1_254' title='bbox 869 3354 911 3418; x_wconf 90' lang='lat' dir='ltr'>ad</span> <span class='ocrx_word' id='word_1_255' title='bbox 941 3375 980 3418; x_wconf 90' lang='lat' dir='ltr'>ea</span> <span class='ocrx_word' id='word_1_256' title='bbox 1010 3375 1093 3436; x_wconf 85' lang='lat' dir='ltr'>quac</span> <span class='ocrx_word' id='word_1_257' title='bbox 1123 3355 1417 3438; x_wconf 77' lang='lat' dir='ltr'>rr,4reg1ntur:</span> <span class='ocrx_word' id='word_1_258' title='bbox 1446 3357 1501 3419; x_wconf 88' lang='lat' dir='ltr'>boc</span> <span class='ocrx_word' id='word_1_259' title='bbox 1526 3356 1618 3437; x_wconf 83' lang='lat' dir='ltr'>pic-rt-</span> 
     </span>
     <span class='ocr_line' id='line_1_29' title="bbox 393 3461 1619 3546; baseline 0.001 -23"><span class='ocrx_word' id='word_1_260' title='bbox 393 3481 449 3542; x_wconf 80' lang='lat' dir='ltr'>quc</span> <span class='ocrx_word' id='word_1_261' title='bbox 486 3463 652 3526; x_wconf 78' lang='lat' dir='ltr'>ordinariis</span> <span class='ocrx_word' id='word_1_262' title='bbox 685 3464 816 3546; x_wconf 84' lang='lat' dir='ltr'>pacibus</span> <span class='ocrx_word' id='word_1_263' title='bbox 853 3471 880 3526; x_wconf 88' lang='lat' dir='ltr'>ct</span> <span class='ocrx_word' id='word_1_264' title='bbox 918 3464 1121 3546; x_wconf 81' lang='lat' dir='ltr'>postulaticiis</span> <span class='ocrx_word' id='word_1_265' title='bbox 1155 3467 1349 3546; x_wconf 79' lang='lat' dir='ltr'>pccrcscaaat.</span> <span class='ocrx_word' id='word_1_266' title='bbox 1390 3461 1470 3526; x_wconf 87' lang='lat' dir='ltr'>satis</span> <span class='ocrx_word' id='word_1_267' title='bbox 1509 3461 1619 3544; x_wconf 88' lang='lat' dir='ltr'>inepte</span> 
     </span>
     <span class='ocr_line' id='line_1_30' title="bbox 393 3565 1620 3653; baseline 0.002 -23"><span class='ocrx_word' id='word_1_268' title='bbox 393 3565 591 3651; x_wconf 85' lang='lat' dir='ltr'>adscriptum</span> <span class='ocrx_word' id='word_1_269' title='bbox 624 3577 674 3632; x_wconf 89' lang='lat' dir='ltr'>est</span> <span class='ocrx_word' id='word_1_270' title='bbox 705 3569 738 3634; x_wconf 89' lang='lat' dir='ltr'>in</span> <span class='ocrx_word' id='word_1_271' title='bbox 770 3568 930 3651; x_wconf 80' lang='lat' dir='ltr'>margine:</span> <span class='ocrx_word' id='word_1_272' title='bbox 964 3571 1043 3634; x_wconf 79' lang='lat' dir='ltr'>aiios</span> <span class='ocrx_word' id='word_1_273' title='bbox 1065 3572 1207 3652; x_wconf 80' lang='lat' dir='ltr'>pcrrtituts</span> <span class='ocrx_word' id='word_1_274' title='bbox 1235 3571 1377 3653; x_wconf 81' lang='lat' dir='ltr'>Baptista</span> <span class='ocrx_word' id='word_1_275' title='bbox 1404 3571 1478 3652; x_wconf 84' lang='lat' dir='ltr'>pius</span> <span class='ocrx_word' id='word_1_276' title='bbox 1506 3569 1620 3648; x_wconf 65' lang='lat' dir='ltr'>leuabat</span> 
     </span>
     <span class='ocr_line' id='line_1_31' title="bbox 388 3675 1619 3760; baseline -0.002 -22"><span class='ocrx_word' id='word_1_277' title='bbox 388 3675 588 3758; x_wconf 49' lang='lat' dir='ltr'>peramisit</span> <span class='ocrx_word' id='word_1_278' title='bbox 634 3695 694 3740; x_wconf 90' lang='lat' dir='ltr'>nec</span> <span class='ocrx_word' id='word_1_279' title='bbox 715 3675 830 3740; x_wconf 92' lang='lat' dir='ltr'>melius</span> <span class='ocrx_word' id='word_1_280' title='bbox 853 3675 933 3739; x_wconf 89' lang='lat' dir='ltr'>Xlll</span> <span class='ocrx_word' id='word_1_281' title='bbox 955 3681 981 3758; x_wconf 92' lang='lat'>1,</span> <span class='ocrx_word' id='word_1_282' title='bbox 999 3679 1037 3740; x_wconf 78' lang='lat'>‘21</span> <span class='ocrx_word' id='word_1_283' title='bbox 1063 3676 1135 3740; x_wconf 86' lang='lat' dir='ltr'>voci</span> <span class='ocrx_word' id='word_1_284' title='bbox 1156 3678 1390 3759; x_wconf 69' lang='lat' dir='ltr'>prauum-aptae</span> <span class='ocrx_word' id='word_1_285' title='bbox 1413 3679 1619 3760; x_wconf 89' lang='lat' dir='ltr'>apponuntur</span> 
     </span>
     <span class='ocr_line' id='line_1_32' title="bbox 393 3779 1618 3867; baseline 0.002 -23"><span class='ocrx_word' id='word_1_286' title='bbox 393 3779 474 3846; x_wconf 89' lang='lat' dir='ltr'>hacc</span> <span class='ocrx_word' id='word_1_287' title='bbox 501 3783 614 3847; x_wconf 90' lang='lat' dir='ltr'>verba:</span> <span class='ocrx_word' id='word_1_288' title='bbox 642 3785 865 3866; x_wconf 69' lang='lat' dir='ltr'>grandiscapiae</span> <span class='ocrx_word' id='word_1_289' title='bbox 891 3785 1019 3848; x_wconf 79' lang='lat' dir='ltr'>arbores</span> <span class='ocrx_word' id='word_1_290' title='bbox 1046 3787 1084 3848; x_wconf 85' lang='lat' dir='ltr'>.i.</span> <span class='ocrx_word' id='word_1_291' title='bbox 1110 3786 1239 3866; x_wconf 75' lang='lat' dir='ltr'>prandia</span> <span class='ocrx_word' id='word_1_292' title='bbox 1272 3787 1388 3867; x_wconf 84' lang='lat' dir='ltr'>cupitis.</span> <span class='ocrx_word' id='word_1_293' title='bbox 1445 3788 1618 3867; x_wconf 83' lang='lat' dir='ltr'>praeterea</span> 
     </span>
     <span class='ocr_line' id='line_1_33' title="bbox 394 3887 1616 3975; baseline 0 -23"><span class='ocrx_word' id='word_1_294' title='bbox 394 3887 507 3954; x_wconf 88' lang='lat' dir='ltr'>cadem</span> <span class='ocrx_word' id='word_1_295' title='bbox 531 3909 645 3954; x_wconf 89' lang='lat' dir='ltr'>manus</span> <span class='ocrx_word' id='word_1_296' title='bbox 669 3895 811 3954; x_wconf 79' lang='lat' dir='ltr'>extrema</span> <span class='ocrx_word' id='word_1_297' title='bbox 835 3889 967 3956; x_wconf 91' lang='lat' dir='ltr'>ultimae</span> <span class='ocrx_word' id='word_1_298' title='bbox 992 3889 1151 3975; x_wconf 88' lang='lat' dir='ltr'>epistulae</span> <span class='ocrx_word' id='word_1_299' title='bbox 1175 3890 1265 3969; x_wconf 89' lang='lat' dir='ltr'>(XIII</span> <span class='ocrx_word' id='word_1_300' title='bbox 1289 3891 1322 3970; x_wconf 89' lang='lat'>3)</span> <span class='ocrx_word' id='word_1_301' title='bbox 1350 3890 1449 3955; x_wconf 88' lang='lat' dir='ltr'>verba</span> <span class='ocrx_word' id='word_1_302' title='bbox 1478 3911 1498 3954; x_wconf 90' lang='lat' dir='ltr'>a</span> <span class='ocrx_word' id='word_1_303' title='bbox 1520 3909 1616 3953; x_wconf 89' lang='lat' dir='ltr'>manu</span> 
     </span>
    </p>
   </div>
   <div class='ocr_carea' id='block_1_3' title="bbox 392 4047 1617 4656">
    <p class='ocr_par' dir='ltr' id='par_1_3' title="bbox 392 4047 1617 4656">
     <span class='ocr_line' id='line_1_34' title="bbox 485 4047 1617 4118; baseline 0 -16"><span class='ocrx_word' id='word_1_304' title='bbox 485 4047 519 4114; x_wconf 78' lang='lat'>¹⁶)</span> <span class='ocrx_word' id='word_1_305' title='bbox 539 4049 725 4103; x_wconf 70' lang='lat' dir='ltr'>causativum</span> <span class='ocrx_word' id='word_1_306' title='bbox 749 4054 901 4104; x_wconf 73' lang='lat' dir='ltr'>scotinus</span> <span class='ocrx_word' id='word_1_307' title='bbox 924 4050 980 4104; x_wconf 87' lang='lat' dir='ltr'>iam</span> <span class='ocrx_word' id='word_1_308' title='bbox 1005 4051 1151 4104; x_wconf 80' lang='lat' dir='ltr'>Pincianus</span> <span class='ocrx_word' id='word_1_309' title='bbox 1175 4049 1327 4103; x_wconf 85' lang='lat' dir='ltr'>damnavit.</span> <span class='ocrx_word' id='word_1_310' title='bbox 1365 4053 1395 4102; x_wconf 87' lang='lat' dir='ltr'>at</span> <span class='ocrx_word' id='word_1_311' title='bbox 1417 4051 1491 4102; x_wconf 77' lang='lat' dir='ltr'>nraclo</span> <span class='ocrx_word' id='word_1_312' title='bbox 1514 4067 1561 4118; x_wconf 88' lang='lat' dir='ltr'>pro</span> <span class='ocrx_word' id='word_1_313' title='bbox 1585 4066 1617 4102; x_wconf 82' lang='lat' dir='ltr'>eo</span> 
     </span>
     <span class='ocr_line' id='line_1_35' title="bbox 393 4137 1615 4208; baseline -0.003 -17"><span class='ocrx_word' id='word_1_314' title='bbox 393 4139 466 4207; x_wconf 91' lang='lat' dir='ltr'>quod</span> <span class='ocrx_word' id='word_1_315' title='bbox 488 4137 511 4192; x_wconf 90' lang='lat' dir='ltr'>is</span> <span class='ocrx_word' id='word_1_316' title='bbox 535 4138 705 4193; x_wconf 83' lang='lat' dir='ltr'>scribendum</span> <span class='ocrx_word' id='word_1_317' title='bbox 729 4138 871 4208; x_wconf 87' lang='lat' dir='ltr'>proposuit</span> <span class='ocrx_word' id='word_1_318' title='bbox 898 4143 1028 4193; x_wconf 80' lang='lat' dir='ltr'>acclina</span> <span class='ocrx_word' id='word_1_319' title='bbox 1054 4139 1155 4194; x_wconf 89' lang='lat' dir='ltr'>litteris</span> <span class='ocrx_word' id='word_1_320' title='bbox 1178 4139 1290 4194; x_wconf 80' lang='lat' dir='ltr'>Graccis</span> <span class='ocrx_word' id='word_1_321' title='bbox 1318 4145 1465 4206; x_wconf 73' lang='grc' dir='ltr'>σκοτεινῷ</span> <span class='ocrx_word' id='word_1_322' title='bbox 1483 4138 1526 4192; x_wconf 89' lang='lat' dir='ltr'>vel</span> <span class='ocrx_word' id='word_1_323' title='bbox 1546 4155 1615 4188; x_wconf 79' lang='lat' dir='ltr'>cao-</span> 
     </span>
     <span class='ocr_line' id='line_1_36' title="bbox 392 4227 1616 4296; baseline -0.001 -15"><span class='ocrx_word' id='word_1_324' title='bbox 392 4233 492 4278; x_wconf 82' lang='grc' dir='ltr'>τεινοῦ</span> <span class='ocrx_word' id='word_1_325' title='bbox 506 4228 630 4282; x_wconf 82' lang='lat' dir='ltr'>scribere.</span> <span class='ocrx_word' id='word_1_326' title='bbox 657 4228 838 4282; x_wconf 86' lang='lat' dir='ltr'>libentissime</span> <span class='ocrx_word' id='word_1_327' title='bbox 853 4228 925 4282; x_wconf 88' lang='lat' dir='ltr'>enim</span> <span class='ocrx_word' id='word_1_328' title='bbox 941 4228 1047 4283; x_wconf 88' lang='lat' dir='ltr'>librarii</span> <span class='ocrx_word' id='word_1_329' title='bbox 1061 4229 1170 4283; x_wconf 87' lang='lat' dir='ltr'>litteras</span> <span class='ocrx_word' id='word_1_330' title='bbox 1184 4231 1309 4292; x_wconf 83' lang='lat' dir='ltr'>Graecas,</span> <span class='ocrx_word' id='word_1_331' title='bbox 1329 4229 1428 4296; x_wconf 92' lang='lat' dir='ltr'>quibus</span> <span class='ocrx_word' id='word_1_332' title='bbox 1447 4227 1616 4296; x_wconf 83' lang='lat' dir='ltr'>temporibus.</span> 
     </span>
     <span class='ocr_line' id='line_1_37' title="bbox 392 4316 1617 4386; baseline 0.001 -15"><span class='ocrx_word' id='word_1_333' title='bbox 392 4334 485 4371; x_wconf 89' lang='lat' dir='ltr'>earum</span> <span class='ocrx_word' id='word_1_334' title='bbox 504 4317 626 4386; x_wconf 86' lang='lat' dir='ltr'>cognitio</span> <span class='ocrx_word' id='word_1_335' title='bbox 639 4316 760 4370; x_wconf 89' lang='lat' dir='ltr'>nondum</span> <span class='ocrx_word' id='word_1_336' title='bbox 773 4335 881 4386; x_wconf 90' lang='lat' dir='ltr'>prorsus</span> <span class='ocrx_word' id='word_1_337' title='bbox 895 4318 1019 4371; x_wconf 83' lang='lat' dir='ltr'>extincta</span> <span class='ocrx_word' id='word_1_338' title='bbox 1032 4322 1099 4380; x_wconf 88' lang='lat' dir='ltr'>erat,</span> <span class='ocrx_word' id='word_1_339' title='bbox 1119 4335 1179 4372; x_wconf 89' lang='lat' dir='ltr'>cum</span> <span class='ocrx_word' id='word_1_340' title='bbox 1195 4318 1302 4372; x_wconf 90' lang='lat' dir='ltr'>Latinis</span> <span class='ocrx_word' id='word_1_341' title='bbox 1321 4318 1478 4373; x_wconf 83' lang='lat' dir='ltr'>mutabant.</span> <span class='ocrx_word' id='word_1_342' title='bbox 1506 4335 1530 4370; x_wconf 88' lang='lat' dir='ltr'>v.</span> <span class='ocrx_word' id='word_1_343' title='bbox 1545 4335 1617 4385; x_wconf 83' lang='lat' dir='ltr'>quac</span> 
     </span>
     <span class='ocr_line' id='line_1_38' title="bbox 392 4406 1617 4477; baseline 0 -17"><span class='ocrx_word' id='word_1_344' title='bbox 392 4406 466 4460; x_wconf 83' lang='lat' dir='ltr'>infra</span> <span class='ocrx_word' id='word_1_345' title='bbox 484 4406 517 4462; x_wconf 88' lang='lat' dir='ltr'>de</span> <span class='ocrx_word' id='word_1_346' title='bbox 535 4406 625 4461; x_wconf 89' lang='lat' dir='ltr'>codice</span> <span class='ocrx_word' id='word_1_347' title='bbox 644 4406 665 4460; x_wconf 86' lang='lat' dir='ltr'>L</span> <span class='ocrx_word' id='word_1_348' title='bbox 684 4406 782 4461; x_wconf 89' lang='lat' dir='ltr'>dicam.</span> <span class='ocrx_word' id='word_1_349' title='bbox 815 4410 936 4461; x_wconf 88' lang='lat' dir='ltr'>ceterum</span> <span class='ocrx_word' id='word_1_350' title='bbox 955 4425 987 4460; x_wconf 82' lang='lat' dir='ltr'>err</span> <span class='ocrx_word' id='word_1_351' title='bbox 1006 4425 1039 4461; x_wconf 84' lang='lat' dir='ltr'>aa</span> <span class='ocrx_word' id='word_1_352' title='bbox 1057 4408 1118 4477; x_wconf 87' lang='lat' dir='ltr'>ipsa</span> <span class='ocrx_word' id='word_1_353' title='bbox 1136 4425 1165 4462; x_wconf 88' lang='lat' dir='ltr'>rc</span> <span class='ocrx_word' id='word_1_354' title='bbox 1180 4408 1253 4476; x_wconf 91' lang='lat' dir='ltr'>quod</span> <span class='ocrx_word' id='word_1_355' title='bbox 1271 4407 1346 4462; x_wconf 88' lang='lat' dir='ltr'>hand</span> <span class='ocrx_word' id='word_1_356' title='bbox 1365 4407 1493 4461; x_wconf 87' lang='lat' dir='ltr'>credibile</span> <span class='ocrx_word' id='word_1_357' title='bbox 1506 4407 1617 4461; x_wconf 83' lang='lat' dir='ltr'>videtur</span> 
     </span>
     <span class='ocr_line' id='line_1_39' title="bbox 392 4495 1614 4566; baseline -0.001 -18"><span class='ocrx_word' id='word_1_358' title='bbox 392 4495 616 4564; x_wconf 84' lang='lat' dir='ltr'>interpolatorem</span> <span class='ocrx_word' id='word_1_359' title='bbox 631 4496 817 4550; x_wconf 87' lang='lat' dir='ltr'>accusativum</span> <span class='ocrx_word' id='word_1_360' title='bbox 832 4497 908 4550; x_wconf 92' lang='lat' dir='ltr'>illius</span> <span class='ocrx_word' id='word_1_361' title='bbox 927 4497 1053 4551; x_wconf 85' lang='lat' dir='ltr'>vocabuli</span> <span class='ocrx_word' id='word_1_362' title='bbox 1068 4515 1116 4566; x_wconf 91' lang='lat' dir='ltr'>pro</span> <span class='ocrx_word' id='word_1_363' title='bbox 1136 4515 1174 4561; x_wconf 89' lang='lat' dir='ltr'>eo,</span> <span class='ocrx_word' id='word_1_364' title='bbox 1194 4515 1275 4564; x_wconf 88' lang='lat' dir='ltr'>quem</span> <span class='ocrx_word' id='word_1_365' title='bbox 1292 4497 1416 4558; x_wconf 88' lang='lat' dir='ltr'>debebat,</span> <span class='ocrx_word' id='word_1_366' title='bbox 1429 4495 1559 4564; x_wconf 86' lang='lat' dir='ltr'>genetivo</span> <span class='ocrx_word' id='word_1_367' title='bbox 1572 4495 1614 4549; x_wconf 86' lang='lat' dir='ltr'>vel</span> 
     </span>
     <span class='ocr_line' id='line_1_40' title="bbox 392 4584 1615 4656; baseline -0.002 -18"><span class='ocrx_word' id='word_1_368' title='bbox 392 4584 486 4639; x_wconf 82' lang='lat' dir='ltr'>dativo</span> <span class='ocrx_word' id='word_1_369' title='bbox 504 4584 632 4652; x_wconf 87' lang='lat' dir='ltr'>posuisse,</span> <span class='ocrx_word' id='word_1_370' title='bbox 651 4585 729 4639; x_wconf 90' lang='lat' dir='ltr'>illam</span> <span class='ocrx_word' id='word_1_371' title='bbox 749 4585 912 4654; x_wconf 86' lang='lat' dir='ltr'>scripturam</span> <span class='ocrx_word' id='word_1_372' title='bbox 931 4585 1036 4640; x_wconf 85' lang='lat' dir='ltr'>fraudis</span> <span class='ocrx_word' id='word_1_373' title='bbox 1055 4587 1208 4656; x_wconf 87' lang='lat' dir='ltr'>suspicione</span> <span class='ocrx_word' id='word_1_374' title='bbox 1226 4586 1342 4639; x_wconf 85' lang='lat' dir='ltr'>liberam</span> <span class='ocrx_word' id='word_1_375' title='bbox 1361 4602 1418 4639; x_wconf 85' lang='lat' dir='ltr'>csse</span> <span class='ocrx_word' id='word_1_376' title='bbox 1432 4585 1615 4654; x_wconf 84' lang='lat' dir='ltr'>intellegitur.</span> 
     </span>
    </p>
   </div>
   <div class='ocr_carea' id='block_1_4' title="bbox 484 4671 1460 4743">
    <p class='ocr_par' dir='ltr' id='par_1_4' title="bbox 484 4671 1460 4743">
     <span class='ocr_line' id='line_1_41' title="bbox 484 4671 1460 4743; baseline -0.001 -16"><span class='ocrx_word' id='word_1_377' title='bbox 484 4671 518 4741; x_wconf 69' lang='grc' dir='ltr'>Π)</span> <span class='ocrx_word' id='word_1_378' title='bbox 538 4673 664 4743; x_wconf 85' lang='lat' dir='ltr'>Baptista</span> <span class='ocrx_word' id='word_1_379' title='bbox 684 4674 749 4728; x_wconf 88' lang='lat' dir='ltr'>Pius</span> <span class='ocrx_word' id='word_1_380' title='bbox 769 4675 946 4729; x_wconf 88' lang='lat' dir='ltr'>Bononiensis</span> <span class='ocrx_word' id='word_1_381' title='bbox 964 4678 1089 4729; x_wconf 90' lang='lat' dir='ltr'>mortuus</span> <span class='ocrx_word' id='word_1_382' title='bbox 1108 4679 1150 4730; x_wconf 91' lang='lat' dir='ltr'>est</span> <span class='ocrx_word' id='word_1_383' title='bbox 1168 4675 1271 4728; x_wconf 87' lang='lat' dir='ltr'>Romae</span> <span class='ocrx_word' id='word_1_384' title='bbox 1291 4693 1362 4728; x_wconf 86' lang='lat' dir='ltr'>auno</span> <span class='ocrx_word' id='word_1_385' title='bbox 1383 4676 1460 4728; x_wconf 72' lang='lat'>1540.</span> 
     </span>
    </p>
   </div>
   <div class='ocr_carea' id='block_1_5' title="bbox 0 0 1805 5224">
    <p class='ocr_par' dir='ltr' id='par_1_5' title="bbox 0 0 1805 5224">
     <span class='ocr_line' id='line_1_42' title="bbox 0 0 1805 5224; baseline 0 0"><span class='ocrx_word' id='word_1_386' title='bbox 0 0 1805 5224; x_wconf 95' lang='lat' dir='ltr'> </span> 
     </span>
    </p>
   </div>
  </div>
 </body>
</html>
