3634 5240
816 415 855 476 77

648 675 666 756 ᾖ
690 675 739 737 17.
770 673 823 737 De
847 673 1025 737 catalexi.

311 828 382 904 His,
417 828 470 910 qui
498 827 536 893 ad
561 828 698 910 syllabas
724 828 835 893 finales
861 829 1033 892 metrorum
1063 829 1096 890 et
1117 827 1351 891 enuntiatorum
1377 847 1446 911 per-

225 931 340 1009 tinent,
377 930 452 995 locis
486 932 594 995 statim
628 951 680 996 eos
714 931 919 1012 subiungam,
957 930 1070 1012 quibua
1110 929 1148 992 de
1185 929 1317 994 catalexi
1351 933 1446 996 rerba

224 1032 314 1098 fiunt.

309 1153 378 1218 Iam
406 1173 479 1218 eum
506 1153 607 1217 omnis
634 1153 781 1218 orationis
809 1152 911 1235 gravis
941 1154 973 1216 et
995 1170 1119 1216 severae
1148 1153 1179 1216 id
1207 1152 1248 1216 sit
1273 1155 1444 1237 proprium,

224 1258 261 1320 ut
282 1276 345 1321 non
366 1258 513 1322 continuo
536 1257 655 1321 feratur
668 1256 808 1332 flumine,
832 1255 886 1319 sed
901 1255 1071 1318 maioribus
1094 1255 1266 1320 intervallis
1282 1258 1445 1322 enuntiata

224 1359 307 1424 inter
330 1379 363 1425 se
380 1362 610 1444 separentur1),
633 1361 735 1422 metra
750 1377 874 1440 quoque
890 1357 1032 1433 cataleri,
1050 1377 1113 1440 qua
1127 1357 1330 1422 interstitium
1348 1359 1445 1441 quod·

223 1462 296 1526 dam
324 1463 407 1528 iuter
428 1463 568 1545 singulos
597 1462 731 1526 efficitur
751 1480 877 1537 versus,
910 1461 992 1525 fiunt
1014 1457 1129 1541 σεμνά,
1163 1463 1200 1523 ut
1225 1462 1270 1525 ait
1291 1462 1443 1528 Aristides

223 1564 328 1644 Quint.
363 1567 429 1648 (qui
453 1566 600 1630 hocloco
631 1565 817 1629 ‘metricum'
851 1567 1011 1629 auctorem
1038 1563 1196 1644 exscribit)
1229 1583 1258 1646 p.
1283 1565 1379 1628 5οΜ
1401 1595 1443 1620 =

224 1669 274 1743 32,
287 1670 327 1731 27
340 1669 379 1734 J:
402 1659 619 1754 καταληκτικό
643 1669 700 1748 (sc.
722 1666 868 1731 καλεῖται
890 1664 1015 1751 μίτρα),
1041 1659 1103 1730 ὅσα
1126 1657 1287 1751 συλλαβήν
1308 1657 1445 1754 ἀφαιρεῖ

221 1773 278 1835 τοῖν
299 1765 481 1835 τελευταίου
510 1767 616 1848 ποδός
644 1765 883 1855 σεμνότητος
911 1767 1014 1832 ἕνεκεν
1033 1770 1092 1854 τῆς
1113 1766 1316 1854 μακροτέρας
1340 1793 1442 1834 κατα-

221 1871 349 1961 λήξεως.
393 1873 587 1953 Quibuscum
605 1873 815 1949 consentiunt,
832 1891 911 1954 quae
928 1873 1076 1954 leguntur
1091 1891 1120 1954 p.
1138 1871 1176 1933 51
1191 1872 1224 1934 M
1235 1899 1278 1928 =
1291 1875 1339 1950 33,
1354 1875 1390 1936 11
1405 1875 1441 1942 J:

221 1966 352 2062 άρχεται
377 1975 414 2041 δὲ
438 1979 492 2057 (sc.
508 1973 546 2041 τὸ
563 1968 760 2057 δακτυλικὸν)
776 1967 846 2039 άπὸ
869 1972 1019 2058 διμέτρου
1041 1971 1096 2036 καὶ
1119 1968 1269 2058 πρόεισιν
1291 1973 1351 2052 ἕως
1373 1970 1443 2054 ἑξα-

220 2077 352 2166 μέτρου,
386 2074 440 2144 ὁτὲ
462 2077 523 2162 μὲν
544 2072 772 2165 άκατάληκτσν,
796 2073 850 2144 dte*
874 2075 910 2141 δὲ
933 2071 1173 2162 καταληκτικόν,
1196 2071 1288 2162 ἡνίκα
1309 2076 1443 2144 καὶτοῦ

220 2176 373 2266 τροχαίου
388 2177 470 2246 κατὰ
484 2179 575 2260 τέλος
590 2172 735 2247 δεκτικὸν
750 2177 912 2267 γινόμενον
927 2173 1020 2257 ίδίως
1034 2172 1140 2264 ἡρῷον
1152 2178 1308 2244 καλεῖται,
1344 2177 1442 2263 μόνον

222 2282 258 2348 δι’
278 2277 316 2348 τὸ
339 2278 515 2370 ἑξάμετρον
536 2283 653 2370 ταίπης
668 2281 812 2370 τυγχάνει
835 2286 894 2368 τῆς
917 2278 1146 2368 προσηγορίας·
1171 2279 1358 2368 σεμνότερον
1379 2275 1441 2372 γάρ

220 2383 339 2470 γίνεται
356 2383 413 2452 διά
434 2409 470 2452 τε
491 2379 530 2451 τὸ
549 2385 689 2472 μέγεθος
704 2385 759 2450 καὶ
782 2379 838 2451 διὰ
858 2383 896 2451 τὸ
912 2381 1073 2470 συλλαβὴν
1087 2382 1147 2466 μὲν
1161 2382 1329 2471 κατάρχειν
1344 2379 1443 2452 αὐτοῦ

219 2486 354 2575 μακράν,
378 2487 483 2576 λήγειν
505 2488 542 2554 δὲ
564 2485 613 2568 είς
633 2486 806 2577 κατάληξιν
828 2481 1025 2574 εὐμεγέθους
1040 2485 1267 2572 διαστήματος.
1313 2489 1361 2554 Cf.
1377 2491 1442 2555 Pa.-

220 2591 391 2676 Hephaest.
426 2595 521 2675 §43-
548 2613 578 2676 p.
602 2595 643 2656 82
670 2621 713 2648 =
742 2593 844 2657 Tract.
867 2591 954 2656 Heri.
988 2611 1016 2674 p.
1040 2593 1112 2663 324,
1138 2593 1190 2654 19:
1225 2583 1276 2674 (τὸ
1302 2585 1441 2677 ἡρωϊκὸν

219 2692 348 2780 μέτρον)
382 2693 507 2776 δέχεται
532 2745 539 2759 .
563 2745 570 2760 .
596 2745 603 2759 .
625 2686 683 2762 τὸν
705 2744 713 2759 .
738 2743 745 2758 .
770 2745 777 2759 .
800 2696 951 2782 τροχαῖον
977 2689 1071 2780 ἒντῇ
1093 2691 1182 2782 ἕκτη,
1216 2693 1269 2758 ἵνα
1294 2692 1441 2782 βεβηκώς

220 2790 267 2884 ε’ίη
291 2791 443 2880 όστίχος.

306 2919 376 2983 Nou
398 2939 525 3004 prorsus
549 2939 621 2984 cum
642 2919 702 2982 hoc
723 2918 838 2982 iudicio
854 2917 988 2981 concinit
1009 2917 1096 2992 iilud,
1120 2916 1202 2998 quod
1224 2917 1341 2999 legitur
1355 2919 1438 3001 apud

220 3022 354 3085 eundem
376 3023 545 3087 Aristidem
569 3043 598 3106 p.
623 3022 662 3084 97
686 3021 719 3084 M
741 3047 783 3074 z
807 3021 857 3096 59,
882 3020 921 3082 16
944 3019 980 3084 J:
1018 3013 1049 3082 οἱ
1072 3016 1133 3101 μὲν
1157 3012 1346 3104 ὁλοκλήρους
1367 3012 1441 3098 τοὺς

220 3118 328 3202 πόδας
350 3119 384 3187 ἐν
405 3129 479 3204 ταῖς
508 3121 679 3209 περιόδοις
701 3117 826 3202 ἔχοντες
847 3115 1064 3209 εὐφυέστεραι,
1101 3115 1129 3184 oi
1154 3119 1191 3185 δὲ
1218 3123 1348 3208 βραχεῖς
1368 3119 1442 3201 τοὺς

218 3217 323 3304 κενοὺς
362 3222 489 3308 ἔχοντες
527 3219 733 3314 ἀφελέστερα
767 3222 821 3288 καί
854 3227 1108 3312 μικροπρεπεῖς,
1142 3218 1172 3287 oi
1206 3215 1234 3287 δ’
1269 3221 1442 3312 ἐπιμήκεις

217 3327 567 3414 μεγαλοπρεπέστερα.
613 3329 672 3409 Qui
700 3328 839 3411 rhythmi
865 3329 911 3413 τῷ
937 3322 1123 3410 χωρίζοντι,
1159 3345 1253 3409 quem
1282 3332 1440 3393 auctorem

217 3432 277 3496 hoc
299 3433 366 3497 loco
389 3433 530 3515 sequitur
551 3433 713 3508 Aristides,
737 3424 905 3517 ὁλόκληροι
930 3432 1001 3508 sint,
1025 3431 1218 3512 significatur
1236 3449 1265 3512 p.
1287 3432 1329 3493 40
1351 3431 1385 3494 Μ
1398 3457 1440 3486 =

219 3535 269 3611 27,
292 3537 313 3598 4
334 3537 369 3614 J,
404 3538 498 3618 atque
520 3536 659 3600 indidem
686 3535 835 3599 discimus
858 3535 1037 3618 rhythmos,
1072 3535 1126 3616 qui
1160 3526 1190 3597 oi
1215 3535 1345 3619 βραχεῖς
1367 3525 1441 3610 τοὺς

218 3628 324 3715 κενοὺς
346 3631 472 3718 ἔχοντες
494 3641 653 3712 vocentur,
675 3639 745 3702 illos
769 3655 847 3714 esse,
871 3638 924 3720 qui
947 3635 1069 3720 λεῖμμα
1091 3635 1214 3719 aliquod
1238 3635 1384 3714 habeant,
1408 3640 1440 3701 et

217 3741 392 3824 rhythmos,
426 3743 480 3824 qui
512 3738 683 3827 ἐπιμήκεις
707 3734 781 3818 τοὺς
802 3731 909 3816 κενοὺς
931 3733 1054 3820 ἔχοντες
1079 3741 1239 3816 vocentur,
1265 3738 1334 3803 illos
1361 3758 1439 3818 esse,

218 3845 271 3926 qui
294 3839 480 3929 πρόσθεσιν
503 3845 643 3927 aliquam
664 3844 812 3908 habeant.
852 3842 964 3926 Itaque
987 3846 1112 3909 auctore
1137 3842 1194 3907 hoc
1217 3842 1438 3921 „chorizonte“,

218 3965 279 4028 quo
311 3948 434 4029 longius
468 3949 668 4013 intervallum
694 3947 807 4024 habet,
834 3964 869 4010 eo
898 3946 1147 4028 magnificentior
1178 3949 1226 4009 est
1254 3945 1437 4028 rhythmus,

216 4068 318 4132 neque
341 4051 437 4132 igitur
459 4053 507 4127 (ut
530 4051 668 4133 exemplo
684 4048 769 4129 uter)
793 4049 972 4112 hexameter
989 4049 1161 4132 dactylicus
1177 4052 1302 4131 propter
1322 4049 1438 4112 unius

214 4149 327 4240 χρόνου
350 4148 490 4238 πριάτου,
508 4154 589 4234 quod
609 4154 642 4216 in
658 4153 718 4216 fine
734 4152 838 4228 habet,
855 4150 976 4233 λεῖμμα
992 4152 1100 4215 statim
1115 4145 1370 4238 μεγαλοπρεπής
1391 4152 1436 4215 fit.

285 4411 307 4477 ¹)
327 4407 366 4462 (Μ.
386 4407 497 4478 Dionys.
515 4408 577 4462 Hel.
597 4408 631 4462 de
651 4409 727 4461 Dem.
741 4407 804 4461 dict.
823 4423 845 4460 c.
864 4408 1112 4475 aep.1069,1h:
1130 4404 1373 4478 τῆς...αὐστηρεῑυ
1391 4411 1437 4458 καὶ

215 4491 381 4567 φιλαρχαίου
399 4498 444 4546 καί
461 4493 498 4562 μὴ
515 4494 549 4546 τό
568 4493 685 4566 κομψόν,
704 4489 772 4546 dite
791 4492 825 4545 τό
839 4491 942 4561 σεμνόν
959 4489 1167 4559 ἐπιτηδευούσης
1179 4491 1312 4564 ἁρμονίαι
1324 4489 1437 4545 τοιόσδε

214 4579 230 4633 ό
256 4579 412 4652 χαρακτήρ·
430 4617 438 4632 .
456 4618 462 4632 .
481 4618 486 4631 .
505 4575 577 4649 φιλεῖ
594 4619 599 4630 .
619 4618 625 4631 .
644 4617 650 4630 .
668 4577 805 4649 χρόνων.
824 4617 830 4629 .
849 4617 854 4630 .
873 4576 1029 4650 ἀξιολόγων
1055 4575 1230 4651 ἐμπεριλήψει
1262 4575 1436 4650 διορίζεσθαι

215 4665 324 4736 θάτερα
342 4665 400 4720 ἀπό
417 4668 475 4718 τῶν
493 4667 601 4739 ἑτέρων.
