3546 5236
797 412 860 476 125

210 604 490 691 applicavisse³⁶),
519 605 659 671 omnium
688 605 846 671 editorum
875 606 995 691 optime
1024 626 1046 670 a
1073 605 1270 671 Buechelero
1302 623 1368 670 rem
1392 603 1438 668 iu-

211 711 357 778 stitutam
382 733 455 780 esse
479 721 578 798 patet.
616 720 756 778 ceterum
781 732 975 794 quamquam
998 711 1140 778 concedo
1160 711 1281 778 alicubi
1294 711 1439 776 librario·

212 839 281 884 rum
310 818 460 884 socordia
489 819 610 886 formas
638 839 702 884 non
734 819 935 885 assimilatas
963 819 1103 885 cessisse
1130 818 1331 900 assimilatis,
1364 817 1440 882 illas

211 946 269 1011 pro
297 925 348 991 his
381 926 508 1011 positas
542 947 616 992 esse
648 933 705 990 aut
735 945 907 1008 numquam
944 933 1002 990 aut
1039 925 1205 992 rarissime
1238 924 1439 990 crediderim.

209 1033 320 1116 itaque
347 1032 392 1097 ihi
420 1052 556 1116 quoque,
585 1033 639 1098 ubi
667 1032 772 1118 prima
800 1051 896 1097 manu
928 1052 992 1100 non
1021 1031 1223 1098 assimilatae
1252 1032 1284 1096 in
1312 1030 1438 1098 assimi-

212 1139 299 1205 latas
335 1146 480 1206 mutatae
518 1149 599 1224 sunt,
636 1148 694 1205 aut
730 1140 783 1204 ubi
821 1139 878 1204 alii
916 1137 1046 1205 codices
1081 1139 1192 1223 paullo
1226 1139 1358 1204 minoris
1389 1136 1439 1200 illi

210 1244 339 1328 quidem
357 1247 453 1332 pretii
476 1247 528 1311 vel
552 1246 662 1332 paullo
685 1247 874 1312 recentioris
898 1247 1018 1312 aetatis
1042 1246 1104 1312 soli
1128 1245 1203 1312 illas
1227 1243 1437 1328 exhibendo,

209 1371 274 1416 non
298 1353 564 1419 assimilatas-
588 1353 622 1418 id
647 1353 733 1437 quod
756 1373 820 1419 non
844 1352 921 1418 fecit
943 1353 1162 1420 Buechelerus
1184 1390 1227 1398 -
1251 1351 1439 1418 retinendas

210 1477 283 1526 esse
307 1461 466 1528 existimo.

299 1585 466 1668 aliquanto
498 1586 669 1670 pauciores
703 1605 798 1668 quam
832 1585 865 1649 in
898 1584 1025 1652 solutae
1058 1585 1215 1651 orationis
1247 1583 1378 1669 scriptis
1405 1584 1439 1648 in

210 1691 390 1774 tragoediis
413 1693 536 1758 formae
560 1711 623 1758 non
647 1692 848 1758 assimilatae
864 1699 1046 1777 supersunt.
1085 1691 1250 1775 inquibus
1268 1691 1438 1758 admitten-

210 1797 261 1864 dis
294 1798 380 1882 quod
410 1799 478 1864 Leo
511 1798 655 1866 codicem
687 1799 714 1864 E
747 1808 877 1866 secutus
911 1807 961 1865 est
992 1805 1080 1865 recte
1111 1800 1187 1882 egit.
1242 1799 1439 1864 recentiores

211 1907 294 1970 enim
319 1915 394 1972 suut
418 1907 516 1972 ceteri
540 1907 613 1972 libri
638 1919 748 1973 omnes
773 1906 917 1972 Senecae
940 1905 1130 1990 tragoedias
1149 1907 1318 1992 compleri,
1341 1927 1438 1990 quam

209 2012 319 2080 uthis
343 2013 375 2078 in
398 2015 494 2080 rebus
519 2014 585 2079 ulla
609 2033 718 2079 eorum
733 2013 910 2080 auctoritas
926 2033 999 2080 esse
1013 2014 1127 2098 possit
1159 2013 1305 2099 improbo
1328 2021 1438 2079 tamen

209 2118 296 2202 quod
320 2119 374 2186 ille
398 2119 519 2186 formas
543 2121 703 2204 quasdam
727 2120 805 2187 solis
829 2121 1020 2204 fragmentis
1040 2121 1264 2188 Ambrosiauis
1288 2127 1437 2186 servatas

209 2225 298 2292 velut
319 2226 404 2294 Med
428 2229 494 2294 209
517 2231 648 2311 adflicta,
680 2229 745 2294 232
768 2231 906 2309 inmuta,
936 2230 1001 2294 255
1029 2231 1185 2310 adflectcm
1211 2247 1277 2293 non
1305 2227 1437 2312 recepit,

209 2335 401 2418 praesertim
429 2355 501 2401 cum
529 2334 769 2402 Studemundus
796 2335 830 2401 in
859 2334 1000 2420 epistula
1028 2334 1072 2400 ad
1099 2354 1172 2400 eum
1200 2332 1279 2399 data
1307 2340 1439 2419 etpost

207 2441 443 2525 praefationem
477 2441 565 2528 typis
598 2461 755 2527 expressa
785 2449 827 2526 (p.
852 2441 975 2528 XVIII)
1006 2461 1102 2525 qnam
1134 2441 1217 2508 liber
1247 2440 1303 2507 ille
1334 2440 1437 2507 codex

208 2558 387 2615 ceterorum
409 2549 498 2616 vitiis
522 2549 782 2635 orthographicis
806 2549 849 2615 sit
871 2549 1039 2615 monuerit.

296 2696 335 2740 ex
368 2675 484 2741 iisdem
516 2675 788 2761 inscriptionibus,
821 2694 903 2758 quas
936 2693 1035 2758 supra
1066 2673 1100 2737 in
1130 2672 1284 2738 auxilium
1312 2673 1437 2757 vocari,

206 2781 273 2848 alia
301 2802 428 2866 quoque
456 2783 623 2848 lucramur.
670 2800 741 2848 cum
771 2781 855 2846 anim
882 2780 915 2846 in
944 2779 1051 2846 edicto
1080 2779 1121 2845 de
1149 2781 1295 2846 Mennis
1323 2780 1430 2845 'IAM-

206 2889 280 2954 ΕΤ·
296 2889 336 2954 SI
368 2889 509 2974 legatur,
542 2887 601 2954 sed
629 2887 908 2972 ALIQVAMDIV,
941 2885 1077 2970 ISQVII,
1111 2885 1281 2972 QVIQVE,
1312 2885 1435 2955 NOMI-

206 2995 352 3073 Naeva
382 3005 414 3062 et
440 2997 473 3060 in
497 2996 609 3062 tabula
633 2994 865 3078 Lugudunensi
893 2987 1021 3061 POST·
1041 2993 1175 3078 MODO,
1203 2992 1340 3071 QVAM·
1356 2993 1435 3078 VIS,

206 3103 267 3170 IN·
287 3104 364 3168 AI)-
385 3102 534 3187 SVE'IO,
562 3102 622 3168 sed
646 3100 875 3185 OMNISQVE,
903 3099 1179 3185 MVTATOQVE,
1207 3100 1435 3168 TRIBVNOS·
1468 3140 1474 3154 ·

186 3208 302 3294 QVE,
325 3208 557 3286 PLVSQVAM
573 3217 606 3276 et
620 3209 748 3293 similia,
772 3227 835 3274 non
851 3208 968 3292 ubique
985 3211 1076 3274 etium
1095 3210 1123 3272 ci
1147 3214 1180 3272 et
1201 3207 1283 3272 talla
1306 3206 1435 3273 divisim

206 3315 378 3383 scribenda
401 3337 475 3383 esse
499 3324 644 3403 apparet.
678 3314 825 3381 codicum
847 3335 924 3381 vero
947 3321 1129 3380 nostrornm
1151 3313 1301 3397 vestigiis
1325 3313 1353 3379 si
1373 3312 1435 3379 hac

206 3423 239 3488 in
262 3444 296 3489 re
320 3423 518 3508 insistamus,
541 3425 595 3488 vix
619 3442 752 3508 sperare
775 3423 852 3488 licet
874 3441 934 3488 nos
958 3421 1128 3507 pristinam
1152 3420 1314 3486 scribendi
1337 3421 1434 3486 ratio-

205 3551 278 3597 nem
301 3539 509 3598 assecuturos
533 3549 615 3596 esse.
662 3529 705 3594 ad
733 3549 830 3594 uuum
854 3529 937 3594 enim
962 3547 1073 3594 omnes
1096 3525 1257 3593 fluxerunt
1279 3547 1320 3592 ex
1343 3527 1434 3593 libris

204 3638 322 3704 litteris
344 3637 532 3704 maiusculis
556 3645 588 3703 ct
616 3637 769 3702 continua
797 3635 958 3720 scriptura
986 3632 1189 3717 exaratis³⁸).
1212 3671 1256 3680 -
1280 3632 1339 3699 sed
1367 3631 1434 3699 alia

206 3765 333 3829 quoque
361 3744 394 3809 in
424 3743 525 3810 titulis
557 3743 623 3809 illis
655 3750 766 3810 extant
795 3742 825 3807 ei
855 3741 910 3826 qui
937 3750 1040 3807 artem
1064 3739 1208 3806 criticam
1232 3741 1265 3804 in
1289 3740 1434 3806 Senecae

295 3975 332 4042 ⁸⁶)
351 3975 450 4030 similis
472 3979 501 4031 et
523 3976 553 4030 iu
576 3976 628 4031 hac
649 3991 680 4030 re
703 3977 732 4030 et
754 3973 784 4028 in
812 3973 875 4028 aliis
902 3973 975 4028 ratio
1002 3975 1045 4028 est
1068 3971 1283 4043 orthographiae
1309 3970 1435 4026 Suetonii

204 4066 336 4122 librorum
359 4065 475 4121 devita
498 4065 654 4130 Caesarum,
677 4063 711 4118 de
733 4081 790 4132 qua
813 4063 917 4132 optime
940 4061 969 4117 C.
988 4062 1018 4116 L.
1036 4061 1155 4118 Rothius
1178 4061 1244 4116 edit.
1264 4080 1289 4132 p.
1309 4059 1434 4116 XXXVI.

203 4173 238 4210 ne
256 4155 429 4211 naturaIIum
447 4155 559 4224 quidem
577 4154 772 4224 quaestionum
790 4151 926 4208 scribendi
944 4151 1025 4216 ratio,
1044 4167 1162 4220 quarum
1180 4151 1274 4206 nullus
1291 4150 1375 4206 codex
1393 4150 1433 4204 in·

203 4245 297 4300 notuit
312 4245 421 4300 saeculo
434 4244 595 4300 duodecimo
608 4243 751 4308 vetustior,
770 4242 891 4298 multum
906 4241 941 4296 ab
955 4259 989 4297 ea
1002 4257 1074 4310 quae
1088 4241 1173 4297 estin
1187 4241 1301 4310 reliquis
1316 4241 1434 4296 Senecae

203 4334 281 4389 libris
299 4333 410 4389 recedit.

294 4420 331 4490 ⁸²)
348 4441 374 4478 v.
394 4422 532 4492 specimen
554 4420 684 4476 edilrionis
706 4419 890 4491 epistularum
911 4437 929 4475 a
951 4419 1118 4474 Buechelero
1140 4418 1270 4474 emissum
1289 4437 1315 4489 p.
1335 4418 1379 4485 62,
1399 4418 1429 4472 li

186 4515 345 4568 caunum
363 4511 388 4567 d
406 4514 435 4566 et
453 4512 496 4576 63,
516 4511 533 4565 2
551 4513 687 4580 conprimi
705 4510 737 4566 d.

294 4598 333 4668 ⁸⁸]
351 4619 378 4656 v.
391 4599 501 4670 Peiperi
515 4603 544 4656 et
557 4600 681 4655 Richteri
699 4598 820 4654 iudicem
837 4597 1084 4668 orthographicum
1097 4596 1304 4668 tragoediarum
1317 4594 1433 4653 adltioai

203 4690 342 4748 adiectum
360 4707 388 4760 p.
404 4691 456 4745 576
475 4693 503 4745 et
521 4705 594 4758 quae
612 4688 738 4744 (lemnius
756 4687 829 4744 dlxit
846 4686 932 4758 prael.
951 4685 1017 4742 edit.
1037 4687 1211 4758 dialogorum
1228 4704 1254 4756 p.
1274 4685 1361 4742 m
