3634 5240
748 407 788 469 47

662 493 872 500 --·-———..

155 627 197 690 ah
220 627 387 692 Aristotele
410 629 580 711 castigatur
603 629 687 693 Poet.
710 631 902 694 a241460²
930 633 961 695 l:
986 625 1033 695 ἔτι
1059 628 1095 697 δὲ
1117 622 1336 716 ἀτοπώτερον,
1351 627 1380 697 εἰ

152 725 283 814 μιγνύοι
300 723 571 809 siccissimae&
585 729 699 817 μέτρα)
715 727 827 819 ὥσπερ
843 732 1033 821 Χαιρήμων.
1077 736 1123 801 Gt.
1136 737 1190 800 cl
1209 737 1311 800 laath
1330 739 1379 800 21.

153 831 261 912 Quare
294 835 327 897 in
361 837 542 900 universum
576 837 635 900 hoc
669 837 834 902 discrimen
866 838 951 902 idem
983 840 1094 903 statuit
1126 860 1152 904 ο.
1177 839 1195 902 5
1219 839 1323 903 1449a
1346 841 1378 904 9:

152 928 173 1020 ἡ
197 934 258 1018 μὲν
280 923 334 1001 οἷν
356 933 520 1003 ἐποποιία
540 941 580 1025 τῇ
601 934 765 1025 τραγῳδίᾳ
787 937 880 1023 μέχρι
902 937 1003 1022 μόνου
1024 938 1142 1027 μέτρου
1156 938 1305 1027 μεγάλου,
1326 939 1379 1025 μί-

149 1046 261 1125 μνγσιςΙ
275 1031 359 1104 εἶναι
383 1036 590 1120 σπουδαίων,
614 1032 851 1128 ἠκολούθησεν·
889 1045 935 1128 τῷ
959 1041 996 1107 δὲ
1021 1035 1055 1108 τὸ
1078 1041 1194 1127 μέτρον
1225 1037 1378 1108 ἁπλοῦν

153 1135 240 1220 ἔχειν
261 1140 317 1206 καὶ
340 1135 542 1228 ἀπαγγελίαν
565 1134 656 1224 εἶναι,
679 1140 780 1231 ταύτῃ
803 1141 1023 1230 διαφέρουσιν.

241 1246 376 1310 Maxime
408 1266 479 1311 vero
512 1249 617 1312 animo
647 1249 829 1330 perturbato
863 1251 1008 1314 convenit
1038 1253 1211 1315 metrorum
1248 1250 1377 1315 variatio

150 1368 200 1424 ea,
233 1369 312 1431 quae
335 1350 409 1413 fite
444 1351 648 1430 generibus
677 1351 838 1416 diversis
866 1352 1132 1435 rhythmorum
1165 1372 1234 1417 sese
1264 1353 1377 1435 excipi-

152 1452 298 1516 entibus:
322 1453 447 1516 Aristid.
468 1452 575 1531 Quint.
598 1474 628 1536 p.
646 1454 845 1531 99o1=60‚
860 1455 946 1520 1921:
970 1448 1000 1518 οἱ
1022 1453 1081 1536 μὲν
1103 1446 1153 1539 ἐφ’
1178 1449 1248 1533 ἑνὸς
1269 1452 1377 1539 γένους

150 1552 302 1634 μένοντες
316 1540 411 1640 decor
422 1560 570 1630 κινοῦσιν,
587 1550 617 1619 οὶ
635 1554 671 1619 δὲ
685 1552 939 1638 μεταβάλλοντες
954 1551 1002 1634 εἰς
1018 1555 1110 1644 drapo
1123 1553 1241 1640 βιαίως
1255 1550 1376 1622 ἀνθέλ-

150 1680 244 1722 κοοσι
260 1654 318 1743 τὴν
335 1655 446 1743 ψυχήν,
470 1652 589 1745 ἑκάστῃ
606 1657 750 1743 διαφορᾷ
765 1655 985 1744 παρέπεσθαί
1005 1657 1105 1722 τεκαὶ
1121 1652 1318 1741 ὁμοιοῦσθαι
1337 1663 1378 1746 τῇ

152 1759 304 1846 ποικιλίᾳ
319 1757 621 1846 καταναγκάζοντες.
668 1761 819 1843 Spectant
838 1762 914 1824 haec
930 1762 970 1825 ad
993 1781 1037 1838 ea,
1060 1782 1140 1843 quae
1157 1763 1194 1826 de
1209 1763 1374 1845 rhythmis,

151 1865 207 1944 qui
229 1865 345 1948 pedum
368 1865 472 1928 mixtis
500 1865 665 1946 generibus
693 1863 794 1928 effecti
817 1871 906 1940 sunt,
935 1865 1011 1928 dixit
1032 1865 1185 1930 Aristides
1214 1887 1243 1949 p.
1268 1869 1308 1929 39
1331 1867 1374 1944 Μ,

152 1987 287 2048 quorum
312 1968 390 2031 haec
413 1971 638 2032 enumerantur
660 1969 835 2031 schemata:
859 1964 915 2031 δύο
936 1963 1112 2049 δοχμιακοίι
1137 1971 1169 2051 l)
1198 2001 1213 2019 υ
1229 2008 1266 2045 -,
1284 2007 1305 2014 -
1321 2001 1336 2019 ν
1352 2009 1374 2015 -

151 2074 185 2146 2)
209 2102 223 2119 υ
239 2108 277 2146 -,
295 2109 316 2114 -
332 2103 347 2121 υ
366 2103 400 2147 ν,
416 2109 438 2115 -
454 2103 469 2120 υ
485 2109 506 2116 -
519 2077 541 2151 ¹)
565 2075 597 2134 et
619 2075 683 2136 tres
706 2066 923 2156 προσοδιακοί
944 2073 996 2153 (de
1025 2092 1156 2153 quorum
1181 2073 1281 2136 forma
1303 2093 1375 2138 oon-

149 2174 312 2238 stituenda
339 2195 366 2238 v.
394 2175 625 2258 Westphalium
658 2175 749 2239 hletr.
771 2176 810 2238 Il
833 2178 883 2238 88.
908 2178 948 2238 95
971 2177 1045 2257 sq.):
1081 2178 1113 2256 3)
1140 2207 1155 2226 υ
1171 2215 1212 2253 -,
1233 2209 1247 2226 υ
1267 2208 1299 2254 ν,
1316 2215 1338 2221 -
1354 2209 1369 2228 υ

148 2281 522 2354 4)ν-,υυ,-ν,ν-
547 2281 889 2357 5)--νν,-υυ-.
927 2275 1374 2366 Αοοοεοοίᾰυοιμευαβολὴν

149 2377 258 2467 γένους
280 2379 418 2445 nodoso-b
433 2401 505 2446 cum
520 2383 655 2447 Aristide
671 2384 703 2445 in
719 2383 972 2447 dochmiacorum
996 2383 1097 2464 specie
1114 2383 1141 2445 l.
1158 2385 1373 2463 statuamus.²)

149 2483 191 2546 ln
225 2485 366 2550 versibus
402 2488 508 2548 autem
544 2486 685 2568 dactylos
719 2489 751 2550 et
781 2487 942 2550 trochaeos
978 2505 1039 2549 uno
1073 2486 1139 2549 colo
1173 2488 1375 2569 comprehen-

151 2588 298 2651 dentibus
325 2588 550 2669 (logaoediois),
585 2589 686 2670 qualis
709 2592 758 2653 est
784 2591 813 2651 2.
823 2593 864 2668 ³),
898 2589 1062 2671 Westphal
1090 2589 1186 2652 aliam
1213 2590 1372 2670 quondam

151 2691 340 2754 sententiam
373 2695 499 2755 secutus
530 2711 630 2775 nuper
662 2692 918 2774 inaequalitatem
952 2711 1019 2756 esse
1052 2692 1281 2774 agnoscendam
1313 2695 1372 2757 sibi

150 2794 314 2876 persuasit
358 2793 508 2875 Legimus
530 2795 615 2859 eninr
637 2795 669 2858 in
692 2795 757 2859 eius
772 2795 860 2872 libro,
884 2796 937 2876 qui
952 2795 1132 2858 inscribitur
1148 2795 1370 2871 „Aristoxenus

151 2915 211 2960 von
238 2897 388 2974 Tarent“,
421 2917 451 2980 p.
477 2899 537 2959 144
560 2917 622 2980 sq.:
657 2898 725 2975 „ibr
753 2899 800 2963 die
833 2899 1027 2980 vorliegende
1060 2898 1093 2978 (i.
1116 2917 1142 2960 e.
1171 2916 1208 2962 ea
1238 2897 1275 2960 de
1306 2917 1369 2980 qua

150 3019 208 3062 nos
231 3001 367 3080 agimus)
392 3001 489 3066 Stella
512 3021 583 3066 vom
606 3002 816 3066 Tactwechsel
837 3001 941 3066 haben
964 3001 1017 3064 wir
1038 3001 1149 3064 hainen
1166 3000 1275 3066 Grund
1299 3001 1371 3066 dem

152 3103 305 3166 Aristides
332 3104 420 3168 nicht
447 3123 485 3167 zu
512 3105 661 3186 glauben,
696 3104 768 3170 dass
795 3106 844 3169 die
868 3104 1022 3169 Griechen
1052 3123 1086 3167 so
1109 3103 1231 3187 gefdhlt
1257 3105 1369 3168 haben.

149 3206 194 3267 Es
217 3205 338 3270 stimmt
360 3207 416 3270 das
439 3227 496 3287 gar
517 3227 556 3270 zu
578 3209 651 3271 sehr
672 3209 731 3272 mit
754 3209 814 3272 den
836 3227 896 3272 von
912 3207 948 3272 G.
963 3207 1127 3271 Hermann
1150 3225 1206 3270 aus
1231 3208 1303 3272 dem
1317 3206 1370 3270 In-

150 3309 236 3372 halte
265 3309 320 3374 der
346 3309 570 3373 Pindarischen
598 3309 686 3375 Odon
713 3312 900 3393 gemachten
927 3311 1194 3391 Beohachtungen
1221 3329 1282 3374 von
1313 3310 1369 3373 der

148 3415 316 3491 grisseren
342 3411 432 3476 Ruhe
466 3413 521 3476 der
547 3414 590 3476 im
619 3414 906 3496 episynthetischon
934 3412 1086 3490 Metrum‚
1120 3413 1176 3478 der
1203 3417 1368 3494 grosseren

149 3514 329 3597 Beueguug
351 3515 415 3579 und
431 3515 778 3581 Leidenschattlichheit
800 3517 855 3580 dor
876 3519 920 3580 irn
943 3517 1140 3598 gemischten
1155 3516 1293 3580 hletrum
1316 3535 1369 3597 ge·

148 3619 299 3683 haltenen
314 3618 466 3700 Gesbnge.
510 3620 581 3684 Den
603 3619 665 3684 lein
688 3620 859 3684 idhlenden
882 3620 961 3684 Sinn
985 3620 1040 3685 der
1057 3619 1212 3684 Griechen
1237 3619 1366 3683 afficirte

149 3723 199 3785 ein
212 3722 400 3803 gemisohtes
416 3722 554 3787 hletrum
580 3753 1102 3774 ---------------
1126 3723 1238 3786 anders
1255 3723 1301 3787 als
1318 3723 1367 3785 ein

150 3886 216 3892 ---.
222 3883 361 3891 .-—-———·

218 3981 238 4040 ¹]
258 3978 331 4032 idern
350 3979 458 4032 ochema
475 3979 546 4034 inter
564 3980 646 4048 pedes
665 3980 828 4049 compositos
846 3995 907 4032 mox
931 3979 1087 4033 tractandos
1106 3979 1236 4046 recipitur
1257 3977 1367 4046 syllabis

147 4066 197 4118 hoc
216 4069 297 4133 pacto
316 4064 418 4118 divisis:
443 4089 458 4108 υ
474 4097 509 4128 -,
524 4097 544 4106 -
563 4093 595 4133 υ,
614 4091 630 4109 ν
647 4097 680 4132 -,
700 4089 714 4107 υ
731 4095 761 4119 -.
1134 4075 1135 4078 ’

215 4153 238 4216 'r
257 4151 327 4206 Nam
346 4152 415 4218 quod
435 4154 546 4206 Carolus
565 4153 657 4206 Piclrel
675 4152 825 4206 dochmium
844 4167 948 4220 quoque
966 4152 1000 4205 ad
1024 4151 1249 4219 aequabilitatem
1266 4149 1366 4217 pedum

145 4239 229 4304 τονῆυ
252 4237 367 4293 artificio
385 4253 513 4293 revocare
532 4243 643 4293 conatus
662 4243 704 4292 est
726 4239 764 4308 (iu
783 4237 1012 4292 commentatione
1030 4237 1072 4291 ‘de
1090 4252 1212 4292 versuum
1231 4235 1367 4289 dochmia-

145 4341 238 4379 corum
257 4323 370 4391 origine'
389 4325 564 4392 Argentoroti
583 4325 673 4390 1880),
699 4323 727 4377 id
744 4323 785 4378 ita
802 4323 1012 4392 intellegendum
1033 4328 1088 4388 est,
1117 4327 1147 4376 ut
1165 4320 1281 4376 dochmii
1299 4320 1365 4374 cri-

145 4411 256 4478 giuem
274 4426 292 4463 a
311 4409 429 4478 tripudia
447 4410 565 4465 iambica
583 4408 738 4464 acatalecto
756 4414 881 4479 repetere
900 4409 1020 4463 voluerit.

217 4499 239 4563 ⁸)
258 4495 351 4550 Etiam
370 4511 461 4552 vorans
479 4499 509 4564 3,
527 4497 558 4563 4,
576 4496 593 4548 ο
620 4495 785 4562 logaoedicia
803 4494 998 4550 adnumerandi
1021 4493 1148 4550 videntur
1170 4507 1241 4561 esse;
1273 4507 1365 4560 quam-

144 4598 224 4650 quam
252 4583 285 4636 de
303 4582 432 4636 eiusmodi
453 4597 574 4636 ramnum
598 4581 749 4636 breviorum
767 4586 867 4636 natura
890 4581 942 4636 nisi
965 4580 1091 4635 carminis
1116 4595 1167 4647 quo
1191 4578 1364 4632 continentur

143 4667 301 4724 condicione
320 4668 463 4735 explorata
481 4669 548 4723 certi
566 4668 708 4736 quicquam
725 4671 847 4722 statuere
865 4684 917 4721 nou
934 4681 1083 4735 possumus.
