3546 5236
953 413 995 480 86

358 615 418 672 tole
441 627 481 673 ex
502 607 610 693 priore
631 607 842 694 epistularum
862 608 1024 674 volumine
1048 615 1230 694 excerptae,
1254 608 1299 674 ad
1321 607 1403 674 illud
1426 609 1529 675 libelli
1547 609 1595 674 de

350 716 493 798 ferculo
519 717 661 780 hanalae
689 718 769 780 uitae
795 721 829 781 et
856 717 893 780 de
919 717 1062 781 remediis
1082 720 1297 800 fortuitorum
1326 735 1461 799 qnorum
1488 716 1544 782 ille
1570 736 1594 780 a

357 821 496 886 Martino
520 820 766 907 archiepiscopo
790 821 1003 888 Braccarensi
1027 826 1165 904 (mortuo
1189 843 1274 889 auno
1298 825 1378 904 580>
1402 823 1435 887 in
1455 823 1595 889 llironis

358 927 535 994 Gothorum
557 927 646 1012 regis
670 949 761 994 usum
786 929 984 1014 compositus
1008 937 1067 1014 est,
1090 929 1143 995 hic
1167 935 1201 996 et
1217 930 1290 1015 ipse
1312 929 1420 996 medio
1444 949 1525 994 aevo
1541 929 1592 994 in·

357 1043 454 1100 eunte
473 1034 518 1099 ad
532 1034 693 1100 hominem
707 1034 848 1118 aliquem
862 1041 1028 1120 potentem
1042 1042 1076 1101 et
1088 1036 1266 1127 litterarum
1284 1043 1447 1102 amantem
1460 1037 1593 1119 missas,

358 1140 497 1224 denique
513 1148 667 1226 excerpta
682 1161 700 1207 e
715 1141 806 1208 libris
822 1142 864 1208 de
878 1141 1053 1208 beneficiis.
1087 1149 1185 1226 atque
1200 1141 1242 1209 de
1255 1143 1312 1208 illo
1326 1142 1455 1226 quidem
1469 1161 1593 1226 genere

357 1249 478 1332 optime
500 1254 685 1314 meruerunt
706 1249 743 1314 Ε.
757 1247 969 1333 Woelffliuus,
994 1249 1028 1314 Ο.
1045 1249 1267 1332 Schenkelins‚
1292 1250 1357 1315 lae.
1371 1249 1523 1330 Haasins,
1546 1249 1593 1314 de

356 1353 427 1439 hoc,
452 1355 545 1420 cuins
568 1355 735 1439 aliquanto
758 1355 851 1440 peior
875 1363 926 1423 cst
949 1355 1106 1440 condicio,
1129 1357 1195 1420 iam
1218 1356 1390 1422 dicendum
1414 1363 1474 1424 est.

447 1469 712 1547 excerptorum
750 1462 831 1528 satis
868 1463 1047 1548 amplorum
1085 1484 1103 1529 e
1140 1463 1256 1529 libris
1294 1461 1340 1528 de
1377 1462 1594 1529 beneficiis

359 1568 497 1652 exiguus
520 1575 645 1634 tantum
668 1589 747 1634 usus
770 1577 829 1652 est
857 1570 933 1652 qnia
960 1569 1078 1653 integri
1102 1569 1211 1654 operis
1234 1569 1365 1636 codices
1388 1569 1594 1652 antiquiores

356 1745 474 1802 cinensis
486 1745 535 1800 127
546 1746 648 1800 saeculi
658 1747 697 1800 XI
706 1747 825 1801 multum
839 1746 875 1800 ad
884 1764 918 1802 ea
927 1747 1107 1801 emolumenti
1117 1747 1334 1801 redundaturum
1345 1764 1453 1816 sperare
1462 1747 1590 1801 audeam.

355 1837 429 1889 certe
458 1835 640 1890 Baehrensius
667 1853 731 1890 cum
753 1835 858 1890 codices
881 1836 969 1890 musei
993 1835 1148 1890 Britannici
1166 1836 1367 1905 perlustrasset,
1391 1837 1519 1890 carbones
1538 1851 1594 1904 pro

356 1924 486 1978 thesauro
497 1924 613 1979 invenit.
641 1942 667 1977 r.
683 1923 741 1978 eius
758 1925 931 1979 Miscellonco
945 1929 1041 1979 critica
1055 1925 1213 1994 Groningae
1227 1942 1252 1979 a.
1268 1925 1338 1978 1879
1353 1925 1452 1980 emissa
1465 1942 1491 1993 p.
1503 1927 1535 1978 17
1546 1941 1590 1992 sq.

356 2014 403 2068 sed
421 2015 502 2082 plura
520 2015 635 2068 fortasse
653 2031 687 2068 ex
699 2017 825 2068 veterum
840 2015 1004 2084 scriptorum
1018 2015 1052 2070 de
1066 2015 1187 2069 Publilio
1200 2015 1367 2069 testimoniis
1381 2015 1510 2084 colligere
1520 2012 1596 2066 licet

356 2120 440 2170 quam
460 2103 551 2157 adhuc
563 2104 670 2158 factum
684 2105 733 2157 est
760 2120 851 2171 neque
869 2104 944 2158 enim
957 2104 1051 2169 timeo,
1070 2121 1105 2158 nc
1118 2105 1148 2157 in
1163 2104 1339 2174 opprobrium
1352 2104 1490 2158 incurram
1503 2101 1591 2158 Gellii

355 2191 440 2246 rerba
458 2191 525 2246 haec
544 2192 633 2259 (XVII
645 2193 684 2258 14,
695 2193 712 2244 3
727 2194 792 2259 sq.):
812 2194 925 2246 Publilii
943 2197 1090 2248 sententiali
1101 2195 1230 2258 feramur
1238 2195 1383 2263 plerucqm
1395 2195 1501 2260 lepidas
1510 2220 1530 2230 -
1539 2220 1557 2230 -
1567 2219 1590 2230 -

357 2299 396 2334 cu
409 2283 528 2349 quibus
541 2290 616 2335 sunl
632 2285 718 2336 isias
734 2284 882 2350 sinqulis
896 2285 1049 2336 uersibus
1063 2286 1292 2350 conscriptae,
1310 2283 1593 2352 quaslibitumbcrclc

354 2377 394 2423 cst
408 2371 567 2436 adscribere,
581 2369 665 2424 nimis
679 2387 696 2424 a
710 2387 753 2425 me
768 2370 865 2440 premi,
880 2371 903 2424 si
918 2370 1012 2424 dixero
1022 2371 1143 2426 Gellium
1157 2371 1318 2426 collectione
1332 2389 1411 2424 usum
1425 2368 1592 2434 emerideri,

356 2475 428 2525 quae
441 2461 551 2527 praeter
565 2459 738 2528 singulorum
752 2475 881 2513 versuum
895 2460 1055 2523 sententias,
1071 2460 1167 2529 quales
1181 2477 1274 2514 omnes
1288 2463 1353 2514 sunt
1367 2459 1590 2520 nobisaervatas.

357 2547 427 2601 alias
450 2547 537 2602 etiam
561 2548 812 2617 comprehenderet,
837 2565 909 2617 quae
931 2548 1053 2618 plurium
1078 2553 1168 2604 essent
1190 2565 1319 2603 versuum
1342 2552 1392 2604 aut
1415 2548 1590 2618 singulorum

355 2653 411 2690 non
433 2636 614 2706 integrorum,
643 2641 671 2691 et
699 2655 816 2705 quorum
844 2639 971 2707 exempla
997 2638 1053 2701 ille,
1081 2655 1116 2692 ue
1140 2637 1223 2692 nimir
1246 2655 1381 2708 magnum
1407 2637 1529 2707 spatium
1553 2636 1589 2690 iis

357 2725 495 2794 impleret,
533 2725 629 2780 afferre
665 2726 760 2782 nollet.
812 2727 882 2781 tales
911 2726 985 2782 enim
1015 2727 1044 2781 in
1077 2728 1193 2783 Publilii
1223 2727 1317 2782 mimis
1348 2728 1436 2782 inesse
1467 2725 1591 2796 potuisse

355 2831 435 2868 nemo
458 2815 556 2883 opinor
578 2815 693 2884 negabit
721 2814 765 2881 (cf.
789 2816 892 2870 similes
916 2816 1068 2871 sententias
1092 2817 1217 2886 pluribus
1240 2817 1363 2871 versibus
1391 2833 1530 2886 expressas
1558 2817 1588 2868 in

356 2903 473 2958 Senecae
493 2904 570 2958 Herc.
596 2903 671 2972 [fun]
692 2905 745 2959 313
763 2923 812 2973 sq,
837 2905 889 2960 bib
903 2923 953 2973 sq,
977 2905 1074 2959 Troad.
1093 2907 1146 2960 489
1160 2924 1210 2974 sq..
1229 2905 1305 2969 alibi,
1330 2923 1411 2974 quem
1436 2904 1589 2959 Publilium

355 2993 500 3047 sententiis
527 2993 664 3048 similibus
693 2995 814 3048 maxime
840 2994 869 3048 in
898 2994 1029 3048 clausulis
1057 2995 1214 3048 orationum
1241 2994 1338 3064 positis
1363 2995 1508 3049 imitatum
1531 3011 1589 3048 esse

355 3081 529 3136 Woelfflinus
552 3083 709 3138 observavit
732 3086 818 3152 prael.
844 3103 869 3154 p.
893 3085 924 3137 12
948 3087 976 3139 et
999 3083 1144 3138 Menandri
1168 3088 1197 3138 et
1220 3083 1393 3138 Philistionis
1416 3083 1536 3138 disticha
1559 3085 1588 3138 et

357 3167 488 3240 σύγκρισιν,
509 3189 580 3239 quac
598 3172 770 3241 singulorum
788 3176 830 3226 est
848 3190 985 3237 vemuum,
1009 3173 1038 3226 in
1057 3175 1150 3227 ludica
1167 3175 1308 3228 laetiorum
1333 3175 1586 3228 Vrutislacicnsium

355 3264 521 3314 aestivarum
539 3265 608 3315 unni
626 3265 693 3316 1887
712 3279 729 3315 a
748 3261 779 3316 G.
795 3262 983 3316 Studemnndo
1002 3261 1097 3327 edita).
1135 3261 1219 3317 Gellii
1237 3249 1326 3331 igitur
1343 3262 1512 3331 temporibus
1529 3262 1586 3315 iam

356 3349 471 3404 extabat
490 3349 712 3404 Publilianarum
731 3350 932 3404 sententiarum
950 3351 1084 3416 collectio,
1108 3351 1226 3406 Senecae
1249 3355 1343 3405 aetate
1361 3350 1490 3406 nondum.
1527 3350 1586 3404 nbi·

355 3455 473 3506 cumque
496 3439 571 3494 enim
594 3439 658 3493 illas
680 3443 877 3494 commemorat
900 3439 942 3494 ita
964 3440 1096 3508 loquitur,
1120 3443 1265 3508 tamquam
1288 3457 1322 3494 ex
1344 3440 1411 3509 ipsis
1430 3441 1522 3494 mimis
1540 3457 1586 3494 eas

275 3536 278 3548 ¹
356 3527 562 3596 deprompserit.
604 3546 629 3583 v.
654 3529 816 3597 praesertim
846 3529 880 3582 de
903 3533 1013 3596 tranqu.
1042 3547 1086 3583 au.
1117 3531 1158 3594 ll,
1178 3530 1208 3583 8:
1235 3531 1370 3584 Publilius
1392 3557 1407 3567 -
1426 3557 1442 3568 -
1465 3532 1586 3598 quotiens

355 3618 480 3670 asiaticas
496 3619 616 3686 ineptias
633 3625 658 3670 el
675 3619 755 3672 uerbo
774 3620 811 3671 ad
829 3635 962 3672 summum
980 3637 1088 3674 coccam
1106 3623 1256 3687 amantio
1274 3621 1393 3689 reliquit,
1411 3624 1484 3674 iatcr
1501 3621 1585 3672 multa

355 3706 413 3758 aiio
433 3733 452 3742 -
466 3733 485 3743 -
500 3734 519 3743 -
538 3714 563 3760 et
580 3707 628 3760 hoc
646 3709 695 3772 ait,
715 3709 743 3760 et
761 3706 840 3775 epist.
855 3723 921 3760 mor.
936 3707 950 3760 I
964 3709 989 3772 8,
1004 3709 1034 3762 8:
1053 3716 1184 3776 quantum
1203 3711 1444 3763 disertissimorum
1462 3725 1585 3764 uersuum

355 3797 427 3850 inter
440 3797 537 3850 mimos
549 3798 561 3848 i
566 3803 643 3849 acet.
673 3813 754 3864 quum
768 3797 855 3850 mulla
866 3798 980 3851 Publilii
992 3815 1046 3852 nors
1059 3800 1220 3852 wcalcsutis
1234 3801 1281 3852 scd
1293 3799 1463 3852 cothurnatis
1473 3799 1583 3851 dicenda

355 3893 425 3938 sunt.
464 3887 607 3952 praeterea
624 3883 701 3939 aliud
720 3884 788 3952 quid
806 3886 858 3940 hoc
876 3889 960 3940 nimio
978 3887 1035 3952 fers
1059 3888 1171 3940 Seuerus
1194 3889 1292 3954 dudio,
1316 3886 1390 3955 quod
1413 3886 1585 3941 Woelfflinus

355 3973 374 4026 l.
394 3991 414 4026 c.
435 3975 510 4027 recte
528 3973 607 4037 dixit,
632 3973 803 4042 comprobari
821 3974 938 4029 videtur.
976 3974 1112 4043 siquidem
1137 3975 1210 4030 enim
1230 3976 1408 4044 philosophus
1426 3993 1477 4030 sua
1494 3979 1585 4029 aetate

354 4066 384 4116 et
401 4061 533 4132 proximis
552 4062 721 4130 temporibus
740 4062 907 4117 clarissimus
926 4065 1078 4119 sententias
1101 4065 1165 4118 illas
1189 4064 1400 4134 pretiosissimas
1418 4065 1506 4120 iaoere
1524 4079 1584 4132 pro

355 4151 441 4205 lessus
464 4153 532 4216 erat,
556 4168 647 4206 nonne
669 4151 812 4220 probabile
830 4156 873 4206 est
891 4153 1014 4221 aliquem
1033 4171 1066 4208 ex
1084 4154 1211 4223 plurimis
1229 4155 1406 4224 scriptoribus
1425 4153 1583 4222 aequalibus

355 4242 406 4294 aut
424 4239 517 4306 exiis,
542 4240 641 4309 quibus
665 4257 728 4294 eum
753 4241 925 4296 adiutoribus
943 4242 1097 4297 studiorum
1116 4261 1227 4298 suorum
1246 4259 1327 4298 nsum
1345 4259 1402 4298 esse
1420 4241 1583 4309 Quintiliani

355 4328 514 4384 testimonio
541 4329 655 4392 scimus,
683 4346 812 4383 vemuum
837 4329 950 4384 illorum
978 4331 1195 4402 colligendorum
1222 4332 1393 4400 provinciam
1420 4330 1583 4402 suscepisse?

354 4435 439 4488 prope
461 4417 550 4487 igitur
572 4417 643 4472 mihi
666 4418 803 4482 convenit,
832 4419 904 4487 quod
928 4420 964 4474 ad
987 4424 1109 4474 aetatem
1132 4421 1245 4484 attinet,
1273 4439 1334 4476 cum
1359 4421 1515 4477 Woelfflino
1535 4420 1582 4488 qui

354 4507 464 4562 saeculo
483 4525 509 4576 p.
520 4507 567 4561 Ch.
579 4525 606 4560 n.
622 4507 712 4576 primo
726 4508 916 4563 collectionem
929 4509 1091 4564 institutam
1105 4527 1163 4564 esse
1178 4510 1331 4565 arbitratur
1345 4510 1380 4579 (p.
1395 4511 1445 4576 13).
1464 4515 1583 4566 ceterum

354 4595 473 4650 Senecae
500 4596 669 4664 temporibus
697 4596 850 4652 sententias
877 4599 993 4654 morales
1021 4599 1113 4668 pueris
1141 4599 1299 4654 ediscendas
1326 4599 1387 4654 dari
1411 4601 1506 4656 solitas
1528 4617 1584 4655 esse

353 4685 454 4740 sumus
473 4701 506 4739 ex
524 4685 583 4739 cius
602 4703 644 4754 ep.
664 4686 703 4740 IV
722 4688 747 4750 l,
767 4687 791 4740 7.
