3480 5230
868 417 1077 431 m

938 642 1008 727 ps.

451 818 545 884 Nunc
569 817 608 884 ad
632 815 816 885 orationis
838 818 971 901 partes
998 818 1207 893 transeamus,
1233 834 1312 898 quas
1342 787 1493 898 quattuor
1519 835 1589 881 con-

366 923 505 992 siluisse
538 921 658 988 Stoicos
681 922 837 1004 Diogenes
871 920 986 986 uadit:
1023 915 1213 1005 προοίμιον,
1248 913 1412 1006 διήγησιν,
1435 911 1477 985 τὰ
1506 911 1589 1008 πρὸς

364 1017 438 1105 τοίις
459 1017 651 1104 ἀντιδίκους,
673 1019 837 1110 ἐπίλογον.
850 1027 873 1107 ¹)
910 1025 1119 1090 Anaximenes
1140 1023 1278 1108 quinque
1293 1025 1399 1108 partes
1416 1027 1588 1090 statuerat:
1680 1094 1684 1105 ,

365 1124 554 1218 προοίμιον,
602 1123 767 1214 διήγησιν,
815 1123 1005 1211 βεβαίωσιν,
1050 1122 1316 1214 προκατίλιγψιν,
1363 1122 1586 1213 παλιλλογίαν.

364 1234 547 1299 Aristoteles
571 1228 738 1315 πρόδασιν
760 1231 1029 1317 (propositionem)
1052 1233 1178 1296 tantum
1201 1234 1234 1297 et
1257 1225 1372 1295 πίστιν
1393 1230 1586 1297 necessarias

364 1337 470 1422 partes
493 1336 594 1410 ducit;
611 1335 823 1422 simulantem
841 1336 931 1401 dccet
944 1337 1130 1420 plerumque
1152 1335 1225 1420 poni
1249 1329 1434 1419 προοίμιον,
1459 1329 1586 1420 πρόδι·

367 1458 428 1517 σιν,
445 1435 568 1517 πίστιν,
582 1434 750 1524 ἐπίλογον,
760 1437 785 1524 ¹)
803 1428 845 1502 τὰ
862 1429 947 1524 πρὸς
958 1429 1138 1516 ἀντιδίκους
1149 1437 1313 1522 propriam
1328 1437 1453 1502 efficere
1464 1440 1586 1522 partem

364 1563 425 1608 non
441 1539 517 1621 vult',
540 1543 653 1627 quippe
670 1561 749 1624 quae
766 1536 878 1605 πίστει
899 1542 1125 1607 contineantur.
1159 1542 1309 1626 Disputat
1323 1540 1373 1606 bis
1394 1541 1500 1606 verbis
1523 1541 1585 1604 sinc

365 1647 459 1712 dubio
492 1649 601 1712 contra
628 1645 871 1718 Anaximenen,
904 1645 958 1727 qui
993 1643 1248 1732 προκατάληψιν
1280 1647 1457 1724 statuerat,
1492 1661 1585 1727 quam

365 1750 498 1814 eandem
514 1749 587 1814 alibi
602 1739 644 1813 κά
667 1737 751 1831 πρὸς
765 1737 839 1825 τοὺς
855 1737 1035 1825 ἀντιδίκους
1052 1748 1140 1813 dicit:
1151 1751 1176 1830 ³)
1191 1738 1275 1831 μετὰ
1290 1745 1327 1813 δὲ
1341 1737 1400 1834 τὴν
1410 1741 1585 1830 βεβαίωσιν

364 1843 406 1916 κά
420 1842 503 1935 πρὸς
525 1841 598 1929 τοὺς
611 1841 795 1928 ἀντιδίκους
808 1844 977 1929 τάττοντος
993 1848 1323 1938 πρακαταλιγψόμεδα
1338 1841 1443 1914 αἰτῶν
1457 1839 1501 1912 τὰ
1517 1843 1585 1913 ἐπί·

365 1953 446 2036 δοξα
465 1951 632 2040 λέγεσθαι.
667 1951 760 2031 Quod
783 1957 892 2018 autem
920 1952 1137 2019 Volkmannus
1161 1953 1195 2036 (l.
1218 1974 1242 2018 c.
1265 1975 1295 2038 p.
1319 1955 1395 2034 124)
1419 1952 1586 2018 arbitratur

361 2058 534 2124 Isocratem
562 2056 741 2124 Aristotelis
769 2055 834 2121 illis
866 2057 969 2122 verbis
1000 2057 1155 2132 denotari,
1190 2057 1220 2122 id
1249 2057 1325 2142 ipsis
1352 2056 1415 2121 illis
1445 2055 1583 2140 Dionysii

364 2161 466 2227 Halic.
488 2161 590 2226 verbis
613 2161 664 2238 (de
679 2160 752 2242 Lys.
769 2179 795 2224 c.
814 2160 852 2222 16
869 2161 944 2224 extr.
962 2161 1045 2244 sqq.)
1069 2160 1233 2239 refellitur,
1257 2179 1337 2245 quae
1361 2161 1400 2226 ad
1424 2180 1520 2226 suum
1540 2160 1583 2224 iu-

364 2265 480 2330 dicium
511 2264 663 2329 tuendum
692 2263 801 2327 attulit
828 2249 1056 2327 Volkmannus.
1111 2257 1290 2348 Dionysius
1312 2264 1412 2342 enim,
1443 2285 1519 2330 cum
1551 2285 1583 2328 ex

363 2367 511 2433 Isocratis
522 2367 697 2453 praeseptis
709 2365 880 2431 oraticnem
892 2386 925 2432 se
938 2366 1111 2432 divisumm
1120 2367 1279 2452 professus
1292 2368 1341 2445 sit,
1352 2369 1464 2452 postes
1474 2361 1583 2453 προοί-

362 2494 447 2555 μιον,
463 2467 619 2557 διήγησιν,
643 2462 766 2548 πίστιν,
791 2463 944 2555 ἐπίλογον
966 2470 1069 2536 refert.

449 2573 568 2654 Quodsi
592 2573 725 2654 Diogeni
749 2571 844 2638 fidem
867 2572 1079 2657 adiungimus,
1104 2573 1200 2640 Stoici
1223 2568 1404 2660 προοίμιον,
1429 2570 1580 2662 crappum,

362 2666 404 2740 τὰ
431 2667 518 2763 πρὸς
544 2667 619 2754 τοὺς
645 2665 845 2753 ἀντιδίκους,
874 2669 1028 2760 ἐπίλογον
1059 2679 1164 2761 partes
1194 2677 1364 2763 ῥητορικοῦ
1389 2671 1488 2763 λκίγου
1518 2695 1581 2742 esse

361 2779 535 2870 voluerunt.
569 2779 631 2846 Ubi
654 2798 727 2844 aum
750 2779 866 2843 mirum
890 2780 932 2843 sit
952 2779 1023 2844 illos
1046 2779 1269 2845 refutationem
1285 2779 1385 2844 solam
1400 2778 1433 2844 in
1447 2781 1580 2864 partium

362 2901 492 2948 numero
519 2882 684 2956 habuisse,
714 2879 997 2960 confirmationem,
1027 2901 1090 2965 qua
1111 2882 1190 2946 nihil
1213 2885 1262 2947 cst
1283 2882 1408 2966 gravius
1435 2885 1579 2958 maiusve

363 2983 515 3061 omisisse,
537 2985 643 3050 nescio
667 3002 706 3049 an
729 2983 931 3050 librariorum
954 2985 1046 3069 culpa
1071 3005 1185 3050 nomen
1208 2984 1294 3050 illius
1320 2985 1462 3051 vocabuli
1492 2987 1582 3050 inter·

363 3087 485 3166 ciderit,
518 3087 599 3173 quod
629 3086 859 3153 confirmationi
898 3086 1099 3172 responderit.
1167 3087 1235 3167 Sed
1262 3087 1353 3171 quod
1380 3087 1476 3154 luerit
1503 3086 1580 3155 istud

360 3210 475 3257 nomen
497 3191 664 3257 nescimus.
1088 3206 1090 3210 ’

446 3293 505 3359 His
531 3294 669 3378 quinqua
692 3295 833 3378 partibus
856 3295 976 3359 sertam
998 3294 1187 3378 adscriptam
1204 3294 1338 3376 legimus
1362 3293 1579 3372 ‚‚divisicnem“

363 3393 412 3460 vel
436 3397 678 3480 .‚partitionem“
701 3397 784 3482 apud
800 3396 999 3463 Comificium
1023 3399 1055 3462 at
1077 3397 1259 3464 Ciceronem
1282 3398 1374 3480 eique
1398 3394 1512 3462 sedem
1533 3395 1580 3459 da

363 3499 429 3564 tam
452 3519 520 3565 esse
541 3503 614 3585 post
634 3501 857 3566 narrationem.
868 3501 895 3582 ⁴)
1241 3489 1243 3494 ’

446 3602 494 3667 Ad
510 3604 658 3685 quattuor
670 3603 741 3669 illas
759 3605 865 3688 partes
881 3603 1089 3687 (prooemium
1104 3603 1318 3670 narrationem
1340 3601 1579 3684 argumentatio

363 3723 437 3770 nem
448 3705 619 3789 epilogum)
632 3706 659 3771 ei
672 3706 841 3784 redierunt,
855 3725 932 3788 quos
944 3707 1187 3772 Fortunatianus
1199 3709 1240 3789 (p.
1249 3706 1310 3768 108
1316 3703 1370 3786 Η.)
1383 3706 1417 3769 et
1429 3703 1579 3788 Sulpicius

363 3807 472 3874 Victor
501 3811 545 3891 (p.
578 3810 639 3873 322
660 3809 715 3893 H.)
744 3809 842 3874 secuti
871 3811 953 3873 sunt.
1002 3809 1064 3875 Sed
1092 3810 1169 3874 alias
1197 3827 1320 3891 qnoque
1348 3825 1464 3890 easque
1490 3823 1579 3872 noras

363 3911 461 3975 tradit
485 3911 569 3978 idem
591 3912 835 3977 Fortunatianus
859 3932 888 3995 p.
914 3912 991 3976 108:
1020 3907 1233 3998 repoenitere,
1257 3905 1517 3996 προπαρασκευή
1536 3908 1579 3974 rel

364 4009 626 4101 προκατασκενή,
661 4004 851 4093 ἀνανέωσις,
888 4006 1108 4102 ὑπεξαίρεσις.
1153 4003 1345 4092 Excessum,
1372 4007 1580 4105 παρέκβασιν,

365 4136 461 4200 quam
490 4113 638 4199 διέξοδον
667 4119 830 4201 nuncupat
858 4117 1103 4183 Fortunatianus
1130 4139 1160 4202 p.
1191 4118 1260 4194 108,
1289 4117 1351 4182 iam
1377 4115 1578 4198 Hermagoras

434 4327 455 4389 ¹)
476 4322 553 4391 erog.
571 4322 602 4377 1..
622 4321 673 4377 v11
692 4323 734 4377 43.

434 4411 459 4475 ²)
476 4424 521 4464 ars
539 4409 608 4462 rhet.
627 4405 675 4461 III
696 4410 729 4462 13
746 4425 773 4476 p.
797 4409 850 4462 209
870 4408 962 4464 Boem.

436 4493 457 4564 ⁸)
476 4496 564 4549 Anax.
583 4509 605 4548 c.
624 4494 771 4563 aupaci
791 4493 836 4562 sp.

434 4582 456 4640 ‘l
474 4578 599 4636 Comitio.
620 4577 683 4648 14;
702 4579 755 4634 Cic.
775 4579 808 4634 de
826 4578 877 4634 inv.
897 4577 912 4633 1
932 4580 972 4633 19.
