3634 5240
817 419 857 480 73

226 641 278 722 (ci.
312 659 406 724 snpra
438 661 466 724 p.
501 643 540 704 52
575 642 645 723 sq.).
690 639 833 722 Gignunt
864 642 972 705 autem
1002 659 1072 705 eam
1100 641 1284 704 varietatem
1311 641 1343 703 et
1372 658 1446 704 ana-

227 744 326 828 paesti
357 745 389 808 et
417 744 534 827 dactyli
564 746 597 808 et
622 745 728 808 theses
756 744 892 820 solutae,
915 743 1028 825 quibus
1055 744 1208 808 omnibus
1231 761 1304 807 cum
1336 744 1445 806 breves

227 846 417 923 efficiantur,
440 847 594 911 incertum
618 849 680 923 est,
703 865 780 910 num
803 865 912 929 prosae
935 847 1038 929 imago
1060 845 1162 927 magis
1185 847 1218 909 in
1240 845 1309 929 ipsa
1330 844 1446 927 pedum

230 949 409 1014 confusione
438 968 534 1032 quam
567 950 598 1013 in
627 950 820 1034 syllabarum
849 949 1039 1032 correptione
1074 951 1161 1026 (nam
1185 951 1349 1030 utramque
1377 965 1446 1012 esse

227 1053 343 1116 iustam
371 1071 499 1116 causam
529 1055 673 1136 apertum
702 1053 762 1134 est)
796 1053 838 1117 sit
865 1053 974 1135 posita.
1019 1050 1115 1116 Velut
1143 1051 1180 1115 de
1204 1053 1465 1134 anapaestorum'

229 1155 310 1237 apud
334 1156 466 1220 comicos
490 1155 624 1220 Graecos
647 1175 707 1219 usu
730 1156 807 1220 haec
829 1155 970 1218 referunt
991 1155 1121 1218 ‘scholia
1142 1152 1395 1237 Hephaestionem
1409 1154 1445 1216 A*

228 1276 257 1339 p.
283 1257 332 1334 19,
347 1259 385 1320 15
398 1258 437 1318 W
458 1286 501 1312 =
526 1259 585 1321 132
609 1258 676 1323 init.
701 1259 763 1322 St:
787 1251 966 1344 εὑρίσκεται
990 1306 997 1320 .
1022 1305 1029 1319 .
1054 1306 1061 1319 .
1085 1248 1180 1342 παρὰ
1201 1259 1271 1334 τοῖς
1292 1251 1448 1337 κωμικοῖς

227 1363 365 1440 συνεχῶς
391 1353 409 1424 δ
436 1352 658 1438 ἀνάπαιστος·
689 1351 747 1425 τὸν
772 1355 833 1444 γὰρ
860 1353 947 1442 βίον
974 1344 1063 1424 οὗτοι
1090 1355 1279 1441 μιμούμενοι
1308 1355 1449 1423 θέλουσι·

228 1463 333 1529 δοκεῖν
356 1459 647 1544 διαλελυμένως
670 1461 882 1547 διαλέγεσθαι
898 1453 1012 1547 καὶμὴ
1028 1459 1202 1546 ἐμμέτρως,
1221 1455 1239 1527 δ
1255 1459 1291 1526 δὲ
1307 1453 1449 1526 ἀνάπαι-

227 1586 302 1643 στος
324 1563 552 1652 διαλελυμένην
574 1569 664 1630 ποιεῖ
686 1562 745 1651 τὴν
766 1562 888 1652 φράσιν
910 1557 965 1630 διὰ
987 1558 1027 1631 τὸ
1049 1560 1215 1653 τρίσρμον.
1260 1565 1326 1630 Νοο
1348 1564 1447 1628 multo

228 1687 319 1733 secus
342 1669 380 1733 de
404 1669 473 1733 aliis
488 1669 620 1752 pedibus
644 1688 663 1732 a
685 1670 811 1733 comicis
826 1669 948 1732 Latinis
971 1669 1003 1732 iu
1019 1669 1198 1733 trimetrum
1220 1667 1354 1751 receptis
1370 1666 1447 1732 haec

228 1772 341 1836 docent
367 1773 536 1836 Asmonius
564 1791 611 1855 ap.
633 1771 829 1836 Priscianum
856 1771 894 1836 de
921 1773 1033 1836 metris
1055 1772 1193 1837 Terentii
1224 1794 1254 1857 p.
1278 1773 1351 1847 420,
1374 1773 1393 1832 2
1416 1769 1447 1832 Κ

228 1875 392 1957 (=Iubae
414 1875 525 1957 fragm.
543 1875 608 1937 72*
632 1873 678 1938 ed.
705 1873 840 1954 Hense):
865 1875 992 1952 „comici
1015 1878 1125 1958 poetae
1148 1877 1249 1940 laxius
1273 1875 1447 1939 etiamnum

227 1979 368 2043 uersibus
398 1978 463 2042 suis
486 1996 582 2059 quam
610 1977 720 2058 tragici
742 1978 878 2060 spatium
905 1979 1060 2042 dederunt
1082 1983 1115 2043 et
1142 1979 1197 2042 illa
1224 1995 1347 2060 quoque
1369 1976 1448 2053 loca,

229 2099 308 2163 quae
324 2080 445 2164 proprie
459 2080 612 2145 debentur
623 2081 736 2156 iambo,
754 2081 916 2163 dactylicis
928 2084 1083 2164 occupant
1094 2081 1224 2165 pedibus
1248 2105 1266 2140 ν
1287 2103 1305 2138 ι
1329 2101 1348 2137 ι
1372 2078 1447 2142 dum

228 2183 463 2248 cotidianum
490 2201 668 2247 sermonem
696 2183 810 2247 imitari
839 2184 947 2249 volunt
974 2188 1007 2248 et
1034 2203 1052 2248 a
1081 2184 1315 2249 versificationis
1344 2182 1449 2246 obser·

228 2288 351 2353 vatione
368 2287 576 2369 spectatorem
599 2285 639 2350 ad
662 2288 770 2350 actum
792 2288 836 2351 rei
852 2290 1041 2363 convertere,
1063 2290 1101 2352 ut
1115 2306 1177 2351 non
1199 2287 1281 2351 fictis
1297 2283 1448 2350 seductis

229 2389 445 2455 affectionibus
480 2390 583 2453 inesse
617 2388 780 2453 videatur“
825 2393 857 2454 et
887 2391 1011 2471 Fragm.
1034 2390 1132 2454 Paris.
1160 2391 1198 2454 de
1225 2390 1319 2454 iamb.
1348 2389 1448 2451 metro

228 2513 258 2576 p.
282 2493 354 2569 630,
377 2493 397 2555 8
420 2491 464 2554 K:
500 2491 573 2568 „sed
601 2492 689 2557 latini
713 2492 837 2570 comici,
871 2491 948 2556 dum
970 2493 1047 2556 satis
1075 2493 1204 2557 student
1231 2491 1448 2557 communibus

229 2595 344 2661 fabulis
367 2598 400 2659 et
421 2595 562 2677 gestiunt
584 2595 758 2660 comoedias
781 2596 820 2659 ad
843 2614 1052 2660 sermonem
1077 2596 1181 2659 vitae
1204 2614 1323 2670 uocare,
1346 2613 1450 2658 corru-

229 2701 344 2782 perunt
365 2700 450 2780 leges
473 2697 570 2764 iambi
594 2746 600 2760 .
625 2746 632 2760 .
658 2746 665 2760 .
688 2716 746 2762 nec
768 2699 847 2762 illud
870 2699 966 2763 etiam
989 2699 1066 2762 satis
1082 2701 1219 2774 serrant,
1243 2701 1279 2761 ut
1302 2698 1349 2762 rel
1373 2715 1450 2778 qua-

229 2804 302 2866 dam
325 2801 475 2866 varietate
503 2801 536 2864 ln
559 2801 635 2883 ipsis
659 2801 789 2883 pedibus
812 2804 959 2878 utantur,
992 2801 1045 2866 sed
1070 2802 1218 2883 quoniam
1245 2801 1384 2884 recipit.
1410 2848 1416 2862 .
1441 2847 1448 2861 .

229 2905 404 2988 spondium,
420 2905 606 2987 plerumque
622 2922 731 2967 omnes
747 2903 894 2986 spondius
910 2904 1045 2979 faciunt3
1067 2903 1214 2986 quoniam
1231 2907 1448 2986 anapaestum,

228 3009 413 3091 plerumque
446 3025 555 3072 omnes
589 3009 791 3089 anapaestos,
825 3010 918 3088 atque
952 3007 1062 3071 eadem
1096 3007 1134 3071 de
1169 3008 1280 3070 ceteris
1314 3007 1449 3071 servant.

229 3109 311 3190 Quin
334 3110 431 3174 etiam
453 3109 591 3173 contenti
618 3112 694 3174 sunt
714 3110 899 3192 plerumque
931 3129 1031 3174 unum
1053 3110 1179 3173 tantum
1201 3110 1306 3175 locum
1329 3110 1362 3173 in
1385 3111 1450 3173 toto

228 3233 322 3278 versu
337 3213 409 3296 pedi
424 3212 564 3294 legitimo
588 3231 755 3290 reservare,
778 3231 837 3276 nee
853 3231 916 3276 non
932 3213 1102 3276 solutiones
1120 3213 1165 3277 ita
1180 3213 1305 3276 crebras
1321 3214 1450 3296 ponunt,

228 3319 265 3380 ut
286 3317 472 3399 plerumque
487 3315 595 3379 decern
617 3316 727 3380 breues
750 3319 782 3380 et
804 3315 939 3398 amplius
956 3316 1122 3396 sequentes
1139 3315 1354 3398 deprehendas
1370 3319 1449 3379 etc.“

229 3419 275 3484 De
297 3418 450 3482 eiusmodi
472 3418 612 3482 versibus
627 3419 748 3482 Latinis
764 3419 809 3483 sic
825 3418 943 3483 indicat
955 3417 1062 3483 Cicero
1080 3418 1166 3483 Orat.
1181 3421 1256 3482 184:
1280 3423 1333 3496 „at
1356 3418 1452 3482 comi·

228 3540 336 3586 corum
359 3521 472 3586 senarii
495 3525 622 3604 propter
648 3521 946 3586 similitudinem
976 3523 1161 3586 sermonis
1188 3522 1233 3586 sic
1261 3540 1352 3605 saepe
1375 3525 1450 3585 sunt

229 3624 357 3696 abiecti,
391 3627 428 3688 nt
455 3641 694 3705 nonnumquam
723 3624 772 3689 vix
801 3624 832 3687 in
860 3625 905 3688 eis
931 3643 1081 3688 numerus
1113 3627 1145 3689 et
1171 3644 1279 3690 versus
1311 3624 1451 3706 intellegi

228 3728 356 3810 possit.“

315 3830 457 3912 Denique
480 3830 518 3894 de
534 3830 629 3894 simili
651 3831 683 3894 in
706 3830 942 3895 tetrametris
965 3830 1171 3894 trochaicis
1193 3831 1320 3896 licentia
1335 3831 1452 3897 iambo·

230 3935 357 4018 graphia
380 3936 413 3998 et
435 3933 561 3998 comicis
577 3933 705 3998 Graecis
728 3933 839 3998 eadem
862 3933 900 3997 de
922 3951 1020 3997 cause
1041 3933 1195 4016 permissa
1216 3933 1294 3998 haec
1316 3935 1451 4018 legimus

228 4038 260 4101 in
284 4036 421 4103 ‘scholiis
442 4037 703 4120 Hephaestioneis
725 4038 762 4101 A‘
785 4057 814 4120 p.
839 4037 909 4112 158,
932 4036 1004 4099 8W
1027 4062 1067 4092 =
1094 4037 1151 4100 137
1170 4035 1231 4101 St:
1254 4030 1369 4124 ὥσπερ
1393 4035 1451 4103 ἐπὶ

228 4145 283 4206 τοῦ
299 4135 450 4224 landreci
465 4131 548 4205 κατὰ
570 4137 630 4216 τὰς
645 4131 772 4225 ἀρτίως
792 4129 850 4206 τὸν
865 4130 1074 4204 ἀνάπαιστον
1089 4133 1269 4220 ἐλάμβανον
1284 4133 1314 4204 οἳ
1335 4133 1453 4224 ἰαμβο-

229 4241 322 4309 notui
345 4241 400 4308 καὶ
423 4237 455 4309 ολ
477 4237 624 4326 κωμικοί,
651 4237 682 4306 ολ
705 4241 742 4308 δὲ
763 4239 910 4330 τραγικοὶ
934 4241 1092 4320 σπανίως,
1124 4235 1207 4305 οὕτω
1228 4241 1283 4306 καὶ
1307 4241 1452 4312 ἐνταῦθα

228 4349 275 4434 τῷ
309 4337 392 4412 κατὰ
424 4338 483 4425 τὰς
517 4336 678 4432 περιττὰς
711 4342 873 4432 δακτύλῳ,
903 4337 959 4409 διὰ
991 4336 1030 4409 τὸ
1064 4337 1294 4430 δμιλητικδν
1325 4347 1380 4413 καὶ
1414 4343 1452 4417 εδ

229 4446 409 4534 βούλεσθαι
431 4448 537 4516 δοκεῖν
558 4440 596 4514 τὸ
617 4445 737 4538 μέτρον
759 4439 841 4512 εἶναι
865 4445 1154 4536 διαλελυμένον,
