3568 5238
807 441 848 502 33

218 660 352 750 ρεσίαις.
399 665 468 729 Iam
490 682 562 728 vero
586 682 658 727 oum
673 662 876 726 Hermannus
890 662 984 727 Peter
997 665 1020 746 ¹)
1043 663 1249 727 Plutarchum
1263 667 1296 727 in
1312 663 1438 728 Catonis

217 769 283 832 vita
316 766 520 832 describenda
550 766 724 829 Thraseam
753 764 888 828 Paetum
922 765 1024 829 solum
1059 765 1148 846 sequi
1179 767 1283 847 putet,
1316 767 1369 848 qui
1398 765 1437 829 ad

217 870 398 934 Munatium
428 868 549 932 Rufum
574 868 696 943 redeat,
731 885 802 948 ego,
834 868 908 948 quia
933 886 1036 949 neque
1059 867 1193 932 Dionem
1222 886 1325 950 neque
1348 869 1438 932 scho-
1512 933 1515 940 ,

217 971 344 1037 liastam
377 972 438 1036 illis
468 971 543 1054 ipsis
570 970 647 1034 locis
669 970 841 1034 Thraseam
863 972 919 1032 aut
937 969 1116 1034 Munatium
1144 971 1342 1036 arcessivisse
1365 991 1438 1036 con-

218 1077 406 1139 sentaneum
440 1076 501 1150 est,
534 1091 724 1137 consensum
758 1071 896 1146 Asconii,
930 1071 1108 1149 Plutarchi,
1139 1072 1248 1137 Dionis
1281 1073 1326 1137 ita
1347 1093 1438 1158 erpe-

217 1177 357 1254 diverim,
379 1180 416 1240 ut
438 1180 494 1240 aut
515 1175 723 1239 Plutarchum
744 1175 869 1256 praeter
889 1174 1061 1238 Thraseam
1083 1174 1218 1238 Pactum
1239 1176 1273 1240 in
1294 1176 1351 1240 illa
1373 1178 1437 1240 rita

216 1279 304 1344 Livio
327 1299 419 1343 usum
444 1297 512 1342 esse
535 1280 675 1342 statuam
697 1280 752 1340 aut
773 1277 898 1340 Livium
920 1276 1061 1340 Munatio
1084 1277 1166 1341 Rufo
1182 1314 1224 1324 —
1247 1297 1343 1360 quam
1366 1298 1437 1343 sen·

217 1383 350 1446 tentiam
378 1381 529 1447 Grohsius
556 1381 590 1462 (l.
615 1399 640 1443 o.
662 1400 691 1463 p.
717 1379 756 1441 19
772 1385 829 1461 sq.)
851 1397 913 1442 non
938 1379 1004 1443 sino
1027 1380 1089 1443 veri
1114 1381 1215 1462 specie
1237 1381 1369 1462 protulit
1384 1415 1434 1458 -,

217 1483 352 1548 Diouem
386 1488 493 1548 autem
527 1487 559 1546 ct
585 1482 757 1546 Ascanium
788 1480 827 1544 ad
861 1499 961 1544 unum
992 1481 1117 1546 Livium
1150 1483 1339 1548 revocandos
1368 1503 1435 1548 esse

216 1587 409 1651 crediderim.

302 1705 368 1770 Neo
390 1708 495 1771 minus
518 1705 665 1769 Livianae
689 1703 817 1784 originis
840 1704 930 1785 signa
953 1722 989 1768 eo
1010 1703 1196 1781 iudicantur,
1221 1704 1304 1786 quod
1320 1705 1379 1770 Dio
1402 1707 1434 1770 in

217 1810 319 1892 capite
346 1809 386 1870 47
414 1809 555 1891 prodigia
578 1809 755 1882 enumerat,
790 1825 922 1888 quorum
953 1825 1112 1888 nusquam
1141 1807 1214 1871 alibi
1242 1807 1279 1870 fit
1306 1810 1434 1885 mentio,

217 1930 290 1975 oum
313 1912 406 1975 huius
429 1911 552 1994 generis
575 1929 624 1973 res
647 1911 782 1973 maxime
799 1910 904 1973 Liuius
927 1908 1063 1993 proferre
1087 1908 1194 1973 soleat.
1233 1909 1375 1993 Denique
1398 1913 1435 1976 iis

217 2015 350 2088 collatis,
374 2031 455 2095 quae
479 2014 516 2077 de
540 2011 688 2094 Pompeio
711 2013 838 2076 consule
861 2013 927 2076 sine
951 2011 1071 2094 collega
1094 2015 1197 2076 creato
1219 2012 1278 2077 Dio
1302 2013 1369 2094 (XL
1386 2015 1435 2090 50,

217 2118 252 2178 5:
286 2113 397 2196 ξένον
428 2139 472 2182 τε
494 2107 542 2200 δὴ
564 2118 678 2179 τοῦτο
704 2110 769 2178 καὶ
792 2110 861 2177 ἐπὶ
884 2109 1048 2198 μηδενὸς
1078 2104 1192 2178 ἄλλοι)
1227 2113 1435 2199 γενόμενον

216 2211 377 2302 ἔπραξαν)
402 2221 434 2281 et
459 2218 538 2283 Livii
561 2217 816 2301 periocha(107:
845 2215 966 2280 ‘consul
989 2216 1080 2279 tertio
1103 2216 1205 2282 factus
1229 2221 1291 2298 est,
1323 2220 1434 2284 absens

215 2323 248 2384 et
270 2322 369 2397 solus,
394 2321 489 2403 quod
513 2320 612 2383 nulli
641 2320 708 2383 alii
735 2337 914 2401 umquam
937 2319 1129 2401 contigit')
1167 2320 1322 2399 referunt,
1359 2324 1434 2404 quiu

215 2421 269 2487 ille
293 2443 329 2487 ex
351 2424 438 2488 Livio
460 2423 614 2497 hauserit,
651 2422 738 2484 nullo
764 2424 856 2504 pacto
889 2420 1031 2484 dubitare
1059 2421 1146 2498 licet,
1178 2423 1224 2487 ita
1252 2426 1290 2487 ut
1310 2424 1434 2490 Livium

214 2527 356 2590 omnium
380 2545 487 2590 earum
511 2544 632 2601 rerum,
660 2543 793 2605 quarum
817 2527 1021 2607 conspectum
1044 2543 1140 2607 supra
1163 2527 1339 2608 composui,
1372 2529 1435 2611 pri-

214 2632 351 2694 marium
373 2629 491 2693 fontem
514 2627 612 2691 luisse
632 2627 836 2709 suspicemur.
870 2626 961 2692 Unde
978 2627 1128 2708 sequitur,
1150 2629 1195 2704 ut,
1211 2629 1265 2693 ubi
1281 2631 1433 2695 Asconius

213 2735 247 2795 et
268 2732 327 2796 Dio
349 2732 564 2806 consentiunt,
586 2729 693 2793 Liuius
722 2729 897 2793 communIs
929 2731 1037 2792 auctor
1059 2729 1162 2806 fuerit,
1186 2731 1245 2794 etsi
1264 2733 1433 2797 nonnullas

213 2853 323 2897 earum
346 2853 461 2909 rerum,
484 2851 563 2914 quas
587 2832 624 2895 dc
640 2831 740 2897 Clodii
756 2849 881 2914 corpore
904 2832 936 2894 in
959 2832 1048 2894 curia
1071 2835 1210 2896 cremato
1233 2836 1266 2897 ot
1288 2835 1325 2898 de
1344 2853 1433 2898 seua-

214 2939 265 2999 tus
289 2936 440 3000 consultis
463 2935 558 2999 refert
575 2936 740 3010 Asconius,
766 2934 890 2998 aliunde
914 2953 1037 3016 quoque
1053 2935 1092 2998 ab
1109 2953 1145 2999 eo
1160 2936 1279 2999 hauriri
1294 2938 1431 3020 potuisse

214 3040 350 3112 constat,
373 3039 558 3120 praesertim
581 3056 653 3100 cum
676 3036 846 3101 scholiasta
867 3036 899 3099 in
915 3037 1104 3101 Milonianae
1127 3041 1312 3118 argumento
1336 3041 1430 3104 etiarn

212 3141 314 3216 ‘aota',
337 3140 556 3216 Fenestellam,
579 3139 712 3220 denique
735 3141 767 3201 in
790 3139 971 3202 universum
995 3140 1126 3204 annales
1150 3141 1225 3203 citet
1248 3141 1291 3223 (p.
1305 3142 1355 3218 27,
1379 3143 1426 3205 12.

214 3241 268 3315 14;
292 3242 342 3320 26,
367 3243 398 3321 5)
423 3247 518 3323 atque
541 3245 626 3305 certo
650 3241 841 3320 acciveritll.

297 3361 390 3426 Nunc
418 3363 457 3426 ad
485 3362 581 3426 alium
604 3363 709 3426 locum
736 3379 915 3444 pergamus.
963 3363 1117 3425 Asconius
1140 3360 1223 3425 enlm
1247 3365 1289 3445 (p.
1314 3362 1365 3440 66,
1389 3365 1428 3426 21

214 3465 308 3544 -24)
332 3464 365 3527 L.
381 3464 506 3530 Cottam
522 3468 554 3528 et
567 3465 603 3530 L.
619 3465 814 3546 Torquatum
836 3464 988 3527 inlocum
1004 3464 1037 3527 P.
1054 3463 1161 3528 Sullae
1177 3467 1210 3528 et
1224 3464 1259 3528 P.
1275 3467 1429 3542 Autronii,

210 3567 264 3647 qui
305 3568 448 3631 consules
483 3567 651 3651 designati,
683 3567 737 3630 sed
771 3566 810 3630 ab
842 3566 902 3630 illis
939 3567 1077 3631 ambitus
1110 3569 1142 3630 in
1177 3567 1295 3630 crimen
1329 3569 1429 3632 vocati

211 3668 345 3746 fuerint,
379 3673 500 3734 creatos
523 3689 591 3734 esse
615 3670 739 3743 scribit3
772 3687 830 3733 nac
861 3669 1018 3753 discrepat
1050 3670 1108 3734 Dio
1131 3669 1265 3733 XXXVI
1287 3671 1329 3732 44
1351 3672 1429 3754 (27).

210 3770 292 3836 Cum
308 3776 413 3836 autem
429 3773 536 3838 Cicero
559 3773 610 3855 (de
625 3772 679 3836 fin.
694 3771 727 3834 Π
743 3773 793 3846 19,
811 3771 866 3853 62)
889 3789 951 3834 non
967 3771 1001 3834 L.
1017 3773 1220 3853 Torquatum,
1243 3773 1297 3854 qui
1320 3776 1428 3839 consul

209 3873 312 3938 factus
336 3877 399 3952 est,
432 3875 487 3940 sed
516 3876 610 3939 huius
640 3875 740 3939 filiurn
770 3875 987 3956 cognominem
1013 3874 1048 3938 P.
1076 3873 1183 3938 Sullae
1214 3879 1428 3942 accusatorem

210 3975 306 4040 luisse
333 3979 505 4057 resectum),
529 3978 575 4040 illi
602 3977 766 4059 scriptores
794 3997 813 4041 a
840 3977 988 4042 Cicerone
1015 3995 1113 4058 aeque
1140 3976 1321 4042 recedentes
1344 3997 1428 4044 com-

208 4080 299 4142 muni
322 4079 401 4142 fonti
423 4099 481 4144 sua
502 4080 614 4144 debere
641 4079 718 4143 mihi
741 4079 895 4146 videntur.
944 4079 1014 4142 Iam
1041 4097 1113 4143 vero
1135 4078 1218 4142 illius
1241 4080 1350 4145 DionIs
1377 4101 1428 4146 oa·

279 4387 300 4450 ¹)
319 4382 374 4437 Die
392 4383 510 4452 Quellen
528 4383 676 4439 Plutarcho
694 4402 720 4455 p.
739 4385 850 4440 65-68.

278 4489 299 4554 ⁹)
317 4486 382 4541 Hoc
398 4485 471 4540 infra
487 4486 748 4542 demonstrabimus.

278 4589 299 4658 ³)
318 4589 352 4642 of.
372 4589 519 4642 Drumann
538 4589 569 4642 II
588 4607 614 4660 p.
632 4591 666 4644 88
682 4607 709 4642 n.
727 4591 774 4655 803
792 4607 819 4659 p.
837 4589 933 4644 51411.
951 4589 997 4656 593
1017 4595 1155 4660 praeterea
1167 4590 1198 4646 G.
1210 4589 1286 4646 John
1303 4591 1333 4645 in
1351 4591 1425 4646 Mus.

224 4672 312 4728 Rhea.
331 4673 437 4728 XXXI
457 4692 483 4745 p.
501 4675 554 4730 415
570 4681 600 4728 et
616 4675 645 4727 in
663 4673 755 4728 annal.
773 4673 868 4745 philol.
887 4674 1022 4746 supplem.
1040 4675 1118 4729 VIII
1136 4692 1163 4747 p.
1182 4677 1240 4732 708.

1196 4762 1213 4815 3
