<?xml version="1.0" encoding="UTF-8"?>
<!DOCTYPE html PUBLIC "-//W3C//DTD XHTML 1.0 Transitional//EN"
    "http://www.w3.org/TR/xhtml1/DTD/xhtml1-transitional.dtd">
<html xmlns="http://www.w3.org/1999/xhtml" xml:lang="en" lang="en">
 <head>
  <title>
</title>
<meta http-equiv="Content-Type" content="text/html;charset=utf-8" />
  <meta name='ocr-system' content='tesseract 3.04.00' />
  <meta name='ocr-capabilities' content='ocr_page ocr_carea ocr_par ocr_line ocrx_word'/>
</head>
<body>
  <div class='ocr_page' id='page_1' title='image "./destoicorumstud00strigoog_0310.png"; bbox 0 0 3598 5226; ppageno 0'>
   <div class='ocr_carea' id='block_1_1' title="bbox 802 391 861 456">
    <p class='ocr_par' dir='ltr' id='par_1_1' title="bbox 802 391 861 456">
     <span class='ocr_line' id='line_1_1' title="bbox 802 391 861 456; baseline 0.017 -1"><span class='ocrx_word' id='word_1_1' title='bbox 802 391 861 456; x_wconf 84' lang='lat'>121</span> 
     </span>
    </p>
   </div>
   <div class='ocr_carea' id='block_1_2' title="bbox 222 607 1442 702">
    <p class='ocr_par' dir='ltr' id='par_1_2' title="bbox 222 607 1442 702">
     <span class='ocr_line' id='line_1_2' title="bbox 222 607 1442 702; baseline -0.003 -19"><span class='ocrx_word' id='word_1_2' title='bbox 222 623 312 685; x_wconf 88' lang='grc' dir='ltr'><strong><em>ποιεῖ</em></strong></span> <span class='ocrx_word' id='word_1_3' title='bbox 338 610 394 682; x_wconf 88' lang='grc' dir='ltr'>τὸν</span> <span class='ocrx_word' id='word_1_4' title='bbox 421 613 566 702; x_wconf 75' lang='grc' dir='ltr'><strong><em>δεύτερον</em></strong></span> <span class='ocrx_word' id='word_1_5' title='bbox 588 609 756 701; x_wconf 74' lang='grc' dir='ltr'><strong><em>ἐπίτριτον</em></strong></span> <span class='ocrx_word' id='word_1_6' title='bbox 782 631 920 696; x_wconf 68' lang='grc' dir='ltr'>ῑὸῐῐ,</span> <span class='ocrx_word' id='word_1_7' title='bbox 950 610 1103 701; x_wconf 80' lang='grc' dir='ltr'><em>τροχαίου</em></span> <span class='ocrx_word' id='word_1_8' title='bbox 1125 613 1161 682; x_wconf 83' lang='grc' dir='ltr'>δὲ</span> <span class='ocrx_word' id='word_1_9' title='bbox 1184 609 1268 682; x_wconf 85' lang='grc' dir='ltr'><strong><em>κατὰ</em></strong></span> <span class='ocrx_word' id='word_1_10' title='bbox 1288 607 1347 702; x_wconf 78' lang='grc' dir='ltr'>τὴν</span> <span class='ocrx_word' id='word_1_11' title='bbox 1368 615 1442 680; x_wconf 83' lang='lat' dir='ltr'>deu-</span> 
     </span>
    </p>
   </div>
   <div class='ocr_carea' id='block_1_3' title="bbox 223 709 1550 808">
    <p class='ocr_par' dir='ltr' id='par_1_3' title="bbox 223 709 1550 808">
     <span class='ocr_line' id='line_1_3' title="bbox 223 709 1550 808; baseline -0.004 -19"><span class='ocrx_word' id='word_1_12' title='bbox 223 720 316 808; x_wconf 83' lang='grc' dir='ltr'><strong><em>τέραν</em></strong></span> <span class='ocrx_word' id='word_1_13' title='bbox 337 719 442 807; x_wconf 80' lang='grc' dir='ltr'><strong><em>χώραν</em></strong></span> <span class='ocrx_word' id='word_1_14' title='bbox 464 717 610 804; x_wconf 81' lang='grc' dir='ltr'><em>κειμένου</em></span> <span class='ocrx_word' id='word_1_15' title='bbox 632 717 840 786; x_wconf 73' lang='grc' dir='ltr'><strong><em>ἀποτελεῖται</em></strong></span> <span class='ocrx_word' id='word_1_16' title='bbox 867 713 1013 806; x_wconf 82' lang='grc' dir='ltr'><strong><em>ὁτρίτος</em></strong></span> <span class='ocrx_word' id='word_1_17' title='bbox 1037 715 1146 784; x_wconf 87' lang='grc' dir='ltr'><strong><em>παίιον</em></strong></span> <span class='ocrx_word' id='word_1_18' title='bbox 1173 737 1188 789; x_wconf 68' lang='grc' dir='ltr'>ὅ</span> <span class='ocrx_word' id='word_1_19' title='bbox 1208 733 1306 787; x_wconf 66' lang='lat'>313.</span> <span class='ocrx_word' id='word_1_20' title='bbox 1331 709 1443 785; x_wconf 47' lang='lat' dir='ltr'>{bitu</span> <span class='ocrx_word' id='word_1_21' title='bbox 1547 731 1550 736; x_wconf 81' lang='grc'>’</span> 
     </span>
    </p>
   </div>
   <div class='ocr_carea' id='block_1_4' title="bbox 221 818 1451 2250">
    <p class='ocr_par' dir='ltr' id='par_1_4' title="bbox 221 818 1447 1319">
     <span class='ocr_line' id='line_1_4' title="bbox 221 818 1443 913; baseline -0.005 -21"><span class='ocrx_word' id='word_1_22' title='bbox 221 821 275 892; x_wconf 80' lang='grc' dir='ltr'><strong><em>ὅτε</em></strong></span> <span class='ocrx_word' id='word_1_23' title='bbox 297 820 316 913; x_wconf 79' lang='grc' dir='ltr'>ἡ</span> <span class='ocrx_word' id='word_1_24' title='bbox 338 822 399 908; x_wconf 84' lang='grc' dir='ltr'>μὲν</span> <span class='ocrx_word' id='word_1_25' title='bbox 420 820 514 912; x_wconf 81' lang='grc' dir='ltr'><strong><em>τρίτη</em></strong></span> <span class='ocrx_word' id='word_1_26' title='bbox 538 821 699 911; x_wconf 81' lang='grc' dir='ltr'><strong><em>παιωνικὴ</em></strong></span> <span class='ocrx_word' id='word_1_27' title='bbox 722 827 920 909; x_wconf 84' lang='grc' dir='ltr'><strong><em>συναιρεῖται</em></strong></span> <span class='ocrx_word' id='word_1_28' title='bbox 948 818 994 901; x_wconf 88' lang='grc' dir='ltr'><strong><em>είς</em></strong></span> <span class='ocrx_word' id='word_1_29' title='bbox 1016 819 1293 906; x_wconf 76' lang='grc' dir='ltr'><strong><em>παλιμβάκχειον,</em></strong></span> <span class='ocrx_word' id='word_1_30' title='bbox 1327 824 1385 908; x_wconf 78' lang='grc' dir='ltr'>τῆς</span> <span class='ocrx_word' id='word_1_31' title='bbox 1408 819 1443 886; x_wconf 82' lang='grc' dir='ltr'>δὲ</span> 
     </span>
     <span class='ocr_line' id='line_1_5' title="bbox 222 921 1445 1016; baseline -0.004 -21"><span class='ocrx_word' id='word_1_32' title='bbox 222 924 459 1016; x_wconf 78' lang='grc' dir='ltr'><strong><em>ἐπιφερομένης</em></strong></span> <span class='ocrx_word' id='word_1_33' title='bbox 473 928 642 1015; x_wconf 83' lang='grc' dir='ltr'><strong><em>τροχαίκῆς</em></strong></span> <span class='ocrx_word' id='word_1_34' title='bbox 658 921 675 993; x_wconf 87' lang='grc' dir='ltr'>ὁ</span> <span class='ocrx_word' id='word_1_35' title='bbox 692 922 852 1015; x_wconf 90' lang='grc' dir='ltr'><strong><em>πρότερος</em></strong></span> <span class='ocrx_word' id='word_1_36' title='bbox 862 923 970 992; x_wconf 67' lang='grc' dir='ltr'><strong><em>λ’ίεται</em></strong></span> <span class='ocrx_word' id='word_1_37' title='bbox 986 921 1032 1004; x_wconf 83' lang='grc' dir='ltr'><strong><em>εἰς</em></strong></span> <span class='ocrx_word' id='word_1_38' title='bbox 1046 922 1226 1011; x_wconf 85' lang='grc' dir='ltr'><strong><em>τρίβραχον.</em></strong></span> <span class='ocrx_word' id='word_1_39' title='bbox 1239 921 1445 1008; x_wconf 73' lang='grc' dir='ltr'><strong><em>ἐμπίπτουσι</em></strong></span> 
     </span>
     <span class='ocr_line' id='line_1_6' title="bbox 223 1021 1447 1113; baseline -0.007 -15"><span class='ocrx_word' id='word_1_40' title='bbox 223 1030 260 1098; x_wconf 82' lang='grc' dir='ltr'>δὲ</span> <span class='ocrx_word' id='word_1_41' title='bbox 282 1029 338 1096; x_wconf 83' lang='grc' dir='ltr'>καί</span> <span class='ocrx_word' id='word_1_42' title='bbox 360 1025 392 1096; x_wconf 82' lang='grc' dir='ltr'>οὶ</span> <span class='ocrx_word' id='word_1_43' title='bbox 419 1028 569 1113; x_wconf 88' lang='grc' dir='ltr'><strong><em>μολοττοί</em></strong></span> <span class='ocrx_word' id='word_1_44' title='bbox 592 1028 626 1094; x_wconf 89' lang='grc' dir='ltr'>ἐν</span> <span class='ocrx_word' id='word_1_45' title='bbox 648 1027 785 1112; x_wconf 85' lang='grc' dir='ltr'><strong><em>τοίτοις,</em></strong></span> <span class='ocrx_word' id='word_1_46' title='bbox 811 1021 879 1094; x_wconf 78' lang='grc' dir='ltr'><strong><em>ἀλλ’</em></strong></span> <span class='ocrx_word' id='word_1_47' title='bbox 904 1027 938 1094; x_wconf 84' lang='grc' dir='ltr'>ἐν</span> <span class='ocrx_word' id='word_1_48' title='bbox 960 1031 1031 1108; x_wconf 86' lang='grc' dir='ltr'><strong><em>τοῖς</em></strong></span> <span class='ocrx_word' id='word_1_49' title='bbox 1052 1021 1123 1094; x_wconf 78' lang='grc' dir='ltr'>ἀπὸ</span> <span class='ocrx_word' id='word_1_50' title='bbox 1144 1025 1292 1111; x_wconf 82' lang='grc' dir='ltr'><strong><em>μείζονος</em></strong></span> <span class='ocrx_word' id='word_1_51' title='bbox 1307 1024 1447 1103; x_wconf 82' lang='grc' dir='ltr'><strong><em>ίωνικοῒς</em></strong></span> 
     </span>
     <span class='ocr_line' id='line_1_7' title="bbox 224 1124 1446 1218; baseline -0.005 -18"><span class='ocrx_word' id='word_1_52' title='bbox 224 1132 282 1200; x_wconf 87' lang='grc' dir='ltr'>ἐπί</span> <span class='ocrx_word' id='word_1_53' title='bbox 295 1139 358 1200; x_wconf 77' lang='grc' dir='ltr'>τῶν</span> <span class='ocrx_word' id='word_1_54' title='bbox 369 1124 489 1218; x_wconf 74' lang='grc' dir='ltr'><strong><em>ἀρτίων</em></strong></span> <span class='ocrx_word' id='word_1_55' title='bbox 501 1136 622 1218; x_wconf 87' lang='grc' dir='ltr'><strong><em>χωρῶν,</em></strong></span> <span class='ocrx_word' id='word_1_56' title='bbox 636 1129 670 1198; x_wconf 89' lang='grc' dir='ltr'>ἐν</span> <span class='ocrx_word' id='word_1_57' title='bbox 680 1130 717 1199; x_wconf 83' lang='grc' dir='ltr'>δὲ</span> <span class='ocrx_word' id='word_1_58' title='bbox 727 1137 798 1212; x_wconf 88' lang='grc' dir='ltr'><strong><em>τοῖς</em></strong></span> <span class='ocrx_word' id='word_1_59' title='bbox 810 1124 870 1198; x_wconf 73' lang='grc' dir='ltr'>ἀπ’</span> <span class='ocrx_word' id='word_1_60' title='bbox 883 1130 1059 1211; x_wconf 78' lang='grc' dir='ltr'><strong><em>ἐλάσσονος</em></strong></span> <span class='ocrx_word' id='word_1_61' title='bbox 1071 1128 1129 1196; x_wconf 84' lang='grc' dir='ltr'>ἐπί</span> <span class='ocrx_word' id='word_1_62' title='bbox 1141 1135 1204 1195; x_wconf 84' lang='grc' dir='ltr'>τῶν</span> <span class='ocrx_word' id='word_1_63' title='bbox 1220 1135 1392 1218; x_wconf 82' lang='grc' dir='ltr'><strong><em>περιττῶν.</em></strong></span> <span class='ocrx_word' id='word_1_64' title='bbox 1405 1164 1446 1178; x_wconf 92' lang='lat'>-</span> 
     </span>
     <span class='ocr_line' id='line_1_8' title="bbox 224 1227 1202 1319; baseline -0.002 -17"><span class='ocrx_word' id='word_1_65' title='bbox 224 1233 353 1304; x_wconf 86' lang='grc' dir='ltr'><strong><em>ίιονικὸν</em></strong></span> <span class='ocrx_word' id='word_1_66' title='bbox 374 1228 445 1302; x_wconf 80' lang='grc' dir='ltr'>ἀπὸ</span> <span class='ocrx_word' id='word_1_67' title='bbox 465 1232 612 1319; x_wconf 83' lang='grc' dir='ltr'><strong><em>μείζονος</em></strong></span> <span class='ocrx_word' id='word_1_68' title='bbox 633 1293 654 1299; x_wconf 87' lang='grc'>-</span> <span class='ocrx_word' id='word_1_69' title='bbox 671 1292 691 1299; x_wconf 87' lang='grc'><strong>-</strong></span> <span class='ocrx_word' id='word_1_70' title='bbox 707 1287 722 1305; x_wconf 62' lang='grc' dir='ltr'><strong><em>ι</em></strong></span> <span class='ocrx_word' id='word_1_71' title='bbox 742 1287 757 1306; x_wconf 52' lang='grc' dir='ltr'>ν</span> <span class='ocrx_word' id='word_1_72' title='bbox 771 1227 843 1318; x_wconf 76' lang='grc' dir='ltr'>,ἀπ’</span> <span class='ocrx_word' id='word_1_73' title='bbox 868 1233 1043 1314; x_wconf 78' lang='grc' dir='ltr'><strong><em>ἐλάσσονος</em></strong></span> <span class='ocrx_word' id='word_1_74' title='bbox 1070 1286 1084 1304; x_wconf 61' lang='grc' dir='ltr'><strong><em>ι</em></strong></span> <span class='ocrx_word' id='word_1_75' title='bbox 1104 1286 1119 1304; x_wconf 63' lang='grc' dir='ltr'><strong><em>ι</em></strong></span> <span class='ocrx_word' id='word_1_76' title='bbox 1135 1291 1156 1298; x_wconf 62' lang='lat'>-</span> <span class='ocrx_word' id='word_1_77' title='bbox 1169 1284 1202 1300; x_wconf 86' lang='lat'>-.</span> 
     </span>
    </p>

    <p class='ocr_par' dir='ltr' id='par_1_5' title="bbox 224 1329 1449 1736">
     <span class='ocr_line' id='line_1_9' title="bbox 307 1329 1449 1427; baseline -0.004 -23"><span class='ocrx_word' id='word_1_78' title='bbox 307 1343 341 1426; x_wconf 65' lang='grc' dir='ltr'>(ζ</span> <span class='ocrx_word' id='word_1_79' title='bbox 365 1342 384 1404; x_wconf 90' lang='grc'>9</span> <span class='ocrx_word' id='word_1_80' title='bbox 407 1339 499 1422; x_wconf 83' lang='lat' dir='ltr'>(conf.</span> <span class='ocrx_word' id='word_1_81' title='bbox 522 1340 624 1424; x_wconf 88' lang='lat' dir='ltr'>Heph.</span> <span class='ocrx_word' id='word_1_82' title='bbox 648 1359 712 1424; x_wconf 82' lang='lat' dir='ltr'>cap.</span> <span class='ocrx_word' id='word_1_83' title='bbox 731 1341 783 1420; x_wconf 86' lang='lat'>14)</span> <span class='ocrx_word' id='word_1_84' title='bbox 795 1357 819 1427; x_wconf 85' lang='lat'>&gt;.</span> <span class='ocrx_word' id='word_1_85' title='bbox 866 1336 1004 1421; x_wconf 77' lang='grc' dir='ltr'><strong><em>Δέχεται</em></strong></span> <span class='ocrx_word' id='word_1_86' title='bbox 1034 1330 1072 1404; x_wconf 86' lang='grc' dir='ltr'>τὸ</span> <span class='ocrx_word' id='word_1_87' title='bbox 1096 1329 1339 1426; x_wconf 80' lang='grc' dir='ltr'><strong><em>Πινδαρικὸν</em></strong></span> <span class='ocrx_word' id='word_1_88' title='bbox 1362 1334 1449 1401; x_wconf 88' lang='grc' dir='ltr'><strong><em>ἐπι-</em></strong></span> 
     </span>
     <span class='ocr_line' id='line_1_10' title="bbox 224 1430 1449 1530; baseline -0.006 -21"><span class='ocrx_word' id='word_1_89' title='bbox 224 1433 486 1530; x_wconf 82' lang='grc' dir='ltr'><strong><em>χοριαμβικόν</em></strong></span> <span class='ocrx_word' id='word_1_90' title='bbox 515 1433 598 1507; x_wconf 83' lang='grc' dir='ltr'><strong><em>κατὰ</em></strong></span> <span class='ocrx_word' id='word_1_91' title='bbox 625 1439 685 1527; x_wconf 80' lang='grc' dir='ltr'>την</span> <span class='ocrx_word' id='word_1_92' title='bbox 711 1440 843 1528; x_wconf 86' lang='grc' dir='ltr'><strong><em>πριίτην</em></strong></span> <span class='ocrx_word' id='word_1_93' title='bbox 873 1439 982 1530; x_wconf 85' lang='grc' dir='ltr'><strong><em>χιίραν</em></strong></span> <span class='ocrx_word' id='word_1_94' title='bbox 1011 1435 1246 1522; x_wconf 82' lang='grc' dir='ltr'><strong><em>ἀντίσπαστον,</em></strong></span> <span class='ocrx_word' id='word_1_95' title='bbox 1282 1430 1365 1505; x_wconf 85' lang='grc' dir='ltr'><strong><em>κατὰ</em></strong></span> <span class='ocrx_word' id='word_1_96' title='bbox 1392 1431 1449 1524; x_wconf 75' lang='grc' dir='ltr'>την</span> 
     </span>
     <span class='ocr_line' id='line_1_11' title="bbox 227 1534 1449 1634; baseline -0.004 -23"><span class='ocrx_word' id='word_1_97' title='bbox 227 1543 377 1632; x_wconf 81' lang='grc' dir='ltr'><strong><em>δειπίραν</em></strong></span> <span class='ocrx_word' id='word_1_98' title='bbox 398 1539 589 1630; x_wconf 81' lang='grc' dir='ltr'><strong><em>χορίαμβον,</em></strong></span> <span class='ocrx_word' id='word_1_99' title='bbox 621 1536 705 1610; x_wconf 81' lang='grc' dir='ltr'><strong><em>κατὰ</em></strong></span> <span class='ocrx_word' id='word_1_100' title='bbox 726 1536 785 1631; x_wconf 62' lang='grc' dir='ltr'>τὴν</span> <span class='ocrx_word' id='word_1_101' title='bbox 809 1542 920 1634; x_wconf 91' lang='grc' dir='ltr'><strong><em>τρίτην</em></strong></span> <span class='ocrx_word' id='word_1_102' title='bbox 942 1540 1062 1630; x_wconf 79' lang='grc' dir='ltr'><strong><em>ἴαμβον</em></strong></span> <span class='ocrx_word' id='word_1_103' title='bbox 1084 1541 1138 1609; x_wconf 87' lang='grc' dir='ltr'>καί</span> <span class='ocrx_word' id='word_1_104' title='bbox 1169 1535 1330 1629; x_wconf 75' lang='grc' dir='ltr'><strong><em>συλλαβὴν</em></strong></span> <span class='ocrx_word' id='word_1_105' title='bbox 1353 1534 1449 1608; x_wconf 76' lang='grc' dir='ltr'><strong><em>ἀδιοί-</em></strong></span> 
     </span>
     <span class='ocr_line' id='line_1_12' title="bbox 228 1639 1065 1736; baseline 0.001 -23"><span class='ocrx_word' id='word_1_106' title='bbox 228 1672 341 1736; x_wconf 79' lang='grc' dir='ltr'><strong><em>ιμορον,</em></strong></span> <span class='ocrx_word' id='word_1_107' title='bbox 364 1641 408 1726; x_wconf 67' lang='lat' dir='ltr'>uic</span> <span class='ocrx_word' id='word_1_108' title='bbox 429 1639 511 1714; x_wconf 90' lang='grc' dir='ltr'><strong><em>είναι</em></strong></span> <span class='ocrx_word' id='word_1_109' title='bbox 534 1639 573 1715; x_wconf 84' lang='grc' dir='ltr'>τὸ</span> <span class='ocrx_word' id='word_1_110' title='bbox 597 1642 671 1714; x_wconf 77' lang='grc' dir='ltr'><strong><em>ὅλον</em></strong></span> <span class='ocrx_word' id='word_1_111' title='bbox 694 1642 973 1733; x_wconf 72' lang='grc' dir='ltr'><strong><em>ἑνδεκασίλλαβον,</em></strong></span> <span class='ocrx_word' id='word_1_112' title='bbox 998 1639 1065 1714; x_wconf 85' lang='grc' dir='ltr'><strong><em>οἷον</em></strong></span> 
     </span>
    </p>

    <p class='ocr_par' dir='ltr' id='par_1_6' title="bbox 228 1746 1451 2250">
     <span class='ocr_line' id='line_1_13' title="bbox 327 1746 1350 1840; baseline -0.005 -24"><span class='ocrx_word' id='word_1_113' title='bbox 327 1746 344 1816; x_wconf 89' lang='grc' dir='ltr'>ὁ</span> <span class='ocrx_word' id='word_1_114' title='bbox 369 1748 541 1836; x_wconf 80' lang='grc' dir='ltr'><strong><em>Μουσαγί.</em></strong></span> <span class='ocrx_word' id='word_1_115' title='bbox 564 1775 624 1830; x_wconf 88' lang='grc' dir='ltr'>τας</span> <span class='ocrx_word' id='word_1_116' title='bbox 645 1773 686 1834; x_wconf 89' lang='grc' dir='ltr'><strong><em>με</em></strong></span> <span class='ocrx_word' id='word_1_117' title='bbox 708 1751 808 1817; x_wconf 83' lang='grc' dir='ltr'><strong><em>καλεῖ.</em></strong></span> <span class='ocrx_word' id='word_1_118' title='bbox 831 1756 932 1840; x_wconf 66' lang='lat' dir='ltr'>popei.</span> <span class='ocrx_word' id='word_1_119' title='bbox 956 1773 1014 1818; x_wconf 93' lang='grc' dir='ltr'>σαι</span> <span class='ocrx_word' id='word_1_120' title='bbox 1032 1751 1174 1820; x_wconf 77' lang='lat' dir='ltr'>&lt;Pindon</span> <span class='ocrx_word' id='word_1_121' title='bbox 1198 1751 1236 1815; x_wconf 88' lang='lat' dir='ltr'>fr.</span> <span class='ocrx_word' id='word_1_122' title='bbox 1262 1749 1350 1816; x_wconf 83' lang='grc'>116).</span> 
     </span>
     <span class='ocr_line' id='line_1_14' title="bbox 228 1844 1450 1940; baseline -0.005 -23"><span class='ocrx_word' id='word_1_123' title='bbox 228 1844 265 1918; x_wconf 82' lang='grc' dir='ltr'>τὸ</span> <span class='ocrx_word' id='word_1_124' title='bbox 288 1851 324 1919; x_wconf 81' lang='grc' dir='ltr'><strong><em>δέ</em></strong></span> <span class='ocrx_word' id='word_1_125' title='bbox 346 1846 555 1940; x_wconf 79' lang='grc' dir='ltr'><strong><em>Σαπφικόν</em></strong></span> <span class='ocrx_word' id='word_1_126' title='bbox 576 1846 660 1920; x_wconf 79' lang='grc' dir='ltr'><strong><em>κατὰ</em></strong></span> <span class='ocrx_word' id='word_1_127' title='bbox 683 1851 793 1920; x_wconf 89' lang='grc' dir='ltr'><strong><em>ποίντα</em></strong></span> <span class='ocrx_word' id='word_1_128' title='bbox 814 1847 854 1920; x_wconf 82' lang='grc' dir='ltr'>τὸ</span> <span class='ocrx_word' id='word_1_129' title='bbox 877 1847 956 1922; x_wconf 88' lang='grc' dir='ltr'><strong><em>αί-τό</em></strong></span> <span class='ocrx_word' id='word_1_130' title='bbox 970 1852 1051 1936; x_wconf 86' lang='grc' dir='ltr'><strong><em>ἐστι,</em></strong></span> <span class='ocrx_word' id='word_1_131' title='bbox 1075 1846 1161 1939; x_wconf 78' lang='grc' dir='ltr'><strong><em>πλὴν</em></strong></span> <span class='ocrx_word' id='word_1_132' title='bbox 1181 1844 1264 1918; x_wconf 81' lang='grc' dir='ltr'><strong><em>κατὰ</em></strong></span> <span class='ocrx_word' id='word_1_133' title='bbox 1285 1844 1342 1936; x_wconf 74' lang='grc' dir='ltr'>την</span> <span class='ocrx_word' id='word_1_134' title='bbox 1358 1844 1450 1936; x_wconf 85' lang='grc' dir='ltr'><strong><em>πριό-</em></strong></span> 
     </span>
     <span class='ocr_line' id='line_1_15' title="bbox 229 1947 1451 2044; baseline -0.002 -24"><span class='ocrx_word' id='word_1_135' title='bbox 229 1979 285 2044; x_wconf 88' lang='grc' dir='ltr'>την</span> <span class='ocrx_word' id='word_1_136' title='bbox 305 1953 411 2041; x_wconf 82' lang='grc' dir='ltr'><strong><em>χώραν</em></strong></span> <span class='ocrx_word' id='word_1_137' title='bbox 434 1955 561 2039; x_wconf 83' lang='grc' dir='ltr'><strong><em>δέχεται</em></strong></span> <span class='ocrx_word' id='word_1_138' title='bbox 580 1950 651 2023; x_wconf 75' lang='grc' dir='ltr'><strong><em>ἀντὶ</em></strong></span> <span class='ocrx_word' id='word_1_139' title='bbox 666 1949 893 2024; x_wconf 79' lang='grc' dir='ltr'><strong><em>οίντισποίστοο</em></strong></span> <span class='ocrx_word' id='word_1_140' title='bbox 909 1953 1059 2044; x_wconf 78' lang='grc' dir='ltr'><strong><em>συζυγίαν</em></strong></span> <span class='ocrx_word' id='word_1_141' title='bbox 1074 1947 1276 2043; x_wconf 73' lang='grc' dir='ltr'><strong><em>τροχαίκηνή</em></strong></span> <span class='ocrx_word' id='word_1_142' title='bbox 1293 1949 1451 2040; x_wconf 74' lang='grc' dir='ltr'><strong><em>ἓξάσημον</em></strong></span> 
     </span>
     <span class='ocr_line' id='line_1_16' title="bbox 231 2047 1450 2148; baseline -0.003 -25"><span class='ocrx_word' id='word_1_143' title='bbox 231 2116 251 2123; x_wconf 88' lang='grc'><strong><em>-</em></strong></span> <span class='ocrx_word' id='word_1_144' title='bbox 269 2111 284 2129; x_wconf 62' lang='grc' dir='ltr'><strong><em>ι</em></strong></span> <span class='ocrx_word' id='word_1_145' title='bbox 300 2116 321 2124; x_wconf 91' lang='grc'><strong>-</strong></span> <span class='ocrx_word' id='word_1_146' title='bbox 337 2110 352 2129; x_wconf 58' lang='grc' dir='ltr'><strong><em>ι</em></strong></span> <span class='ocrx_word' id='word_1_147' title='bbox 380 2053 401 2145; x_wconf 71' lang='grc' dir='ltr'><strong><em>ἠ</em></strong></span> <span class='ocrx_word' id='word_1_148' title='bbox 421 2054 610 2148; x_wconf 75' lang='grc' dir='ltr'><strong><em>ἐπτοίσημον</em></strong></span> <span class='ocrx_word' id='word_1_149' title='bbox 632 2055 734 2141; x_wconf 63' lang='grc' dir='ltr'><strong><em>οὕτως</em></strong></span> <span class='ocrx_word' id='word_1_150' title='bbox 757 2118 779 2126; x_wconf 91' lang='grc'><strong><em>-</em></strong></span> <span class='ocrx_word' id='word_1_151' title='bbox 795 2111 809 2130; x_wconf 64' lang='grc' dir='ltr'><strong><em>ι</em></strong></span> <span class='ocrx_word' id='word_1_152' title='bbox 826 2107 900 2144; x_wconf 86' lang='lat'>--,</span> <span class='ocrx_word' id='word_1_153' title='bbox 923 2055 1007 2126; x_wconf 80' lang='grc' dir='ltr'><strong><em>ὥστε</em></strong></span> <span class='ocrx_word' id='word_1_154' title='bbox 1030 2052 1067 2128; x_wconf 89' lang='grc' dir='ltr'>τὸ</span> <span class='ocrx_word' id='word_1_155' title='bbox 1091 2051 1197 2148; x_wconf 87' lang='grc' dir='ltr'><strong><em>παρὸν</em></strong></span> <span class='ocrx_word' id='word_1_156' title='bbox 1218 2055 1346 2144; x_wconf 84' lang='grc' dir='ltr'><strong><em>βέλτιον</em></strong></span> <span class='ocrx_word' id='word_1_157' title='bbox 1368 2047 1450 2121; x_wconf 77' lang='grc' dir='ltr'><strong><em>εἶναι</em></strong></span> 
     </span>
     <span class='ocr_line' id='line_1_17' title="bbox 230 2152 675 2250; baseline 0.007 -22"><span class='ocrx_word' id='word_1_158' title='bbox 230 2152 405 2250; x_wconf 76' lang='grc' dir='ltr'><strong><em>Σαπφικίνν</em></strong></span> <span class='ocrx_word' id='word_1_159' title='bbox 426 2155 447 2249; x_wconf 75' lang='grc' dir='ltr'>’ἦ</span> <span class='ocrx_word' id='word_1_160' title='bbox 469 2161 675 2250; x_wconf 82' lang='grc' dir='ltr'><strong><em>Πινδαρικόν.</em></strong></span> 
     </span>
    </p>
   </div>
   <div class='ocr_carea' id='block_1_5' title="bbox 735 2535 943 2548">
    <p class='ocr_par' dir='ltr' id='par_1_7' title="bbox 735 2535 943 2548">
     <span class='ocr_line' id='line_1_18' title="bbox 735 2535 943 2548; baseline 0 0"><span class='ocrx_word' id='word_1_161' title='bbox 735 2535 943 2548; x_wconf 77' lang='lat'><em>-··———-—</em></span> 
     </span>
    </p>
   </div>
   <div class='ocr_carea' id='block_1_6' title="bbox 325 2728 1475 2982">
    <p class='ocr_par' dir='ltr' id='par_1_8' title="bbox 325 2728 1475 2982">
     <span class='ocr_line' id='line_1_19' title="bbox 325 2728 1475 2877; baseline -0.004 -53"><span class='ocrx_word' id='word_1_162' title='bbox 325 2731 422 2855; x_wconf 75' lang='lat' dir='ltr'>§t</span> <span class='ocrx_word' id='word_1_163' title='bbox 477 2729 564 2824; x_wconf 88' lang='grc' dir='ltr'>ΑΙ)</span> <span class='ocrx_word' id='word_1_164' title='bbox 596 2729 942 2826; x_wconf 74' lang='lat' dir='ltr'>Anlsdlnnll</span> <span class='ocrx_word' id='word_1_165' title='bbox 973 2728 1364 2877; x_wconf 75' lang='lat' dir='ltr'>QUlNTlLlANl</span> <span class='ocrx_word' id='word_1_166' title='bbox 1473 2843 1475 2848; x_wconf 16' lang='grc' dir='ltr'>Ι</span> 
     </span>
     <span class='ocr_line' id='line_1_20' title="bbox 678 2885 1012 2982; baseline -0.015 -4"><span class='ocrx_word' id='word_1_167' title='bbox 678 2885 1012 2982; x_wconf 78' lang='grc' dir='ltr'>ΙιΙΒΕΒΤΙίΜ.</span> 
     </span>
    </p>
   </div>
   <div class='ocr_carea' id='block_1_7' title="bbox 197 3054 1462 4161">
    <p class='ocr_par' dir='ltr' id='par_1_9' title="bbox 197 3054 1462 4161">
     <span class='ocr_line' id='line_1_21' title="bbox 307 3054 1457 3128; baseline -0.003 -16"><span class='ocrx_word' id='word_1_168' title='bbox 307 3058 439 3128; x_wconf 77' lang='lat' dir='ltr'>Quoniam</span> <span class='ocrx_word' id='word_1_169' title='bbox 463 3058 593 3114; x_wconf 89' lang='lat' dir='ltr'>Albertus</span> <span class='ocrx_word' id='word_1_170' title='bbox 611 3058 684 3112; x_wconf 81' lang='lat' dir='ltr'>Jsbu</span> <span class='ocrx_word' id='word_1_171' title='bbox 712 3059 747 3113; x_wconf 87' lang='lat' dir='ltr'>sd</span> <span class='ocrx_word' id='word_1_172' title='bbox 775 3058 921 3115; x_wconf 85' lang='lat' dir='ltr'><strong>editionem</strong></span> <span class='ocrx_word' id='word_1_173' title='bbox 948 3056 1076 3112; x_wconf 78' lang='lat' dir='ltr'>Aristidis</span> <span class='ocrx_word' id='word_1_174' title='bbox 1103 3055 1267 3125; x_wconf 74' lang='lat' dir='ltr'>Quintiliani</span> <span class='ocrx_word' id='word_1_175' title='bbox 1294 3055 1327 3110; x_wconf 89' lang='lat' dir='ltr'>dc</span> <span class='ocrx_word' id='word_1_176' title='bbox 1354 3054 1457 3109; x_wconf 81' lang='lat' dir='ltr'>musico</span> 
     </span>
     <span class='ocr_line' id='line_1_22' title="bbox 197 3139 1457 3213; baseline -0.004 -15"><span class='ocrx_word' id='word_1_177' title='bbox 197 3186 198 3189; x_wconf 15' lang='grc' dir='ltr'><strong><em>η</em></strong></span> <span class='ocrx_word' id='word_1_178' title='bbox 238 3143 367 3200; x_wconf 87' lang='lat' dir='ltr'>librorum</span> <span class='ocrx_word' id='word_1_179' title='bbox 385 3143 425 3198; x_wconf 90' lang='lat'>111</span> <span class='ocrx_word' id='word_1_180' title='bbox 443 3143 835 3213; x_wconf 74' lang='lat' dir='ltr'>(Berolini188‘2lpsrundem</span> <span class='ocrx_word' id='word_1_181' title='bbox 854 3143 991 3199; x_wconf 74' lang='lat' dir='ltr'>codicibus</span> <span class='ocrx_word' id='word_1_182' title='bbox 1008 3141 1036 3197; x_wconf 91' lang='lat' dir='ltr'>in</span> <span class='ocrx_word' id='word_1_183' title='bbox 1054 3141 1157 3197; x_wconf 73' lang='lat' dir='ltr'>Italicis</span> <span class='ocrx_word' id='word_1_184' title='bbox 1175 3140 1347 3196; x_wconf 74' lang='lat' dir='ltr'>bibliothecis</span> <span class='ocrx_word' id='word_1_185' title='bbox 1366 3139 1457 3194; x_wconf 79' lang='lat' dir='ltr'>adser-</span> 
     </span>
     <span class='ocr_line' id='line_1_23' title="bbox 238 3225 1457 3297; baseline -0.005 -11"><span class='ocrx_word' id='word_1_186' title='bbox 238 3229 309 3286; x_wconf 84' lang='lat' dir='ltr'>rstis</span> <span class='ocrx_word' id='word_1_187' title='bbox 327 3245 392 3284; x_wconf 89' lang='lat' dir='ltr'>usus</span> <span class='ocrx_word' id='word_1_188' title='bbox 411 3246 464 3285; x_wconf 89' lang='lat' dir='ltr'>nou</span> <span class='ocrx_word' id='word_1_189' title='bbox 477 3235 527 3294; x_wconf 85' lang='lat' dir='ltr'>est,</span> <span class='ocrx_word' id='word_1_190' title='bbox 548 3229 774 3286; x_wconf 83' lang='lat' dir='ltr'><strong>GUILELMUM</strong></span> <span class='ocrx_word' id='word_1_191' title='bbox 788 3229 1017 3289; x_wconf 80' lang='lat' dir='ltr'><strong>STUDEMUND</strong></span> <span class='ocrx_word' id='word_1_192' title='bbox 1030 3232 1235 3297; x_wconf 74' lang='lat' dir='ltr'>praeceptorem</span> <span class='ocrx_word' id='word_1_193' title='bbox 1249 3241 1338 3281; x_wconf 89' lang='lat' dir='ltr'>meum</span> <span class='ocrx_word' id='word_1_194' title='bbox 1355 3225 1457 3294; x_wconf 77' lang='lat' dir='ltr'>rogavi,</span> 
     </span>
     <span class='ocr_line' id='line_1_24' title="bbox 240 3311 1458 3385; baseline -0.005 -13"><span class='ocrx_word' id='word_1_195' title='bbox 240 3321 270 3372; x_wconf 88' lang='lat' dir='ltr'>ut</span> <span class='ocrx_word' id='word_1_196' title='bbox 287 3315 353 3370; x_wconf 90' lang='lat' dir='ltr'>mihi</span> <span class='ocrx_word' id='word_1_197' title='bbox 370 3315 464 3372; x_wconf 88' lang='lat' dir='ltr'>liceret</span> <span class='ocrx_word' id='word_1_198' title='bbox 481 3331 515 3371; x_wconf 81' lang='lat' dir='ltr'>ex</span> <span class='ocrx_word' id='word_1_199' title='bbox 533 3315 654 3385; x_wconf 91' lang='lat' dir='ltr'>copioso,</span> <span class='ocrx_word' id='word_1_200' title='bbox 674 3331 752 3384; x_wconf 87' lang='lat' dir='ltr'>quem</span> <span class='ocrx_word' id='word_1_201' title='bbox 766 3315 932 3373; x_wconf 83' lang='lat' dir='ltr'>Studemund</span> <span class='ocrx_word' id='word_1_202' title='bbox 950 3315 1138 3384; x_wconf 75' lang='lat' dir='ltr'>congessisset,</span> <span class='ocrx_word' id='word_1_203' title='bbox 1157 3317 1293 3382; x_wconf 82' lang='lat' dir='ltr'>cpperstu</span> <span class='ocrx_word' id='word_1_204' title='bbox 1312 3311 1405 3366; x_wconf 90' lang='lat' dir='ltr'>critico</span> <span class='ocrx_word' id='word_1_205' title='bbox 1424 3311 1458 3366; x_wconf 82' lang='lat' dir='ltr'>ud</span> 
     </span>
     <span class='ocr_line' id='line_1_25' title="bbox 240 3396 1458 3472; baseline -0.006 -15"><span class='ocrx_word' id='word_1_206' title='bbox 240 3403 387 3472; x_wconf 81' lang='lat' dir='ltr'>scriptores</span> <span class='ocrx_word' id='word_1_207' title='bbox 414 3402 448 3457; x_wconf 95' lang='lat' dir='ltr'>ds</span> <span class='ocrx_word' id='word_1_208' title='bbox 475 3415 506 3456; x_wconf 90' lang='lat' dir='ltr'>re</span> <span class='ocrx_word' id='word_1_209' title='bbox 534 3402 638 3456; x_wconf 82' lang='lat' dir='ltr'>musico</span> <span class='ocrx_word' id='word_1_210' title='bbox 666 3417 778 3470; x_wconf 79' lang='lat' dir='ltr'>graecos</span> <span class='ocrx_word' id='word_1_211' title='bbox 802 3402 955 3472; x_wconf 89' lang='lat' dir='ltr'>pertinente</span> <span class='ocrx_word' id='word_1_212' title='bbox 977 3401 1107 3456; x_wconf 79' lang='lat' dir='ltr'>nonnullo</span> <span class='ocrx_word' id='word_1_213' title='bbox 1130 3398 1303 3468; x_wconf 87' lang='lat' dir='ltr'>depromere,</span> <span class='ocrx_word' id='word_1_214' title='bbox 1331 3412 1400 3466; x_wconf 81' lang='lat' dir='ltr'>quse</span> <span class='ocrx_word' id='word_1_215' title='bbox 1424 3396 1458 3451; x_wconf 88' lang='lat' dir='ltr'>cd</span> 
     </span>
     <span class='ocr_line' id='line_1_26' title="bbox 239 3483 1459 3556; baseline -0.006 -13"><span class='ocrx_word' id='word_1_216' title='bbox 239 3487 323 3543; x_wconf 90' lang='lat' dir='ltr'>crisin</span> <span class='ocrx_word' id='word_1_217' title='bbox 336 3486 465 3542; x_wconf 84' lang='lat' dir='ltr'>Aristidis</span> <span class='ocrx_word' id='word_1_218' title='bbox 482 3487 614 3543; x_wconf 88' lang='lat' dir='ltr'>librorum</span> <span class='ocrx_word' id='word_1_219' title='bbox 633 3487 842 3556; x_wconf 83' lang='lat' dir='ltr'>promovendum</span> <span class='ocrx_word' id='word_1_220' title='bbox 860 3487 940 3543; x_wconf 85' lang='lat' dir='ltr'>utilio</span> <span class='ocrx_word' id='word_1_221' title='bbox 957 3502 1016 3543; x_wconf 87' lang='lat' dir='ltr'>esse</span> <span class='ocrx_word' id='word_1_222' title='bbox 1031 3487 1193 3544; x_wconf 86' lang='lat' dir='ltr'>viderentur.</span> <span class='ocrx_word' id='word_1_223' title='bbox 1225 3483 1353 3538; x_wconf 88' lang='lat' dir='ltr'>Permisit</span> <span class='ocrx_word' id='word_1_224' title='bbox 1368 3487 1459 3537; x_wconf 83' lang='lat' dir='ltr'>cutem</span> 
     </span>
     <span class='ocr_line' id='line_1_27' title="bbox 242 3569 1459 3642; baseline -0.004 -13"><span class='ocrx_word' id='word_1_225' title='bbox 242 3572 410 3630; x_wconf 87' lang='lat' dir='ltr'>Studemuud</span> <span class='ocrx_word' id='word_1_226' title='bbox 422 3572 622 3639; x_wconf 70' lang='lat' dir='ltr'>liberalissime,</span> <span class='ocrx_word' id='word_1_227' title='bbox 640 3578 679 3638; x_wconf 87' lang='lat' dir='ltr'>ut,</span> <span class='ocrx_word' id='word_1_228' title='bbox 698 3573 825 3642; x_wconf 88' lang='lat' dir='ltr'>quidquid</span> <span class='ocrx_word' id='word_1_229' title='bbox 839 3574 941 3637; x_wconf 85' lang='lat' dir='ltr'>vellem,</span> <span class='ocrx_word' id='word_1_230' title='bbox 960 3589 993 3628; x_wconf 87' lang='lat' dir='ltr'>ex</span> <span class='ocrx_word' id='word_1_231' title='bbox 1006 3572 1090 3642; x_wconf 90' lang='lat' dir='ltr'>copiis</span> <span class='ocrx_word' id='word_1_232' title='bbox 1107 3573 1163 3626; x_wconf 88' lang='lat' dir='ltr'>suis</span> <span class='ocrx_word' id='word_1_233' title='bbox 1179 3571 1333 3640; x_wconf 88' lang='lat' dir='ltr'>proferrem.</span> <span class='ocrx_word' id='word_1_234' title='bbox 1363 3569 1459 3638; x_wconf 86' lang='lat' dir='ltr'>ltsquo</span> 
     </span>
     <span class='ocr_line' id='line_1_28' title="bbox 241 3655 1459 3715; baseline -0.004 0"><span class='ocrx_word' id='word_1_235' title='bbox 241 3663 271 3715; x_wconf 88' lang='lat' dir='ltr'>et</span> <span class='ocrx_word' id='word_1_236' title='bbox 294 3658 415 3715; x_wconf 88' lang='lat' dir='ltr'>codicum</span> <span class='ocrx_word' id='word_1_237' title='bbox 439 3659 488 3714; x_wconf 88' lang='lat' dir='ltr'>RB</span> <span class='ocrx_word' id='word_1_238' title='bbox 512 3659 642 3714; x_wconf 88' lang='lat' dir='ltr'>lectiones</span> <span class='ocrx_word' id='word_1_239' title='bbox 665 3657 699 3713; x_wconf 85' lang='lat' dir='ltr'>cd</span> <span class='ocrx_word' id='word_1_240' title='bbox 723 3675 816 3714; x_wconf 90' lang='lat' dir='ltr'>omnes</span> <span class='ocrx_word' id='word_1_241' title='bbox 834 3659 962 3714; x_wconf 78' lang='lat' dir='ltr'>Aristidis</span> <span class='ocrx_word' id='word_1_242' title='bbox 984 3658 1068 3714; x_wconf 89' lang='lat' dir='ltr'>libros</span> <span class='ocrx_word' id='word_1_243' title='bbox 1090 3662 1119 3712; x_wconf 90' lang='lat' dir='ltr'>et</span> <span class='ocrx_word' id='word_1_244' title='bbox 1142 3656 1263 3714; x_wconf 90' lang='lat' dir='ltr'>codicum</span> <span class='ocrx_word' id='word_1_245' title='bbox 1286 3655 1384 3710; x_wconf 83' lang='lat' dir='ltr'>MEZS</span> <span class='ocrx_word' id='word_1_246' title='bbox 1408 3655 1459 3710; x_wconf 92' lang='lat' dir='ltr'>lec·</span> 
     </span>
     <span class='ocr_line' id='line_1_29' title="bbox 242 3741 1461 3815; baseline -0.005 -13"><span class='ocrx_word' id='word_1_247' title='bbox 242 3746 328 3802; x_wconf 89' lang='lat' dir='ltr'>tiones</span> <span class='ocrx_word' id='word_1_248' title='bbox 347 3746 383 3801; x_wconf 78' lang='lat' dir='ltr'>sd</span> <span class='ocrx_word' id='word_1_249' title='bbox 401 3745 517 3801; x_wconf 83' lang='lat' dir='ltr'>selectus</span> <span class='ocrx_word' id='word_1_250' title='bbox 536 3743 666 3813; x_wconf 78' lang='lat' dir='ltr'>quasdem</span> <span class='ocrx_word' id='word_1_251' title='bbox 681 3745 807 3800; x_wconf 83' lang='lat' dir='ltr'>Aristidis</span> <span class='ocrx_word' id='word_1_252' title='bbox 827 3745 975 3815; x_wconf 82' lang='lat' dir='ltr'>porticulus</span> <span class='ocrx_word' id='word_1_253' title='bbox 993 3748 1022 3799; x_wconf 93' lang='lat' dir='ltr'>ct</span> <span class='ocrx_word' id='word_1_254' title='bbox 1038 3745 1159 3800; x_wconf 88' lang='lat' dir='ltr'>codicum</span> <span class='ocrx_word' id='word_1_255' title='bbox 1177 3743 1324 3798; x_wconf 81' lang='lat' dir='ltr'><strong>RBMEZS</strong></span> <span class='ocrx_word' id='word_1_256' title='bbox 1342 3741 1461 3809; x_wconf 87' lang='lat' dir='ltr'>itemquo</span> 
     </span>
     <span class='ocr_line' id='line_1_30' title="bbox 242 3827 1460 3900; baseline -0.007 -12"><span class='ocrx_word' id='word_1_257' title='bbox 242 3831 357 3888; x_wconf 73' lang='lat' dir='ltr'>eliorum</span> <span class='ocrx_word' id='word_1_258' title='bbox 375 3831 496 3888; x_wconf 89' lang='lat' dir='ltr'>codicum</span> <span class='ocrx_word' id='word_1_259' title='bbox 514 3830 673 3886; x_wconf 81' lang='lat' dir='ltr'>Italicorum</span> <span class='ocrx_word' id='word_1_260' title='bbox 695 3830 891 3900; x_wconf 88' lang='lat' dir='ltr'>descriptiones</span> <span class='ocrx_word' id='word_1_261' title='bbox 910 3847 927 3887; x_wconf 85' lang='grc' dir='ltr'><strong><em>ε</em></strong></span> <span class='ocrx_word' id='word_1_262' title='bbox 945 3830 1130 3886; x_wconf 87' lang='lat' dir='ltr'>Studemundo</span> <span class='ocrx_word' id='word_1_263' title='bbox 1154 3827 1291 3884; x_wconf 85' lang='lat' dir='ltr'>coniectus</span> <span class='ocrx_word' id='word_1_264' title='bbox 1310 3827 1378 3896; x_wconf 89' lang='lat' dir='ltr'>ipsis</span> <span class='ocrx_word' id='word_1_265' title='bbox 1397 3828 1460 3881; x_wconf 84' lang='lat' dir='ltr'>Sin·</span> 
     </span>
     <span class='ocr_line' id='line_1_31' title="bbox 243 3913 1462 3986; baseline -0.006 -12"><span class='ocrx_word' id='word_1_266' title='bbox 243 3917 370 3974; x_wconf 88' lang='lat' dir='ltr'>demundi</span> <span class='ocrx_word' id='word_1_267' title='bbox 388 3917 546 3986; x_wconf 88' lang='lat' dir='ltr'>plerumque</span> <span class='ocrx_word' id='word_1_268' title='bbox 564 3916 653 3972; x_wconf 83' lang='lat' dir='ltr'>verbis</span> <span class='ocrx_word' id='word_1_269' title='bbox 670 3932 735 3972; x_wconf 87' lang='lat' dir='ltr'>usus</span> <span class='ocrx_word' id='word_1_270' title='bbox 753 3917 853 3986; x_wconf 86' lang='lat' dir='ltr'>publici</span> <span class='ocrx_word' id='word_1_271' title='bbox 877 3917 943 3973; x_wconf 91' lang='lat' dir='ltr'>iuris</span> <span class='ocrx_word' id='word_1_272' title='bbox 967 3916 1072 3971; x_wconf 80' lang='lat' dir='ltr'>iscium.</span> <span class='ocrx_word' id='word_1_273' title='bbox 1109 3917 1150 3971; x_wconf 87' lang='lat' dir='ltr'>Dc</span> <span class='ocrx_word' id='word_1_274' title='bbox 1167 3915 1283 3980; x_wconf 75' lang='lat' dir='ltr'>ratione,</span> <span class='ocrx_word' id='word_1_275' title='bbox 1302 3928 1371 3981; x_wconf 82' lang='lat' dir='ltr'>quus</span> <span class='ocrx_word' id='word_1_276' title='bbox 1390 3913 1462 3968; x_wconf 90' lang='lat' dir='ltr'>inter</span> 
     </span>
     <span class='ocr_line' id='line_1_32' title="bbox 243 3997 1461 4072; baseline -0.006 -12"><span class='ocrx_word' id='word_1_277' title='bbox 243 4003 333 4060; x_wconf 81' lang='lat' dir='ltr'>sorios</span> <span class='ocrx_word' id='word_1_278' title='bbox 355 4002 484 4060; x_wconf 85' lang='lat' dir='ltr'>Aristidis</span> <span class='ocrx_word' id='word_1_279' title='bbox 506 4001 613 4058; x_wconf 89' lang='lat' dir='ltr'>codices</span> <span class='ocrx_word' id='word_1_280' title='bbox 637 4002 795 4072; x_wconf 86' lang='lat' dir='ltr'>intercedit,</span> <span class='ocrx_word' id='word_1_281' title='bbox 823 4002 952 4060; x_wconf 85' lang='lat' dir='ltr'>hocloco</span> <span class='ocrx_word' id='word_1_282' title='bbox 975 4016 1058 4072; x_wconf 77' lang='lat' dir='ltr'>cgere</span> <span class='ocrx_word' id='word_1_283' title='bbox 1080 4001 1168 4070; x_wconf 90' lang='lat' dir='ltr'>nolui,</span> <span class='ocrx_word' id='word_1_284' title='bbox 1195 4015 1229 4057; x_wconf 88' lang='lat' dir='ltr'>ne</span> <span class='ocrx_word' id='word_1_285' title='bbox 1251 3999 1364 4055; x_wconf 87' lang='lat' dir='ltr'>Albsrto</span> <span class='ocrx_word' id='word_1_286' title='bbox 1388 3997 1461 4055; x_wconf 86' lang='lat' dir='ltr'>Jubn</span> 
     </span>
     <span class='ocr_line' id='line_1_33' title="bbox 244 4088 688 4161; baseline -0.009 -14"><span class='ocrx_word' id='word_1_287' title='bbox 244 4105 356 4161; x_wconf 86' lang='lat' dir='ltr'>operum</span> <span class='ocrx_word' id='word_1_288' title='bbox 374 4090 480 4146; x_wconf 81' lang='lat' dir='ltr'>viderer</span> <span class='ocrx_word' id='word_1_289' title='bbox 497 4088 688 4158; x_wconf 72' lang='lat' dir='ltr'>praeripuisse.</span> 
     </span>
    </p>
   </div>
   <div class='ocr_carea' id='block_1_8' title="bbox 841 4261 868 4326">
    <p class='ocr_par' dir='ltr' id='par_1_10' title="bbox 841 4261 868 4326">
     <span class='ocr_line' id='line_1_34' title="bbox 841 4261 868 4326; baseline -0.037 0"><span class='ocrx_word' id='word_1_290' title='bbox 841 4261 868 4326; x_wconf 93' lang='grc' dir='ltr'>Ι.</span> 
     </span>
    </p>
   </div>
   <div class='ocr_carea' id='block_1_9' title="bbox 246 4379 1464 4696">
    <p class='ocr_par' dir='ltr' id='par_1_11' title="bbox 246 4379 1464 4696">
     <span class='ocr_line' id='line_1_35' title="bbox 316 4379 1464 4450; baseline -0.003 -14"><span class='ocrx_word' id='word_1_291' title='bbox 316 4381 341 4436; x_wconf 89' lang='lat' dir='ltr'><strong>R</strong></span> <span class='ocrx_word' id='word_1_292' title='bbox 359 4381 561 4438; x_wconf 73' lang='lat' dir='ltr'>:Vaticanus</span> <span class='ocrx_word' id='word_1_293' title='bbox 581 4383 630 4435; x_wconf 75' lang='lat'>192</span> <span class='ocrx_word' id='word_1_294' title='bbox 649 4379 823 4450; x_wconf 85' lang='lat' dir='ltr'>bombycinus</span> <span class='ocrx_word' id='word_1_295' title='bbox 842 4379 887 4437; x_wconf 87' lang='lat' dir='ltr'>iol.</span> <span class='ocrx_word' id='word_1_296' title='bbox 907 4381 1014 4437; x_wconf 81' lang='lat' dir='ltr'>soeculo</span> <span class='ocrx_word' id='word_1_297' title='bbox 1031 4381 1096 4437; x_wconf 90' lang='lat' dir='ltr'>XIV</span> <span class='ocrx_word' id='word_1_298' title='bbox 1115 4380 1232 4449; x_wconf 88' lang='lat' dir='ltr'>scriptus</span> <span class='ocrx_word' id='word_1_299' title='bbox 1248 4380 1370 4436; x_wconf 90' lang='lat' dir='ltr'>continet</span> <span class='ocrx_word' id='word_1_300' title='bbox 1387 4379 1464 4434; x_wconf 84' lang='lat' dir='ltr'>nuris</span> 
     </span>
     <span class='ocr_line' id='line_1_36' title="bbox 246 4465 1464 4537; baseline -0.005 -13"><span class='ocrx_word' id='word_1_301' title='bbox 246 4483 331 4537; x_wconf 80' lang='lat' dir='ltr'>opero</span> <span class='ocrx_word' id='word_1_302' title='bbox 356 4467 551 4524; x_wconf 78' lang='lat' dir='ltr'>mathematice</span> <span class='ocrx_word' id='word_1_303' title='bbox 573 4471 603 4522; x_wconf 94' lang='lat' dir='ltr'>et</span> <span class='ocrx_word' id='word_1_304' title='bbox 621 4467 737 4533; x_wconf 82' lang='lat' dir='ltr'>musice,</span> <span class='ocrx_word' id='word_1_305' title='bbox 765 4481 834 4535; x_wconf 82' lang='lat' dir='ltr'>quse</span> <span class='ocrx_word' id='word_1_306' title='bbox 856 4467 1024 4522; x_wconf 89' lang='lat' dir='ltr'>Studernund</span> <span class='ocrx_word' id='word_1_307' title='bbox 1046 4467 1184 4523; x_wconf 88' lang='lat' dir='ltr'>celerrime</span> <span class='ocrx_word' id='word_1_308' title='bbox 1207 4465 1333 4535; x_wconf 85' lang='lat' dir='ltr'>inspexit.</span> <span class='ocrx_word' id='word_1_309' title='bbox 1374 4465 1464 4522; x_wconf 82' lang='lat' dir='ltr'>Codex</span> 
     </span>
     <span class='ocr_line' id='line_1_37' title="bbox 247 4549 1462 4623; baseline -0.003 -15"><span class='ocrx_word' id='word_1_310' title='bbox 247 4552 387 4609; x_wconf 88' lang='lat' dir='ltr'>Reodem</span> <span class='ocrx_word' id='word_1_311' title='bbox 414 4553 501 4609; x_wconf 91' lang='lat' dir='ltr'>iudice</span> <span class='ocrx_word' id='word_1_312' title='bbox 529 4552 670 4623; x_wconf 73' lang='lat' dir='ltr'>aliquanto</span> <span class='ocrx_word' id='word_1_313' title='bbox 695 4551 807 4609; x_wconf 88' lang='lat' dir='ltr'>minoris</span> <span class='ocrx_word' id='word_1_314' title='bbox 834 4557 876 4609; x_wconf 93' lang='lat' dir='ltr'>est</span> <span class='ocrx_word' id='word_1_315' title='bbox 903 4552 998 4622; x_wconf 90' lang='lat' dir='ltr'>pretii,</span> <span class='ocrx_word' id='word_1_316' title='bbox 1026 4568 1105 4622; x_wconf 83' lang='lat' dir='ltr'>quum</span> <span class='ocrx_word' id='word_1_317' title='bbox 1136 4551 1255 4621; x_wconf 88' lang='lat' dir='ltr'>plerique</span> <span class='ocrx_word' id='word_1_318' title='bbox 1285 4549 1462 4608; x_wconf 84' lang='lat' dir='ltr'>crediderunt.</span> 
     </span>
     <span class='ocr_line' id='line_1_38' title="bbox 248 4638 451 4696; baseline -0.03 0"><span class='ocrx_word' id='word_1_319' title='bbox 248 4641 345 4696; x_wconf 86' lang='lat' dir='ltr'>Insunt</span> <span class='ocrx_word' id='word_1_320' title='bbox 361 4638 389 4694; x_wconf 91' lang='lat' dir='ltr'>in</span> <span class='ocrx_word' id='word_1_321' title='bbox 407 4653 451 4696; x_wconf 87' lang='lat' dir='ltr'>eo:</span> 
     </span>
    </p>
   </div>
   <div class='ocr_carea' id='block_1_10' title="bbox 0 0 1832 5226">
    <p class='ocr_par' dir='ltr' id='par_1_12' title="bbox 0 0 1832 5226">
     <span class='ocr_line' id='line_1_39' title="bbox 0 0 1832 5226; baseline 0 0"><span class='ocrx_word' id='word_1_322' title='bbox 0 0 1832 5226; x_wconf 95' lang='lat' dir='ltr'> </span> 
     </span>
    </p>
   </div>
  </div>
 </body>
</html>
