3560 5242
957 387 999 448 64

362 611 505 691 tempus,
539 611 692 685 conscios,
722 611 820 676 socios
843 661 850 674 .
874 659 881 674 .
905 661 912 675 .
935 633 965 696 p.
989 611 1040 686 65,
1066 612 1120 674 ll:
1146 609 1221 675 Ideo
1249 613 1475 693 torquemur
1502 627 1588 673 con-

363 709 522 776 fitentes
550 715 583 775 et
609 713 759 796 punimur
791 719 1026 797 perseuerantes
1054 716 1086 778 et
1119 712 1355 778 absolvimur
1387 715 1587 793 negantes,

362 813 437 894 quia
460 814 630 878 nominis
653 816 807 899 proelium
829 821 885 881 est

449 915 533 980 Num
557 917 715 983 Minucius
736 920 895 984 Iustinum
919 917 1130 1001 exscripserit,
1161 918 1251 982 valde
1274 918 1405 982 dubium
1427 921 1486 992 est,
1509 935 1588 998 quo-

362 1019 447 1082 niam
477 1019 515 1082 de
544 1021 620 1084 locis
646 1023 867 1087 communibus
896 1023 1000 1104 agitur
1026 1039 1085 1084 nec
1113 1019 1305 1083 dissimiliter
1327 1021 1421 1103 atque
1443 1019 1587 1096 Iustinus

361 1118 518 1186 Minucius
544 1123 771 1201 Tertullianus,
798 1128 904 1208 patres
932 1124 984 1206 qui
1012 1124 1162 1187 vocantur
1184 1123 1325 1206 plerique
1353 1122 1588 1186 demonstrare-

363 1227 450 1300 runt,
479 1244 575 1307 quam
604 1226 718 1290 iniuste
741 1229 855 1310 pagani
877 1229 910 1291 in
933 1226 1129 1291 Christianos
1153 1225 1454 1290 animadvertissent
1500 1223 1586 1288 Satis

362 1328 421 1391 erit
454 1327 604 1392 lectorem
637 1330 832 1394 revocavisse
869 1329 909 1393 ed
938 1328 1150 1400 Τ51.2715.;
1183 1328 1338 1409 Athenag.
1367 1327 1474 1410 Suppl.
1498 1328 1526 1388 1.
1550 1328 1586 1399 23

362 1429 454 1512 Cypr.
486 1430 523 1494 50
554 1430 645 1495 Dem.
678 1433 725 1494 13.
769 1432 883 1514 Itaque
916 1451 956 1494 55
985 1430 1216 1494 Tertullianum
1247 1430 1374 1513 qiudem
1405 1447 1441 1492 51
1462 1427 1587 1492 1551155

361 1533 495 1614 5550515
541 1533 731 1598 arbitremur
771 1536 909 1616 oportet,
955 1551 1149 1615 quamquem
1180 1533 1261 1596 aliis
1299 1533 1375 1596 locis
1412 1531 1588 1615 primorum

360 1635 554 1717 Apologctici
586 1637 726 1718 capitum
753 1634 867 1700 Iustini
899 1636 1074 1719 apologiam
1102 1640 1268 1717 utramque
1299 1654 1371 1699 eum
1406 1633 1586 1698 adhibuisse

360 1737 555 1820 exploratum
578 1741 640 1803 est:
664 1739 731 1802 vide
754 1738 889 1803 iudicem
904 1741 1048 1801 nostrum
1064 1757 1092 1820 p.
1109 1739 1149 1799 59
1166 1738 1236 1802 505.
1253 1740 1282 1800 2.
1320 1739 1470 1802 Attamen
1486 1737 1589 1800 maior

361 1844 410 1904 est
443 1840 629 1916 similitudo,
664 1860 745 1922 quae
778 1841 861 1904 inter
887 1840 1060 1904 Minucium
1091 1842 1123 1903 et
1149 1840 1379 1904 Tertullianum
1410 1839 1586 1914 intercedit,

361 1961 457 2022 quam
479 1961 560 2023 quae
583 1963 658 2008 casu
680 1943 764 2008 facta
786 1962 855 2007 esse
877 1943 984 2027 possit,
1007 1961 1079 2007 cum
1095 1943 1278 2025 praesertim
1295 1942 1415 2007 Octavii
1431 1944 1529 2026 caput
1543 1943 1586 2004 28

361 2047 393 2108 et
426 2047 601 2109 extremum
632 2048 726 2128 caput
755 2047 795 2109 27
831 2046 899 2110 51115
933 2046 1010 2110 15515
1044 2045 1161 2109 mirum
1193 2047 1348 2126 quantum
1376 2065 1449 2109 cum
1476 2044 1585 2127 primis

346 2130 559 2230 'Apologetici
581 2147 736 2230 capitibus
759 2151 948 2230 congruant:
973 2146 1010 2212 cf.
1034 2146 1103 2211 Oct.
1127 2148 1178 2224 27,
1203 2147 1238 2220 7;
1261 2149 1350 2231 Apol.
1376 2148 1392 2209 7
1416 2167 1445 2231 p.
1470 2147 1518 2222 73,
1536 2147 1585 2209 11.

362 2285 400 2294 -
426 2248 493 2313 051
516 2250 568 2325 27,
591 2253 626 2325 8;
649 2251 738 2332 Apol.
764 2251 780 2312 1
804 2271 833 2334 p.
857 2252 905 2324 59,
931 2252 970 2313 13
993 2269 1076 2332 sqq.;
1099 2270 1129 2332 p.
1153 2249 1204 2326 60,
1228 2251 1365 2332 3sq.-
1391 2249 1459 2316 051.
1476 2251 1586 2327 28,2;

359 2352 448 2434 Apol.
478 2353 495 2412 7
523 2373 553 2436 p.
584 2353 634 2430 73,
664 2354 711 2415 15.
745 2390 788 2400 -
821 2351 889 2418 051.
919 2355 970 2428 28,
1000 2355 1035 2427 2;
1065 2353 1155 2435 Apol.
1184 2353 1201 2414 7
1231 2352 1274 2416 in.
1308 2388 1349 2398 —
1382 2353 1450 2418 Oct.
1474 2354 1525 2428 28,
1549 2355 1585 2426 2;

359 2455 448 2537 Apol.
479 2457 494 2517 l
524 2475 555 2537 p.
584 2455 635 2530 61,
664 2457 701 2518 11
727 2475 773 2538 sq.
802 2455 855 2534 (ad
883 2459 947 2520 nat.
975 2454 991 2518 I
1017 2457 1033 2518 l
1063 2475 1092 2537 p.
1118 2455 1188 2529 154,
1214 2455 1277 2533 15).
1306 2491 1344 2502 ·-
1376 2455 1444 2520 Oct.
1473 2457 1524 2532 28,
1548 2457 1584 2530 3;

359 2558 448 2640 Apol.
479 2558 496 2619 7
529 2579 559 2641 p.
589 2559 639 2634 73,
668 2561 688 2621 4
716 2578 761 2641 sq.
798 2593 839 2603 -
873 2557 942 2623 Oct.
977 2559 1027 2634 28,
1062 2557 1080 2619 0
1117 2557 1167 2638 (05
1202 2557 1350 2641 lama);¹)
1388 2558 1477 2641 Apol.
1507 2559 1523 2620 7
1554 2579 1584 2641 p.

362 2659 411 2737 74,
443 2661 457 2722 l
484 2679 552 2742 sqq.
583 2660 890 2744 (50551Ι715.)
941 2660 1007 2725 Nec
1035 2663 1142 2725 tamen
1173 2660 1242 2724 ideo
1270 2661 1433 2726 credemus
1460 2661 1585 2726 Tertul-

362 2808 572 2816 ——-—.-

431 2901 451 2966 ¹)
480 2898 538 2952 Hoc
567 2899 626 2953 loco
655 2897 787 2952 Octavius
817 2897 939 2952 delendit
957 2898 1128 2953 Christianos
1147 2897 1279 2952 adversus
1300 2898 1375 2962 illos,
1405 2898 1451 2967 qui
1469 2898 1585 2953 ‘incesta

360 2983 465 3050 stupra’
490 2999 536 3038 555
554 2982 714 3048 admittere,
741 2983 863 3051 ‘impiare
887 2985 983 3050 55515’,
1002 2984 1130 3038 ‘inientes
1154 2983 1301 3038 15551515Ι
1325 2984 1431 3050 dicant,
1458 2983 1498 3037 bis
1518 2999 1584 3038 5555

360 3068 462 3123 uerbis:
485 3068 535 3122 ‘his
560 3069 632 3122 euim
656 3074 684 3122 et
708 3068 859 3124 huiusmodi
882 3069 982 3124 tabulis
1005 3069 1076 3124 idem
1096 3069 1241 3124 daemones
1266 3069 1301 3123 50
1321 3069 1502 3124 execrationis
1521 3070 1584 3123 hor-

360 3170 448 3209 rorem
472 3154 658 3222 imperitorum
683 3168 763 3208 aures
786 3155 915 3209 adversus
939 3171 988 3210 uos
1012 3158 1184 3210 retorserant.
1205 3171 1253 3210 nec
1272 3161 1364 3209 tamen
1382 3155 1494 3220 mirum,
1517 3171 1584 3221 quo-

359 3241 433 3295 niam
461 3239 561 3304 15155,
587 3255 656 3306 quae
682 3254 788 3307 semper
813 3239 945 3308 insparsis
970 3241 1117 3296 mendaciis
1137 3241 1233 3307 alitur,
1256 3247 1367 3294 ostensa
1385 3240 1501 3294 veritate
1520 3256 1584 3294 con·

360 3325 482 3379 sumitur.
508 3325 548 3378 sic
571 3331 614 3377 eat
640 3325 777 3390 negotium
796 3325 970 3393 daemonum3
993 3327 1029 3381 ab
1048 3327 1115 3393 ipsis
1133 3327 1206 3380 euim
1224 3341 1316 3380 rumor
1333 3325 1419 3380 151555
1437 3331 1466 3380 51
1483 3325 1584 3379 5511151

360 3411 519 3465 511515151.
557 3409 678 3476 Respicit
704 3417 795 3464 autem
815 3411 985 3466 Christianus
1003 3412 1039 3467 ad
1059 3412 1125 3466 baec
1144 3412 1228 3466 verba
1241 3410 1353 3466 Caecilii
1371 3410 1473 3480 pagani
1491 3413 1526 3478 (9,
1538 3411 1582 3476 3):

360 3501 418 3550 ‘uec
442 3496 475 3550 de
499 3495 567 3564 ipsis
591 3498 638 3562 (55.
658 3495 845 3562 Christianis),
875 3496 928 3551 uisi
951 3497 1113 3553 subsisteret
1138 3497 1252 3563 veritas,
1283 3497 1401 3550 maxime
1425 3494 1529 3550 5515115
1552 3503 1584 3550 51

361 3581 460 3636 bonore
484 3580 633 3650 praefanda
656 3595 767 3649 sagax
792 3581 882 3635 fama
904 3583 1074 3651 loqueretur'.
1117 3583 1207 3651 Quare
1229 3583 1349 3636 Ebertus
1372 3583 1403 3647 (l.
1424 3598 1445 3636 c.
1471 3599 1497 3650 p.
1515 3583 1582 3645 377)

360 3667 466 3720 5555511
492 3667 688 3721 Tertullianum
717 3665 826 3720 Caecilii
849 3668 941 3722 verbis
966 3686 1019 3722 uon
1044 3669 1172 3736 inspectis
1200 3668 1306 3723 Octavii
1330 3667 1452 3722 oratione
1476 3673 1583 3720 motum

360 3767 433 3816 esse,
457 3759 488 3804 51
511 3752 588 3819 Apol.
609 3754 624 3804 7
644 3771 672 3820 p.
691 3752 732 3816 71,
747 3755 759 3805 1
774 3768 829 3820 sqq.
850 3753 882 3806 de
905 3753 919 3807 1
923 3769 1014 3808 amaa
1033 3759 1132 3809 natura
1150 3753 1273 3823 pluribus
1291 3754 1436 3807 dissereret
1454 3753 1583 3820 (1151515

360 3837 468 3891 151555
486 3837 610 3891 omnibns
628 3842 694 3891 nota
712 3845 761 3891 est.
793 3837 923 3892 Vestrum
942 3843 999 3893 est:
1020 3840 1106 3893 Fama
1124 3840 1225 3893 malum
1244 3854 1297 3906 qua
1311 3855 1364 3893 uon
1377 3837 1450 3892 aliud
1463 3838 1582 3892 velocius

361 3923 443 3976 ullum
457 3937 479 3976 e.
494 3941 518 3990 q.
532 3923 580 3990 51).
617 3922 693 3992 Quod
712 3929 902 3991 argumentum
920 3924 1059 3993 probabile
1077 3941 1136 3980 asse
1154 3925 1295 3979 Hartelius
1315 3924 1341 3992 (1.
1362 3939 1384 3978 5.
1402 3940 1428 3992 5.
1441 3925 1503 3992 305)
1521 3924 1582 3978 1515

360 4009 478 4077 negavit.
509 4008 634 4063 Ceterum
653 4008 753 4062 famam
768 4009 931 4064 Christianis
950 4010 1029 4064 valde
1048 4026 1145 4064 nocere
1163 4026 1255 4064 omues
1274 4009 1439 4080 apologetae
1456 4017 1580 4064 mouent:

360 4092 393 4146 cl.
412 4109 434 4147 e.
450 4110 474 4160 g.
490 4097 625 4162 Athenag.
646 4094 739 4162 Suppl.
757 4097 774 4147 2
792 4111 816 4163 p.
832 4096 869 4162 10,
883 4096 913 4161 7;
935 4096 974 4160 14,
987 4099 1011 4148 9.
1028 4097 1059 4148 12
1078 4095 1118 4149 ed.
1133 4096 1199 4150 Otto
1217 4112 1289 4164 corp.
1309 4095 1377 4163 apol.
1393 4095 1490 4149 Christ.
1509 4111 1580 4150 saec.

360 4178 388 4230 11
407 4181 457 4233 vol.
471 4179 523 4233 VII
543 4180 610 4249 (155.
626 4179 1008 4248 1857).-Ν5555Ε11511515
1027 4197 1080 4235 uon
1099 4181 1170 4248 fugit
1188 4181 1306 4234 eiusdem
1320 4181 1488 4250 apologetici
1507 4181 1581 4248 capi-

363 4265 398 4318 tis
415 4266 520 4319 initium
539 4282 600 4319 curn
618 4264 764 4319 Caecilii
785 4266 908 4320 oratione
927 4267 962 4331 (9,
975 4267 999 4319 6.
1013 4268 1039 4334 7)
1061 4281 1220 4334 congruere:

620 4367 686 4422 Min.
1250 4369 1323 4422 Tert.

396 4453 434 4507 Et
456 4453 489 4508 de
514 4453 820 4519 55511115551515551,
846 4454 949 4521 passim
1028 4455 1150 4508 Dicimur
1184 4454 1386 4508 sceleratissimi
1421 4456 1454 4510 de
1489 4471 1581 4511 55515-

359 4553 453 4592 55555
480 4540 618 4602 15555151,
646 4539 675 4619 id
703 4538 786 4593 etiam
818 4537 949 4592 Cirtensis
993 4546 1085 4594 mento
1104 4539 1266 4594 infanticidii
1285 4541 1430 4608 51555515
1450 4540 1526 4604 inde,
1552 4547 1581 4596 et

361 4623 447 4677 nostri
471 4629 590 4678 testatur
615 4625 709 4679 515115.
729 4623 763 4677 50
782 4625 877 4691 epulas
897 4624 950 4679 sol·
992 4631 1068 4694 post
1103 4626 1290 4680 convivium
1327 4627 1471 4694 incesto,
1509 4627 1580 4693 quod
