3514 5244
939 379 982 444 64

347 572 486 637 solutam
510 573 682 658 epistulam
706 573 1007 656 quinquagesimam
1022 574 1199 639 secundam
1213 573 1281 654 (fol.
1297 573 1389 658 636),
1412 576 1576 660 posterior

346 679 487 762 reliquas
516 679 591 744 inde
619 700 639 744 a
671 679 749 744 folio
779 681 847 745 63b
877 679 1034 764 epistulas
1063 681 1211 746 exaravit
1234 689 1267 746 et
1289 681 1389 746 verba
1412 681 1575 764 quaedam

310 815 313 822 ·
346 807 367 850 a
394 787 500 871 priore
530 787 651 853 omissa
679 787 852 872 supplevit.
897 794 1026 871 praeter
1055 787 1139 852 hanc
1167 788 1199 852 in
1230 788 1338 872 priore
1365 796 1459 872 parte
1486 788 1572 855 duae

346 914 460 959 manus
484 895 606 960 saeculi
629 893 789 959 undecimi
813 893 913 958 multa
937 903 1143 960 correxerunt
1171 903 1204 959 et
1231 895 1264 958 in
1292 895 1492 977 marginibus
1515 895 1572 961 ad·

348 1000 546 1085 scripserunt
573 1000 772 1083 totidemque
804 1000 949 1066 eiusdem
980 1001 1048 1066 fere
1081 1002 1200 1066 aetatis
1232 1002 1264 1066 in
1292 1002 1485 1086 posteriore,
1512 1002 1574 1068 sed

344 1107 424 1172 nibil
453 1107 520 1173 fere
548 1107 590 1172 ad
620 1107 765 1172 Senecae
793 1108 892 1172 verba
916 1107 1120 1174 emendanda
1143 1109 1318 1174 conferunt.
1365 1108 1574 1176 salutationis

345 1214 482 1293 formula
512 1220 643 1298 praeter
669 1214 804 1298 primam
838 1213 1011 1298 epistulam
1045 1235 1155 1282 omnes
1187 1225 1307 1300 carent,
1343 1215 1572 1281 valedictionis

299 1302 301 1310 '
343 1340 479 1406 paucae.
510 1321 647 1406 primam
661 1320 756 1387 huius
770 1321 852 1404 libri,
877 1341 971 1404 quem
992 1322 1029 1388 G.
1047 1321 1287 1388 Studemundus
1311 1322 1341 1388 ei
1361 1321 1571 1406 indicaverat,

344 1428 491 1493 notitiam
506 1427 541 1492 P.
551 1428 744 1494 Woltersius
759 1427 850 1493 dedit
869 1429 902 1493 in
915 1432 1155 1494 Eoeercitotionis
1168 1433 1386 1511 prommoticce
1401 1432 1573 1513 specimina

344 1537 399 1600 bos
422 1538 458 1599 F.
484 1537 668 1600 Ruecuetero
690 1557 772 1600 auno
796 1537 877 1600 1881
902 1537 1010 1601 oblatis
1032 1558 1062 1620 p.
1084 1539 1125 1602 31
1151 1557 1198 1619 sq.
1224 1537 1278 1619 qui
1302 1555 1373 1601 cum
1397 1555 1455 1601 eas
1477 1555 1570 1620 prae-

344 1642 438 1727 cipue
461 1642 618 1708 lectiones
643 1641 873 1726 excerpsisset‚
903 1662 987 1724 quae
1011 1643 1153 1725 vulgatis
1176 1650 1346 1727 praestare
1368 1642 1574 1726 videbantur,

343 1750 414 1834 ipse
452 1748 596 1814 codicem
627 1748 659 1813 Μ
697 1747 802 1813 denuo
832 1755 933 1813 totum
965 1750 1087 1815 contuli
1115 1750 1347 1815 Vratislavism
1377 1750 1418 1815 ab
1446 1750 1487 1816 iis
1515 1751 1571 1832 qui

342 1855 559 1922 bibliothecae
581 1855 718 1920 Metensi
741 1863 897 1940 praesunt
919 1855 1225 1924 benevolentissime
1247 1858 1480 1924 transmissum.

431 1962 464 2027 M
487 1962 594 2045 igitur,
618 1981 812 2045 quamquam
836 1969 869 2027 ct
892 1982 932 2027 ea
956 1981 998 2046 re,
1023 1963 1109 2046 quod
1132 1985 1247 2030 manus
1262 1964 1367 2048 prima
1381 1963 1415 2028 in
1430 1963 1573 2048 epistula

342 2068 612 2155 quinquagesima
642 2067 785 2134 secunda
810 2067 941 2152 desinit,
970 2077 1002 2135 et
1024 2071 1138 2155 paucis
1162 2070 1354 2154 quibusdam
1377 2070 1573 2136 lectionibus

342 2177 443 2260 (velut
466 2177 481 2239 I
505 2180 534 2260 2,
559 2179 579 2244 6
608 2195 679 2242 cnm
704 2178 814 2259 Arg.b
838 2177 938 2243 habet
959 2200 1103 2263 pauper
1124 2200 1197 2243 non
1219 2187 1267 2243 est
1287 2197 1345 2263 pro
1368 2181 1472 2243 diaes
1494 2183 1574 2262 est),

342 2284 384 2349 ad
413 2283 542 2349 codices
575 2283 604 2348 A
631 2284 652 2349 b
680 2284 787 2366 Argb
814 2284 962 2369 inclinat,
994 2304 1058 2349 non
1089 2286 1185 2370 plura
1216 2305 1288 2351 cum
1319 2285 1360 2351 iis
1388 2286 1575 2350 communia

341 2393 440 2458 habet
463 2411 559 2475 quam
584 2411 654 2456 curn
678 2391 735 2475 Pp
760 2391 838 2456 Pr.b
862 2391 946 2457 aliis.
978 2412 1051 2456 cum
1073 2391 1151 2456 EW
1170 2411 1246 2457 vcro
1270 2391 1304 2456 in
1327 2398 1375 2457 tot
1397 2391 1570 2475 singulari-

286 2506 292 2520 ‘
340 2500 401 2564 bus
435 2497 603 2582 scripturis
637 2497 786 2581 congruit
812 2496 857 2582 Μ,
885 2509 921 2562 ut
947 2498 1031 2563 huno
1055 2518 1095 2564 ex
1119 2498 1216 2564 simili
1239 2505 1338 2582 atque
1360 2498 1435 2564 illos
1458 2499 1571 2564 arche-

340 2613 428 2690 typo,
466 2605 499 2669 in
537 2624 600 2688 qno
634 2611 741 2670 tamen
779 2604 940 2689 epistulae
972 2607 1024 2688 66,
1053 2608 1184 2672 26-88
1216 2604 1358 2670 nondum
1385 2605 1571 2690 periissent,

246 2779 248 2782 .
341 2712 521 2778 derivatum
559 2731 633 2777 esse
671 2710 877 2777 statuendum
914 2711 965 2777 sit.
1020 2711 1107 2795 quod
1138 2718 1173 2777 ut
1205 2711 1449 2796 demonstretur,
1485 2712 1574 2778 haec·

341 2819 489 2904 exempla
512 2819 626 2884 affero:
659 2819 727 2902 12,
752 2820 771 2883 3
795 2839 853 2904 pro
877 2821 1072 2901 distrtnpit
1094 2821 1243 2884 librorum
1264 2821 1424 2884 multitado
1446 2819 1572 2884 babent

340 2927 372 2990 M
386 2925 413 2989 E
428 2926 469 2990 W
490 2928 701 3009 Diatiuycit
716 2927 864 2990 librorum
877 2929 1053 3009 6666666666,Ι
1079 2929 1129 3010 12,
1144 2928 1164 2992 3
1188 2946 1251 3014 pro
1269 2930 1390 2992 istunc
1412 2935 1576 2992 nanctus·

342 3033 376 3097 in
400 3032 518 3098 iisdem
541 3039 632 3098 extat
654 3035 742 3097 istic
763 3041 907 3114 noctua·
940 3032 984 3098 IV
1004 3036 1034 3118 3,
1058 3033 1078 3100 5
1105 3055 1391 3118 snperepressus
1421 3033 1457 3098 iu
1483 3033 1573 3099 MW

447 3229 552 3291 Grecis,
571 3245 735 3297 magnorum
754 3245 808 3296 que
826 3227 965 3296 quondam
983 3227 1216 3297 phylosophorum

448 3319 565 3371 Matrem
585 3335 613 3371 se
632 3317 711 3379 dixit,
731 3317 841 3371 domino
861 3317 994 3371 credendo
1012 3317 1135 3386 negauit.

447 3407 524 3460 'l'unc
541 3406 668 3460 dominus
686 3405 820 3460 mundum
839 3406 971 3475 dignatus
990 3405 1098 3462 tradere
1116 3409 1206 3460 totum

396 3497 427 3550 lb
446 3495 515 3550 Vrbi
534 3497 658 3550 Romane
677 3495 702 3562 (a
720 3499 749 3548 s'n
769 3513 785 3568 p
802 3495 879 3562 mut.)
897 3495 946 3549 dat
965 3495 1071 3549 cunctis
1089 3495 1161 3550 uelle
1179 3495 1295 3549 subesse.

445 3585 534 3650 Quam
551 3587 700 3654 postquam
719 3585 821 3639 Paulus
839 3588 935 3654 gentes
954 3585 1123 3639 instruxerat
1142 3601 1243 3649 omnes,

447 3673 598 3742 Agrediens
618 3674 678 3739 (sic)
698 3691 763 3728 uero
782 3674 831 3728 dat
849 3691 898 3743 per
916 3673 1051 3728 miracula
1070 3673 1186 3727 Christo.

445 3762 571 3831 Contigit
589 3763 697 3817 interea
714 3763 791 3816 fama
810 3763 944 3832 uulgante
963 3764 1047 3818 beata

444 3852 563 3917 Quidam
581 3851 759 3921 philosophus
778 3852 811 3905 de
829 3852 940 3906 nomina
959 3852 1062 3906 Seneca
1080 3851 1178 3916 dietus,

390 3941 425 3995 20
444 3941 620 4010 conpunctus
639 3941 737 4006 uerbis,
757 3941 788 3995 fit
806 3957 870 3994 mox
888 3957 937 4010 per
954 3944 1055 3995 cuncta
1072 3940 1168 3995 fidelis.

444 4031 521 4096 Quod
531 4030 634 4084 Paulus
649 4030 771 4099 gaudens
786 4029 896 4084 domino
910 4034 1058 4099 gratesque
1072 4029 1221 4099 rependens
1236 4028 1280 4096 (sa
1289 4028 1442 4098 rependans
1451 4029 1571 4096 fadum)

444 4119 550 4174 Dilexit
568 4136 675 4189 semper
693 4119 784 4173 uerbis
803 4119 966 4188 scriptisque
986 4119 1111 4174 libenter.

444 4209 497 4274 Qui
516 4208 582 4264 licet
599 4208 731 4277 indignus
749 4208 834 4262 fuerit
852 4208 1022 4277 baptismate
1040 4207 1151 4270 Christi,

443 4298 558 4368 Scriptis
577 4297 718 4352 mirandus
737 4297 853 4366 uitaque
870 4297 926 4352 fuit
944 4297 1125 4352 uenerandus.

390 4388 424 4442 25
443 4387 524 4442 Hunc
541 4386 642 4441 mentis
660 4390 734 4451 uoto,
754 4387 846 4452 lector,
867 4387 1046 4456 complectere
1065 4389 1137 4440 toto:

443 4477 493 4531 Est
510 4480 543 4531 66
561 4475 673 4530 diuinus
687 4493 772 4544 quare
786 4493 835 4546 per
848 4477 948 4531 cuncta
961 4476 1115 4546 sequendus
1134 4475 1256 4540 (diuinus
1268 4477 1301 4528 ut
1316 4476 1440 4544 promum
1454 4477 1572 4543 scripsit

549 4567 690 4632 librarius,
710 4568 756 4619 sed
773 4569 893 4620 correxit
907 4567 1022 4633 postea),

443 4655 530 4721 Quem
548 4653 661 4723 perimit
680 4653 774 4723 gladio
793 4653 867 4709 Nero
886 4654 1004 4709 crudelis
1023 4651 1136 4722 iniquo’.
