3634 5240
671 431 880 536 „ap-

340 653 386 728 Ού
408 659 553 748 βέβηλος,
577 656 620 740 ὡς
641 660 857 748 λέγεται,τοῦ
879 661 950 727 νέου
973 659 1143 744 Διονύσου,

336 757 438 849 Κᾶγω
462 757 491 830 δ’
505 762 541 845 ἐξ
562 758 740 854 εὐεργεσίης
761 757 977 852 ὠργιασμένος
999 761 1074 853 ἥκω.
1086 769 1109 850 1)
1213 831 1217 838 ,

253 867 295 932 Π,
310 860 473 946 ’Ἄλλους
495 864 615 934 πάλιν
637 862 746 952 λαβὼν
769 866 897 950 στίχους
911 862 1108 956 Ὁμηρικούς,
1132 861 1204 935 eiius
1226 869 1392 957 προσθείς

168 961 261 1034 ούδὲν
287 963 395 1048 αὐτοῖς
417 963 490 1036 α’ύτε
513 963 649 1058 ἀφελών,
672 969 731 1058 τὴν
753 969 790 1037 δέ
814 968 968 1037 σύνθεσιν
992 961 1144 1053 ἀλλάξας
1156 968 1261 1054 μόνον,
1286 972 1392 1060 ἕτερον

167 1065 335 1140 ἀποδώσω
371 1071 489 1156 μέλος
532 1070 804 1162 τετράμετρον,
850 1067 894 1139 τὸ
931 1071 1171 1158 καλούμενον
1207 1068 1391 1143 Ἰωνικόν·

326 1165 389 1255 Ὣς
412 1171 429 1243 ό
452 1170 577 1263 πρόσθ’
601 1177 719 1242 ἵππων
739 1175 795 1243 καὶ
818 1173 937 1265 δίφρου
958 1181 1045 1242 κεῖτο
1066 1175 1249 1257 τανυσθείς,

337 1277 516 1364 Βεβρυχιός,
526 1276 631 1359 κόνιος
646 1278 861 1366 δεδραγμένος
872 1259 1095 1369 υῖματοέσσης
1104 1283 1209 1364 (Hom.
1217 1289 1251 1347 N
1253 1284 1315 1347 392
1323 1283 1392 1366 sq).

373 1373 435 1460 Ὣς
456 1375 613 1470 δπρόσθ’
636 1383 756 1450 ἵππων
777 1383 831 1449 καὶ
854 1380 971 1470 δίφρου
994 1388 1082 1452 κεῖτο
1103 1382 1288 1466 τανυσθείς,

382 1481 623 1573 Αῖματοίσσης
644 1483 752 1566 κόνιος
775 1485 995 1574 δεδραγμένος,
1018 1486 1187 1576 βεβρυχώς.

172 1585 317 1654 Τοιαῖπά
340 1585 410 1655 ἔστι
432 1580 477 1654 τὰ
495 1585 702 1655 Σωτάδεια
722 1587 829 1655 ταυτί·

327 1684 426 1757 ’Ἔνθ’
450 1687 481 1758 οἱ
503 1691 563 1775 μίν
586 1685 639 1757 ἐπ’
665 1683 866 1780 ίίκραισ<ι>’)
890 1697 1010 1780 πυραῖς
1031 1692 1136 1771 νέκυες
1158 1687 1280 1760 ἔκειντο

336 1798 401 1881 Γῆς
423 1793 481 1860 ἐπὶ
504 1791 602 1884 ξένης,
626 1788 752 1882 ὀρφανὰ
774 1797 882 1878 τείχεα
905 1793 1124 1882 προλιπόντες

332 1892 485 1978 Ἑλλάδος
508 1894 594 1984 ἱερῆς
615 1899 669 1965 καὶ
692 1891 791 1983 μυχὸν
813 1894 923 1988 ἑστίης
945 1896 1103 1988 πατρρίης

327 1996 436 2089 Ἥβην
457 1998 486 2066 τ’
510 1994 701 2091 ἐρατ[ειν]ην
713 2007 737 2084 ³)
759 2002 813 2068 καί
836 1995 933 2068 καλὸν
955 1997 1045 2088 ἡλίου
1069 1998 1254 2089 πρόσωπον.

256 2100 424 2191 Δυναίμην
451 2097 479 2169 δ’
507 2098 546 2170 iia
575 2099 622 2170 ἔτι
645 2099 772 2185 πολλὰς
794 2101 883 2184 ἰδέας
908 2103 1033 2191 μέτρων
1059 2103 1113 2170 καὶ
1141 2101 1318 2193 διαφόρους
1344 2101 1392 2185 είς

166 2204 225 2272 τὸν
246 2200 381 2293 ἡρωϊκὸν
403 2203 636 2292 ἐμπιπτούσας
657 2204 766 2290 στίχον
782 2205 1008 2288 ἐπιδεικνύναι,
1032 2200 1070 2273 τδ
1093 2205 1129 2273 δέ
1145 2201 1224 2272 αύτὸ
1249 2202 1308 2274 κόν
1324 2213 1392 2287 τοῖς

164 2301 287 2391 ι’ίλλοις,
311 2303 422 2395 ὀλίγου
445 2311 520 2393 δεῖν,
544 2315 631 2378 πᾶσι
650 2306 853 2399 συμβεβηκὸς
874 2311 1004 2400 μέτροις
1025 2335 1061 2377 τε
1082 2310 1137 2376 καὶ
1153 2315 1293 2396 ῥυθμοῖς
1308 2307 1391 2378 άπα

163 2410 302 2500 φαίνειν,
326 2409 410 2480 diove
431 2419 489 2502 τῆς
509 2414 570 2498 μέν
593 2414 721 2502 ἐκλογης
742 2419 808 2482 τῶν
828 2408 997 2498 όνομότων
1018 2418 1075 2501 τῆς
1097 2409 1196 2501 αὐτῆς
1217 2412 1383 2503 μενούσης,

165 2519 224 2602 τῆς
246 2517 283 2583 δέ
306 2516 492 2598 συνθέσεως
512 2515 613 2604 μόνης
634 2517 779 2602 μάλιστα
803 2517 979 2606 πεσούσης,
1013 2515 1055 2582 τά
1084 2541 1119 2583 τε
1140 2515 1243 2606 μέτρα
1270 2541 1392 2606 μεταρ-

166 2616 394 2705 ρυθμίζεσθαι
416 2620 471 2687 καί
494 2618 780 2704 συμμεταπίπτειν
795 2613 904 2700 αίτσῖς
923 2618 965 2686 τὰ
987 2616 1147 2706 σχήματα,
1170 2613 1212 2686 τὰ
1226 2618 1391 2707 χρώματα,

165 2715 210 2787 τὰ
233 2715 310 2812 ἤδη,
333 2716 375 2790 τὰ
399 2722 506 2812 πάθη,
530 2722 589 2812 τὴν
610 2719 687 2811 ὅλην
708 2728 774 2790 τῶν
798 2720 993 2811 ποιημάτων
1015 2715 1159 2803 ἀξίωσιν.

253 2831 357 2911 Atque
389 2830 514 2894 initium
548 2829 674 2911 quidem
707 2829 820 2894 faciam
855 2849 874 2894 a
908 2829 1050 2893 versibus
1084 2827 1279 2906 Sotadeis,
1314 2848 1391 2910 quos

166 2931 336 3014 Dionysius
357 2933 455 2997 altaro
477 2933 544 2998 loco
560 2933 671 3015 posuit
715 2930 969 2997 Examinandum
987 2931 1070 2995 enim
1087 2933 1145 3008 est,
1167 2934 1275 2996 utrum
1290 2935 1392 2996 matra

166 3053 186 3098 n
210 3034 359 3117 Dionysio
387 3037 510 3120 prolata
536 3036 714 3118 discrepent
741 3055 813 3100 cum
842 3034 1085 3119 Hephaestionis
1116 3035 1256 3100 doctrina
1282 3054 1391 3100 neone.

167 3137 324 3216 Quattuor
347 3142 453 3203 autem
477 3158 599 3214 versus,
626 3159 662 3202 ex
686 3139 798 3220 quibus
821 3139 990 3221 Dionysius
1014 3139 1220 3204 Sotadeorum
1244 3140 1392 3202 naturam

166 3241 314 3322 cognosci
341 3243 423 3320 vult,
457 3261 519 3307 non
547 3243 757 3306 abhorrente
784 3243 959 3325 praeceptis
982 3240 1224 3325 Hephaestionis
1257 3241 1390 3323 (enchir.

167 3363 236 3427 cap.
262 3344 300 3407 11
325 3365 354 3427 p.
378 3344 429 3423 36,
447 3346 487 3410 18
509 3365 577 3428 sqq.
601 3345 665 3428 W),
688 3344 770 3427 quod
794 3347 922 3428 apparet
945 3363 961 3409 e
984 3345 1156 3409 schematis
1181 3363 1304 3409 eorum:

167 3675 252 3739 Nam
282 3692 391 3739 omnes
419 3665 567 3757 συζυγίαι
595 3673 627 3736 iu
657 3672 708 3736 his
736 3672 878 3737 versibus
907 3671 1076 3753 usurpatae
1109 3669 1320 3734 admittuntur
1351 3671 1390 3734 ab

241 3919 261 3980 ¹)
281 3911 299 3966 ίί
317 3917 374 3968 πῶς
392 3911 428 3966 ἂν
445 3912 500 3964 εἶεν
517 3908 678 3980 προσῳδικιῖ
698 3913 744 3962 καί
762 3909 921 3979 προσόμοια
937 3913 994 3963 τοῖς
1012 3914 1176 3978 πριαπείοιε,
1194 3907 1210 3974 ἢ
1228 3904 1314 3960 πάλιν
1334 3908 1392 3962 πῶς

167 4001 257 4052 ταῦτα
276 4001 423 4072 πριάπεια,
446 3995 570 4067 σύδαμώε
588 4001 646 4064 ἔχω
664 3997 785 4069 συνορᾶν
811 3995 955 4049 confitetur
982 3995 1117 4050 Maximus
1145 3994 1278 4047 planudes
1307 3993 1389 4048 schol.

169 4087 297 4154 llermog.
316 4087 339 4140 V
358 4087 417 4152 491,
438 4087 469 4139 14
487 4085 529 4138 W.

240 4175 261 4240 ¹)
279 4173 441 4228 Necessario
459 4175 571 4240 propter
583 4175 697 4224 matrum
711 4168 906 4222 emendandum
919 4172 961 4220 est
978 4165 1093 4238 άιιριιισι
1110 4181 1159 4234 pro
1177 4164 1289 4236 ιῖιιριιιις
1309 4170 1391 4232 atque

170 4261 284 4328 ιῖιιριιισι
301 4258 399 4328 legitur
417 4257 487 4327 apud
506 4257 634 4324 Hermog.
654 4273 680 4323 p.
698 4258 757 4317 230,
777 4257 809 4307 19
829 4255 862 4308 W
881 4275 916 4300 =
931 4255 990 4317 295,
1010 4255 1044 4305 22
1064 4253 1121 4321 Sp„
1139 4251 1197 4304 cius
1216 4251 1390 4305 scholiastam

169 4346 273 4412 (loann.
292 4346 355 4412 Sic.)
382 4345 419 4400 Vi
437 4346 496 4409 243,
514 4345 549 4397 30
569 4343 611 4407 W,
638 4343 777 4397 Castorem
805 4341 861 4408 (qui
883 4340 1081 4406 Hermogenem
1100 4335 1243 4404 exscribit)
1272 4335 1391 4401 111715,

171 4435 203 4486 16
222 4433 265 4486 W.

239 4518 261 4587 Ι)
280 4517 356 4572 Haec
373 4530 479 4584 quoque
497 4515 613 4570 mutatio
637 4511 752 4582 (ἐρατὴν
769 4528 818 4580 pro
837 4509 990 4580 ἐρατεινὴν)
1016 4525 1109 4564 versus
1127 4507 1233 4562 ratione
1255 4505 1391 4574 afflagita-

170 4609 222 4659 tnr.
259 4603 392 4658 Restituit
418 4603 562 4670 genuinam
593 4599 734 4655 lectionem
759 4598 811 4651 iam
841 4594 1008 4652 Godoiredus
1035 4595 1174 4649 Hermann
1201 4593 1278 4647 elem.
1305 4593 1391 4648 doctr.

171 4695 248 4746 metr.
267 4705 292 4758 p.
311 4690 371 4743 445.
1165 4773 1180 4818 3
