<?xml version="1.0" encoding="UTF-8"?>
<!DOCTYPE html PUBLIC "-//W3C//DTD XHTML 1.0 Transitional//EN"
    "http://www.w3.org/TR/xhtml1/DTD/xhtml1-transitional.dtd">
<html xmlns="http://www.w3.org/1999/xhtml" xml:lang="en" lang="en">
 <head>
  <title>
</title>
<meta http-equiv="Content-Type" content="text/html;charset=utf-8" />
  <meta name='ocr-system' content='tesseract 3.04.00' />
  <meta name='ocr-capabilities' content='ocr_page ocr_carea ocr_par ocr_line ocrx_word'/>
</head>
<body>
  <div class='ocr_page' id='page_1' title='image "./destoicorumstud00strigoog_0254.png"; bbox 0 0 3634 5240; ppageno 0'>
   <div class='ocr_carea' id='block_1_1' title="bbox 731 393 937 492">
    <p class='ocr_par' dir='ltr' id='par_1_1' title="bbox 731 393 937 492">
     <span class='ocr_line' id='line_1_1' title="bbox 731 393 937 492; baseline 0 0"><span class='ocrx_word' id='word_1_1' title='bbox 731 393 937 492; x_wconf 55' lang='lat' dir='ltr'><strong><em>„h-</em></strong></span> 
     </span>
    </p>
   </div>
   <div class='ocr_carea' id='block_1_2' title="bbox 177 613 1455 3583">
    <p class='ocr_par' dir='ltr' id='par_1_2' title="bbox 222 613 1450 2244">
     <span class='ocr_line' id='line_1_2' title="bbox 223 613 1445 700; baseline -0.002 -20"><span class='ocrx_word' id='word_1_2' title='bbox 223 615 332 680; x_wconf 89' lang='lat' dir='ltr'><strong>tudine</strong></span> <span class='ocrx_word' id='word_1_3' title='bbox 353 635 439 681; x_wconf 90' lang='lat' dir='ltr'><strong>nune</strong></span> <span class='ocrx_word' id='word_1_4' title='bbox 461 619 511 683; x_wconf 90' lang='lat' dir='ltr'><strong><em>est</em></strong></span> <span class='ocrx_word' id='word_1_5' title='bbox 533 618 701 700; x_wconf 82' lang='lat' dir='ltr'><strong>egendum,</strong></span> <span class='ocrx_word' id='word_1_6' title='bbox 724 617 897 692; x_wconf 85' lang='lat' dir='ltr'><strong>rideamus,</strong></span> <span class='ocrx_word' id='word_1_7' title='bbox 921 616 995 699; x_wconf 91' lang='lat' dir='ltr'><strong>quid</strong></span> <span class='ocrx_word' id='word_1_8' title='bbox 1018 616 1056 680; x_wconf 89' lang='lat' dir='ltr'><strong><em>de</em></strong></span> <span class='ocrx_word' id='word_1_9' title='bbox 1077 615 1253 680; x_wconf 77' lang='lat' dir='ltr'><strong>imitatione</strong></span> <span class='ocrx_word' id='word_1_10' title='bbox 1276 613 1445 679; x_wconf 76' lang='lat' dir='ltr'><strong>schematis</strong></span> 
     </span>
     <span class='ocr_line' id='line_1_3' title="bbox 222 717 1446 802; baseline -0.001 -21"><span class='ocrx_word' id='word_1_11' title='bbox 222 717 286 782; x_wconf 91' lang='lat' dir='ltr'><strong>illis</strong></span> <span class='ocrx_word' id='word_1_12' title='bbox 308 718 490 796; x_wconf 79' lang='lat' dir='ltr'><strong>hexametri,</strong></span> <span class='ocrx_word' id='word_1_13' title='bbox 513 737 592 802; x_wconf 86' lang='lat' dir='ltr'><strong>quae</strong></span> <span class='ocrx_word' id='word_1_14' title='bbox 615 720 702 785; x_wconf 87' lang='lat' dir='ltr'><strong>veria</strong></span> <span class='ocrx_word' id='word_1_15' title='bbox 723 720 921 802; x_wconf 75' lang='lat' dir='ltr'><strong>dactylorum</strong></span> <span class='ocrx_word' id='word_1_16' title='bbox 944 721 976 782; x_wconf 91' lang='lat' dir='ltr'><strong><em>et</em></strong></span> <span class='ocrx_word' id='word_1_17' title='bbox 997 719 1205 800; x_wconf 89' lang='lat' dir='ltr'><strong>spondeorum</strong></span> <span class='ocrx_word' id='word_1_18' title='bbox 1226 717 1446 781; x_wconf 86' lang='lat' dir='ltr'><strong>distributione</strong></span> 
     </span>
     <span class='ocr_line' id='line_1_4' title="bbox 223 816 1446 905; baseline -0.002 -22"><span class='ocrx_word' id='word_1_19' title='bbox 223 823 408 899; x_wconf 89' lang='lat' dir='ltr'><strong>nascuntur,</strong></span> <span class='ocrx_word' id='word_1_20' title='bbox 431 821 542 888; x_wconf 82' lang='lat' dir='ltr'><strong>effecte</strong></span> <span class='ocrx_word' id='word_1_21' title='bbox 563 822 681 887; x_wconf 88' lang='lat' dir='ltr'><strong>iudicet</strong></span> <span class='ocrx_word' id='word_1_22' title='bbox 702 823 915 905; x_wconf 85' lang='lat' dir='ltr'><strong>Hermogenes</strong></span> <span class='ocrx_word' id='word_1_23' title='bbox 938 842 968 904; x_wconf 90' lang='lat' dir='ltr'><strong><em>p.</em></strong></span> <span class='ocrx_word' id='word_1_24' title='bbox 993 821 1098 897; x_wconf 79' lang='lat'>379‚8</span> <span class='ocrx_word' id='word_1_25' title='bbox 1120 820 1160 883; x_wconf 90' lang='lat' dir='ltr'>W</span> <span class='ocrx_word' id='word_1_26' title='bbox 1181 847 1224 878; x_wconf 64' lang='grc' dir='ltr'>ε</span> <span class='ocrx_word' id='word_1_27' title='bbox 1246 819 1352 896; x_wconf 89' lang='grc'><strong><em>409,6</em></strong></span> <span class='ocrx_word' id='word_1_28' title='bbox 1376 816 1446 901; x_wconf 86' lang='lat' dir='ltr'><strong>Sp.:</strong></span> 
     </span>
     <span class='ocr_line' id='line_1_5' title="bbox 223 915 1445 1011; baseline 0 -25"><span class='ocrx_word' id='word_1_29' title='bbox 223 915 302 986; x_wconf 82' lang='grc' dir='ltr'><strong><em>ὅταν</em></strong></span> <span class='ocrx_word' id='word_1_30' title='bbox 323 972 330 987; x_wconf 95' lang='grc'><strong>.</strong></span> <span class='ocrx_word' id='word_1_31' title='bbox 353 971 361 986; x_wconf 91' lang='grc'><strong>.</strong></span> <span class='ocrx_word' id='word_1_32' title='bbox 384 915 433 1010; x_wconf 59' lang='lat' dir='ltr'><strong><em>,ii</em></strong></span> <span class='ocrx_word' id='word_1_33' title='bbox 461 921 613 990; x_wconf 73' lang='grc' dir='ltr'><strong><em>διάθεσιν</em></strong></span> <span class='ocrx_word' id='word_1_34' title='bbox 639 919 781 1011; x_wconf 70' lang='grc' dir='ltr'><strong><em>ἐμπαθῆ</em></strong></span> <span class='ocrx_word' id='word_1_35' title='bbox 803 926 861 989; x_wconf 78' lang='grc' dir='ltr'><strong><em>τοῦ</em></strong></span> <span class='ocrx_word' id='word_1_36' title='bbox 883 920 1031 1008; x_wconf 66' lang='grc' dir='ltr'><strong><em>λέγοντος</em></strong></span> <span class='ocrx_word' id='word_1_37' title='bbox 1055 920 1229 1010; x_wconf 74' lang='grc' dir='ltr'><em>προσλάβῃ</em></span> <span class='ocrx_word' id='word_1_38' title='bbox 1258 915 1276 986; x_wconf 84' lang='grc' dir='ltr'>ὁ</span> <span class='ocrx_word' id='word_1_39' title='bbox 1299 916 1445 1007; x_wconf 83' lang='grc' dir='ltr'><strong><em>ποιητής,</em></strong></span> 
     </span>
     <span class='ocr_line' id='line_1_6' title="bbox 223 1014 1447 1113; baseline -0.003 -23"><span class='ocrx_word' id='word_1_40' title='bbox 223 1015 296 1110; x_wconf 85' lang='grc' dir='ltr'><strong><em>ήτι</em></strong></span> <span class='ocrx_word' id='word_1_41' title='bbox 319 1016 398 1094; x_wconf 72' lang='lat' dir='ltr'><strong><em>duo</em></strong></span> <span class='ocrx_word' id='word_1_42' title='bbox 421 1023 601 1113; x_wconf 77' lang='grc' dir='ltr'><strong><em>προσώπου</em></strong></span> <span class='ocrx_word' id='word_1_43' title='bbox 623 1014 707 1112; x_wconf 77' lang='grc' dir='ltr'><strong><em>ήθος</em></strong></span> <span class='ocrx_word' id='word_1_44' title='bbox 728 1030 887 1113; x_wconf 78' lang='grc' dir='ltr'><strong><em>μιμῆται,</em></strong></span> <span class='ocrx_word' id='word_1_45' title='bbox 919 1017 940 1111; x_wconf 62' lang='lat' dir='ltr'><strong><em>&#39;u‘</em></strong></span> <span class='ocrx_word' id='word_1_46' title='bbox 962 1023 1017 1090; x_wconf 86' lang='grc' dir='ltr'><strong><em>καὶ</em></strong></span> <span class='ocrx_word' id='word_1_47' title='bbox 1040 1017 1137 1103; x_wconf 78' lang='grc' dir='ltr'><strong><em>αὐτὸς</em></strong></span> <span class='ocrx_word' id='word_1_48' title='bbox 1159 1016 1216 1111; x_wconf 74' lang='grc' dir='ltr'><strong><em>ἀφ’</em></strong></span> <span class='ocrx_word' id='word_1_49' title='bbox 1241 1017 1356 1088; x_wconf 72' lang='grc' dir='ltr'><strong><em>ἑαυτοῦ</em></strong></span> <span class='ocrx_word' id='word_1_50' title='bbox 1378 1045 1447 1087; x_wconf 90' lang='grc' dir='ltr'><strong><em>τοι-</em></strong></span> 
     </span>
     <span class='ocr_line' id='line_1_7' title="bbox 225 1120 1447 1217; baseline -0.003 -25"><span class='ocrx_word' id='word_1_51' title='bbox 225 1123 297 1193; x_wconf 84' lang='grc' dir='ltr'><strong><em>όνδε</em></strong></span> <span class='ocrx_word' id='word_1_52' title='bbox 322 1151 357 1194; x_wconf 89' lang='grc' dir='ltr'><strong><em>τι</em></strong></span> <span class='ocrx_word' id='word_1_53' title='bbox 380 1121 402 1215; x_wconf 75' lang='grc' dir='ltr'><strong><em>’ή</em></strong></span> <span class='ocrx_word' id='word_1_54' title='bbox 428 1126 557 1196; x_wconf 88' lang='grc' dir='ltr'><strong><em>τοιόνδε</em></strong></span> <span class='ocrx_word' id='word_1_55' title='bbox 582 1134 721 1217; x_wconf 77' lang='grc' dir='ltr'><strong><em>πρᾶγμα</em></strong></span> <span class='ocrx_word' id='word_1_56' title='bbox 749 1127 934 1216; x_wconf 78' lang='grc' dir='ltr'><strong><em>ἐξαγγέλλη,</em></strong></span> <span class='ocrx_word' id='word_1_57' title='bbox 965 1120 1146 1215; x_wconf 80' lang='grc' dir='ltr'><strong><em>ἀνάγκη..</em></strong></span> <span class='ocrx_word' id='word_1_58' title='bbox 1171 1175 1178 1190; x_wconf 94' lang='grc'><strong>.</strong></span> <span class='ocrx_word' id='word_1_59' title='bbox 1202 1123 1348 1192; x_wconf 74' lang='grc' dir='ltr'><strong><em>ἐνταῦθα</em></strong></span> <span class='ocrx_word' id='word_1_60' title='bbox 1376 1173 1384 1190; x_wconf 93' lang='grc'><strong>.</strong></span> <span class='ocrx_word' id='word_1_61' title='bbox 1408 1173 1415 1188; x_wconf 95' lang='grc'><strong>.</strong></span> <span class='ocrx_word' id='word_1_62' title='bbox 1440 1171 1447 1188; x_wconf 94' lang='grc'><strong>.</strong></span> 
     </span>
     <span class='ocr_line' id='line_1_8' title="bbox 226 1225 1448 1321; baseline -0.002 -27"><span class='ocrx_word' id='word_1_63' title='bbox 226 1227 381 1314; x_wconf 76' lang='grc' dir='ltr'><strong><em>γίνεσθαι</em></strong></span> <span class='ocrx_word' id='word_1_64' title='bbox 415 1281 423 1297; x_wconf 92' lang='grc'><strong><em>.</em></strong></span> <span class='ocrx_word' id='word_1_65' title='bbox 446 1281 453 1298; x_wconf 92' lang='grc'><strong>.</strong></span> <span class='ocrx_word' id='word_1_66' title='bbox 477 1281 485 1296; x_wconf 93' lang='grc'><strong>.</strong></span> <span class='ocrx_word' id='word_1_67' title='bbox 521 1227 583 1298; x_wconf 78' lang='grc' dir='ltr'><strong><em>ὅσα</em></strong></span> <span class='ocrx_word' id='word_1_68' title='bbox 610 1226 681 1318; x_wconf 81' lang='grc' dir='ltr'><strong><em>ε’ίδη</em></strong></span> <span class='ocrx_word' id='word_1_69' title='bbox 703 1235 838 1321; x_wconf 72' lang='grc' dir='ltr'><strong><em>ῥυθμῶν</em></strong></span> <span class='ocrx_word' id='word_1_70' title='bbox 858 1229 969 1297; x_wconf 80' lang='grc' dir='ltr'><strong><em>τεκαὶ</em></strong></span> <span class='ocrx_word' id='word_1_71' title='bbox 992 1226 1095 1317; x_wconf 91' lang='grc' dir='ltr'><strong><em>λόγων</em></strong></span> <span class='ocrx_word' id='word_1_72' title='bbox 1116 1227 1273 1315; x_wconf 74' lang='grc' dir='ltr'><strong><em>ἐλέγομεν.</em></strong></span> <span class='ocrx_word' id='word_1_73' title='bbox 1294 1234 1388 1295; x_wconf 84' lang='grc' dir='ltr'><strong><em>τοῦτο</em></strong></span> <span class='ocrx_word' id='word_1_74' title='bbox 1410 1225 1448 1292; x_wconf 78' lang='grc' dir='ltr'><strong><em>δὲ</em></strong></span> 
     </span>
     <span class='ocr_line' id='line_1_9' title="bbox 225 1326 1449 1421; baseline -0.002 -23"><span class='ocrx_word' id='word_1_75' title='bbox 225 1328 393 1418; x_wconf 76' lang='grc' dir='ltr'><strong><em>συμβαίνει</em></strong></span> <span class='ocrx_word' id='word_1_76' title='bbox 411 1332 558 1418; x_wconf 88' lang='grc' dir='ltr'><strong><em>μάλιστα</em></strong></span> <span class='ocrx_word' id='word_1_77' title='bbox 580 1334 641 1418; x_wconf 77' lang='grc' dir='ltr'><strong><em>μὲν</em></strong></span> <span class='ocrx_word' id='word_1_78' title='bbox 661 1335 715 1401; x_wconf 84' lang='grc' dir='ltr'><strong><em>καὶ</em></strong></span> <span class='ocrx_word' id='word_1_79' title='bbox 740 1326 848 1402; x_wconf 83' lang='grc' dir='ltr'><strong><em>διὰτὸ</em></strong></span> <span class='ocrx_word' id='word_1_80' title='bbox 870 1334 1001 1421; x_wconf 73' lang='grc' dir='ltr'><strong><em>πλῆθος</em></strong></span> <span class='ocrx_word' id='word_1_81' title='bbox 1022 1338 1085 1398; x_wconf 93' lang='grc' dir='ltr'><strong><em>τῶν</em></strong></span> <span class='ocrx_word' id='word_1_82' title='bbox 1106 1335 1163 1398; x_wconf 81' lang='grc' dir='ltr'><strong><em>τοῦ</em></strong></span> <span class='ocrx_word' id='word_1_83' title='bbox 1178 1328 1354 1418; x_wconf 69' lang='grc' dir='ltr'><strong><em>ἑξαμέτρου</em></strong></span> <span class='ocrx_word' id='word_1_84' title='bbox 1371 1349 1449 1417; x_wconf 88' lang='grc' dir='ltr'><strong><em>σχη-</em></strong></span> 
     </span>
     <span class='ocr_line' id='line_1_10' title="bbox 222 1429 1449 1525; baseline -0.004 -24"><span class='ocrx_word' id='word_1_85' title='bbox 222 1433 334 1518; x_wconf 83' lang='grc' dir='ltr'><strong><em>μάτων</em></strong></span> <span class='ocrx_word' id='word_1_86' title='bbox 354 1432 438 1519; x_wconf 79' lang='grc' dir='ltr'><strong><em>(ἔστι</em></strong></span> <span class='ocrx_word' id='word_1_87' title='bbox 461 1430 521 1525; x_wconf 85' lang='grc' dir='ltr'><strong><em>γάρ</em></strong></span> <span class='ocrx_word' id='word_1_88' title='bbox 542 1432 639 1504; x_wconf 78' lang='grc' dir='ltr'><strong><em>αὐτοῦ</em></strong></span> <span class='ocrx_word' id='word_1_89' title='bbox 661 1434 811 1525; x_wconf 88' lang='grc' dir='ltr'><strong><em>σχήματα</em></strong></span> <span class='ocrx_word' id='word_1_90' title='bbox 828 1430 884 1502; x_wconf 85' lang='grc' dir='ltr'><strong><em>δύο</em></strong></span> <span class='ocrx_word' id='word_1_91' title='bbox 906 1435 960 1501; x_wconf 83' lang='grc' dir='ltr'><strong><em>καὶ</em></strong></span> <span class='ocrx_word' id='word_1_92' title='bbox 978 1433 1156 1522; x_wconf 86' lang='grc' dir='ltr'><strong><em>τριάκοντα,</em></strong></span> <span class='ocrx_word' id='word_1_93' title='bbox 1180 1429 1223 1514; x_wconf 86' lang='grc' dir='ltr'><strong><em>ῶς</em></strong></span> <span class='ocrx_word' id='word_1_94' title='bbox 1238 1431 1449 1501; x_wconf 80' lang='grc' dir='ltr'><strong><em>διδάσκουσιν</em></strong></span> 
     </span>
     <span class='ocr_line' id='line_1_11' title="bbox 224 1532 1449 1626; baseline -0.003 -22"><span class='ocrx_word' id='word_1_95' title='bbox 224 1532 310 1624; x_wconf 80' lang='grc' dir='ltr'><strong><em>ἡμᾶς</em></strong></span> <span class='ocrx_word' id='word_1_96' title='bbox 332 1534 362 1605; x_wconf 76' lang='grc' dir='ltr'><strong><em>οἳ</em></strong></span> <span class='ocrx_word' id='word_1_97' title='bbox 391 1537 611 1626; x_wconf 82' lang='grc' dir='ltr'><strong><em>γραμματικοί</em></strong></span> <span class='ocrx_word' id='word_1_98' title='bbox 634 1543 782 1624; x_wconf 86' lang='lat' dir='ltr'><strong>[quorum</strong></span> <span class='ocrx_word' id='word_1_99' title='bbox 805 1540 1102 1606; x_wconf 88' lang='lat' dir='ltr'><strong>commentariorum</strong></span> <span class='ocrx_word' id='word_1_100' title='bbox 1126 1541 1329 1623; x_wconf 86' lang='lat' dir='ltr'><strong>conspectum</strong></span> <span class='ocrx_word' id='word_1_101' title='bbox 1350 1537 1449 1601; x_wconf 87' lang='lat' dir='ltr'><strong>hahes</strong></span> 
     </span>
     <span class='ocr_line' id='line_1_12' title="bbox 225 1640 1449 1728; baseline -0.002 -23"><span class='ocrx_word' id='word_1_102' title='bbox 225 1643 257 1706; x_wconf 91' lang='lat' dir='ltr'><strong><em>in</em></strong></span> <span class='ocrx_word' id='word_1_103' title='bbox 281 1643 492 1710; x_wconf 86' lang='lat' dir='ltr'><strong>Studemnndi</strong></span> <span class='ocrx_word' id='word_1_104' title='bbox 525 1646 641 1710; x_wconf 85' lang='lat' dir='ltr'><strong>Aneed.</strong></span> <span class='ocrx_word' id='word_1_105' title='bbox 664 1645 737 1710; x_wconf 88' lang='lat' dir='ltr'><strong>Var.</strong></span> <span class='ocrx_word' id='word_1_106' title='bbox 760 1647 819 1710; x_wconf 88' lang='lat' dir='ltr'><strong>vol.</strong></span> <span class='ocrx_word' id='word_1_107' title='bbox 843 1644 859 1707; x_wconf 96' lang='grc' dir='ltr'><strong>Ι</strong></span> <span class='ocrx_word' id='word_1_108' title='bbox 881 1665 910 1728; x_wconf 92' lang='lat' dir='ltr'><strong><em>p.</em></strong></span> <span class='ocrx_word' id='word_1_109' title='bbox 936 1643 1029 1726; x_wconf 83' lang='grc'>186])</span> <span class='ocrx_word' id='word_1_110' title='bbox 1062 1641 1161 1724; x_wconf 56' lang='lat' dir='ltr'><strong>sela)</strong></span> <span class='ocrx_word' id='word_1_111' title='bbox 1210 1640 1312 1721; x_wconf 80' lang='lat' dir='ltr'><strong>Quem</strong></span> <span class='ocrx_word' id='word_1_112' title='bbox 1345 1641 1449 1703; x_wconf 92' lang='lat' dir='ltr'><strong>looum</strong></span> 
     </span>
     <span class='ocr_line' id='line_1_13' title="bbox 226 1737 1448 1832; baseline -0.003 -24"><span class='ocrx_word' id='word_1_113' title='bbox 226 1743 359 1812; x_wconf 88' lang='lat' dir='ltr'><strong>Ioannes</strong></span> <span class='ocrx_word' id='word_1_114' title='bbox 383 1747 444 1812; x_wconf 87' lang='lat' dir='ltr'><strong>Sic.</strong></span> <span class='ocrx_word' id='word_1_115' title='bbox 467 1748 517 1812; x_wconf 92' lang='lat' dir='ltr'><strong><em>his</em></strong></span> <span class='ocrx_word' id='word_1_116' title='bbox 540 1749 689 1832; x_wconf 80' lang='lat' dir='ltr'><strong>exemplis</strong></span> <span class='ocrx_word' id='word_1_117' title='bbox 712 1745 1059 1824; x_wconf 84' lang='lat' dir='ltr'><strong>illustrotV1492‚6:</strong></span> <span class='ocrx_word' id='word_1_118' title='bbox 1082 1738 1121 1810; x_wconf 77' lang='grc' dir='ltr'><strong><em>διν</em></strong></span> <span class='ocrx_word' id='word_1_119' title='bbox 1142 1742 1204 1828; x_wconf 79' lang='grc' dir='ltr'><strong><em>μὲν</em></strong></span> <span class='ocrx_word' id='word_1_120' title='bbox 1226 1737 1396 1831; x_wconf 82' lang='grc' dir='ltr'><strong><em>είσάγηιαί</em></strong></span> <span class='ocrx_word' id='word_1_121' title='bbox 1416 1763 1448 1805; x_wconf 88' lang='grc' dir='ltr'><strong><em>τι</em></strong></span> 
     </span>
     <span class='ocr_line' id='line_1_14' title="bbox 225 1839 1449 1934; baseline -0.004 -22"><span class='ocrx_word' id='word_1_122' title='bbox 225 1844 342 1929; x_wconf 80' lang='grc' dir='ltr'><strong><em>τάχους</em></strong></span> <span class='ocrx_word' id='word_1_123' title='bbox 365 1845 518 1932; x_wconf 85' lang='grc' dir='ltr'><strong><em>δεόμενον</em></strong></span> <span class='ocrx_word' id='word_1_124' title='bbox 539 1842 578 1914; x_wconf 82' lang='lat' dir='ltr'><strong><em>cd</em></strong></span> <span class='ocrx_word' id='word_1_125' title='bbox 601 1847 731 1932; x_wconf 74' lang='grc' dir='ltr'><strong><em>πάθος,</em></strong></span> <span class='ocrx_word' id='word_1_126' title='bbox 762 1843 780 1916; x_wconf 89' lang='grc' dir='ltr'>ὁ</span> <span class='ocrx_word' id='word_1_127' title='bbox 801 1845 896 1934; x_wconf 86' lang='grc' dir='ltr'><strong><em>λόγος</em></strong></span> <span class='ocrx_word' id='word_1_128' title='bbox 917 1851 1068 1932; x_wconf 80' lang='grc' dir='ltr'><strong><em>μιμεῖται</em></strong></span> <span class='ocrx_word' id='word_1_129' title='bbox 1090 1839 1175 1912; x_wconf 81' lang='grc' dir='ltr'><strong><em>κατὰ</em></strong></span> <span class='ocrx_word' id='word_1_130' title='bbox 1196 1842 1256 1932; x_wconf 80' lang='grc' dir='ltr'><strong><em>τὴν</em></strong></span> <span class='ocrx_word' id='word_1_131' title='bbox 1278 1842 1449 1930; x_wconf 82' lang='grc' dir='ltr'><strong><em>ἐνέργειαν,</em></strong></span> 
     </span>
     <span class='ocr_line' id='line_1_15' title="bbox 226 1945 816 2038; baseline 0 -22"><span class='ocrx_word' id='word_1_132' title='bbox 226 1950 281 2016; x_wconf 84' lang='grc' dir='ltr'><strong><em>καὶ</em></strong></span> <span class='ocrx_word' id='word_1_133' title='bbox 307 1945 325 2016; x_wconf 86' lang='grc' dir='ltr'>ὁ</span> <span class='ocrx_word' id='word_1_134' title='bbox 348 1946 460 2033; x_wconf 83' lang='grc' dir='ltr'><strong><em>στίχος</em></strong></span> <span class='ocrx_word' id='word_1_135' title='bbox 482 1945 577 2017; x_wconf 75' lang='grc' dir='ltr'><strong><em>ἔσται</em></strong></span> <span class='ocrx_word' id='word_1_136' title='bbox 599 1949 816 2038; x_wconf 86' lang='grc' dir='ltr'><strong><em>μονόσχημος·</em></strong></span> 
     </span>
     <span class='ocr_line' id='line_1_16' title="bbox 229 2045 1449 2141; baseline -0.005 -23"><span class='ocrx_word' id='word_1_137' title='bbox 229 2049 259 2120; x_wconf 76' lang='lat' dir='ltr'><strong><em>oi</em></strong></span> <span class='ocrx_word' id='word_1_138' title='bbox 284 2052 321 2119; x_wconf 81' lang='grc' dir='ltr'><strong><em>δὲ</em></strong></span> <span class='ocrx_word' id='word_1_139' title='bbox 346 2055 416 2137; x_wconf 79' lang='lat' dir='ltr'><strong>(sic)</strong></span> <span class='ocrx_word' id='word_1_140' title='bbox 438 2051 528 2120; x_wconf 81' lang='grc' dir='ltr'><strong><em>λάκοι</em></strong></span> <span class='ocrx_word' id='word_1_141' title='bbox 547 2055 614 2125; x_wconf 75' lang='lat' dir='ltr'><strong>(re)</strong></span> <span class='ocrx_word' id='word_1_142' title='bbox 633 2053 687 2121; x_wconf 86' lang='grc' dir='ltr'><strong><em>καὶ</em></strong></span> <span class='ocrx_word' id='word_1_143' title='bbox 710 2046 802 2140; x_wconf 74' lang='grc' dir='ltr'><strong><em>’άρνες</em></strong></span> <span class='ocrx_word' id='word_1_144' title='bbox 824 2048 991 2141; x_wconf 80' lang='grc' dir='ltr'><strong><em>ὁμόφρονα</em></strong></span> <span class='ocrx_word' id='word_1_145' title='bbox 1012 2045 1121 2136; x_wconf 74' lang='grc' dir='ltr'><strong><em>θυμὸν</em></strong></span> <span class='ocrx_word' id='word_1_146' title='bbox 1144 2045 1272 2133; x_wconf 76' lang='grc' dir='ltr'><strong><em>ἔχουσιν</em></strong></span> <span class='ocrx_word' id='word_1_147' title='bbox 1294 2053 1345 2131; x_wconf 91' lang='grc' dir='ltr'><strong><em>(Χ</em></strong></span> <span class='ocrx_word' id='word_1_148' title='bbox 1364 2049 1449 2130; x_wconf 88' lang='grc'>263).</span> 
     </span>
     <span class='ocr_line' id='line_1_17' title="bbox 227 2145 1450 2244; baseline -0.004 -24"><span class='ocrx_word' id='word_1_149' title='bbox 227 2150 257 2220; x_wconf 84' lang='grc' dir='ltr'><strong><em>εί</em></strong></span> <span class='ocrx_word' id='word_1_150' title='bbox 279 2154 316 2221; x_wconf 77' lang='grc' dir='ltr'><strong><em>δὲ</em></strong></span> <span class='ocrx_word' id='word_1_151' title='bbox 339 2148 453 2242; x_wconf 84' lang='grc' dir='ltr'><strong><em>άργίαν</em></strong></span> <span class='ocrx_word' id='word_1_152' title='bbox 472 2155 561 2237; x_wconf 88' lang='grc' dir='ltr'><strong><em>τινά,</em></strong></span> <span class='ocrx_word' id='word_1_153' title='bbox 595 2155 798 2244; x_wconf 83' lang='grc' dir='ltr'><strong><em>μονόσχημος</em></strong></span> <span class='ocrx_word' id='word_1_154' title='bbox 818 2155 891 2241; x_wconf 82' lang='grc' dir='ltr'><strong><em>μέν,</em></strong></span> <span class='ocrx_word' id='word_1_155' title='bbox 919 2153 1116 2240; x_wconf 79' lang='grc' dir='ltr'><strong><em>μιμούμενος</em></strong></span> <span class='ocrx_word' id='word_1_156' title='bbox 1144 2154 1181 2220; x_wconf 79' lang='grc' dir='ltr'><strong><em>δὲ</em></strong></span> <span class='ocrx_word' id='word_1_157' title='bbox 1203 2145 1349 2242; x_wconf 73' lang='grc' dir='ltr'><strong><em>τὴντῶν</em></strong></span> <span class='ocrx_word' id='word_1_158' title='bbox 1375 2151 1450 2218; x_wconf 91' lang='grc' dir='ltr'><strong><em>δια-</em></strong></span> 
     </span>
    </p>

    <p class='ocr_par' dir='ltr' id='par_1_3' title="bbox 177 2251 1270 2551">
     <span class='ocr_line' id='line_1_18' title="bbox 227 2251 825 2344; baseline 0.003 -20"><span class='ocrx_word' id='word_1_159' title='bbox 227 2257 406 2344; x_wconf 74' lang='grc' dir='ltr'><strong><em>λεγομένων</em></strong></span> <span class='ocrx_word' id='word_1_160' title='bbox 429 2256 543 2326; x_wconf 79' lang='grc' dir='ltr'><strong><em>στάσιν</em></strong></span> <span class='ocrx_word' id='word_1_161' title='bbox 564 2259 619 2326; x_wconf 89' lang='grc' dir='ltr'><strong><em>καί</em></strong></span> <span class='ocrx_word' id='word_1_162' title='bbox 640 2252 678 2325; x_wconf 89' lang='grc' dir='ltr'><strong><em>τδ</em></strong></span> <span class='ocrx_word' id='word_1_163' title='bbox 701 2251 825 2326; x_wconf 66' lang='lat' dir='ltr'><strong>dcem·</strong></span> 
     </span>
     <span class='ocr_line' id='line_1_19' title="bbox 177 2349 1270 2451; baseline -0.002 -25"><span class='ocrx_word' id='word_1_164' title='bbox 177 2349 180 2356; x_wconf 47' lang='grc'><strong>’</strong></span> <span class='ocrx_word' id='word_1_165' title='bbox 406 2354 452 2426; x_wconf 87' lang='grc' dir='ltr'><strong><em>τῶ</em></strong></span> <span class='ocrx_word' id='word_1_166' title='bbox 474 2355 503 2427; x_wconf 71' lang='grc' dir='ltr'><strong><em>δ’</em></strong></span> <span class='ocrx_word' id='word_1_167' title='bbox 521 2361 554 2428; x_wconf 75' lang='grc' dir='ltr'><strong><em>ἐν</em></strong></span> <span class='ocrx_word' id='word_1_168' title='bbox 576 2361 736 2451; x_wconf 78' lang='grc' dir='ltr'><strong><em>Μεσσήνῃ</em></strong></span> <span class='ocrx_word' id='word_1_169' title='bbox 759 2359 940 2450; x_wconf 83' lang='grc' dir='ltr'><strong><em>ξυμβλήτην</em></strong></span> <span class='ocrx_word' id='word_1_170' title='bbox 961 2355 1128 2447; x_wconf 90' lang='grc' dir='ltr'><strong><em>άλλήλοιιν</em></strong></span> <span class='ocrx_word' id='word_1_171' title='bbox 1150 2369 1187 2448; x_wconf 78' lang='grc' dir='ltr'><strong><em>(φ</em></strong></span> <span class='ocrx_word' id='word_1_172' title='bbox 1211 2364 1270 2441; x_wconf 85' lang='grc'><strong>15).</strong></span> 
     </span>
     <span class='ocr_line' id='line_1_20' title="bbox 227 2457 872 2551; baseline 0.002 -23"><span class='ocrx_word' id='word_1_173' title='bbox 227 2460 257 2528; x_wconf 82' lang='grc' dir='ltr'><strong><em>εί</em></strong></span> <span class='ocrx_word' id='word_1_174' title='bbox 280 2461 316 2529; x_wconf 81' lang='grc' dir='ltr'><strong><em>δὲ</em></strong></span> <span class='ocrx_word' id='word_1_175' title='bbox 342 2462 398 2529; x_wconf 81' lang='grc' dir='ltr'><strong><em>καὶ</em></strong></span> <span class='ocrx_word' id='word_1_176' title='bbox 420 2457 476 2531; x_wconf 85' lang='grc' dir='ltr'><strong><em>τὸν</em></strong></span> <span class='ocrx_word' id='word_1_177' title='bbox 497 2459 657 2531; x_wconf 77' lang='grc' dir='ltr'><strong><em>ὑπνοῦντά</em></strong></span> <span class='ocrx_word' id='word_1_178' title='bbox 677 2489 728 2543; x_wconf 87' lang='grc' dir='ltr'><strong><em>τις</em></strong></span> <span class='ocrx_word' id='word_1_179' title='bbox 749 2460 872 2551; x_wconf 89' lang='grc' dir='ltr'><strong><em>καλοίη,</em></strong></span> 
     </span>
    </p>

    <p class='ocr_par' dir='ltr' id='par_1_4' title="bbox 369 2562 1309 2654">
     <span class='ocr_line' id='line_1_21' title="bbox 369 2562 1309 2654; baseline -0.002 -22"><span class='ocrx_word' id='word_1_180' title='bbox 369 2562 470 2646; x_wconf 71' lang='grc' dir='ltr'><strong><em>εὕδεις</em></strong></span> <span class='ocrx_word' id='word_1_181' title='bbox 494 2566 645 2649; x_wconf 60' lang='grc' dir='ltr'><strong><em>Τυδέοςῖ)</em></strong></span> <span class='ocrx_word' id='word_1_182' title='bbox 665 2563 715 2634; x_wconf 71' lang='lat' dir='ltr'><strong>vie</strong></span> <span class='ocrx_word' id='word_1_183' title='bbox 737 2565 914 2654; x_wconf 82' lang='grc' dir='ltr'><strong><em>δαΐφρονος</em></strong></span> <span class='ocrx_word' id='word_1_184' title='bbox 937 2563 1145 2650; x_wconf 75' lang='grc' dir='ltr'><strong><em>ἱπποδάμοιο</em></strong></span> <span class='ocrx_word' id='word_1_185' title='bbox 1176 2569 1220 2648; x_wconf 91' lang='grc' dir='ltr'><strong><em>(Β</em></strong></span> <span class='ocrx_word' id='word_1_186' title='bbox 1243 2569 1309 2649; x_wconf 89' lang='grc'>23)·</span> 
     </span>
    </p>

    <p class='ocr_par' dir='ltr' id='par_1_5' title="bbox 227 2662 1453 2964">
     <span class='ocr_line' id='line_1_22' title="bbox 227 2662 1452 2758; baseline -0.002 -23"><span class='ocrx_word' id='word_1_187' title='bbox 227 2663 306 2758; x_wconf 77' lang='grc' dir='ltr'><strong><em>ὁρᾷς</em></strong></span> <span class='ocrx_word' id='word_1_188' title='bbox 334 2674 405 2749; x_wconf 87' lang='grc' dir='ltr'><strong><em>πῶς</em></strong></span> <span class='ocrx_word' id='word_1_189' title='bbox 433 2665 582 2753; x_wconf 86' lang='grc' dir='ltr'><strong><em>δστίχος</em></strong></span> <span class='ocrx_word' id='word_1_190' title='bbox 606 2675 757 2756; x_wconf 88' lang='grc' dir='ltr'><strong><em>μιμεῖται</em></strong></span> <span class='ocrx_word' id='word_1_191' title='bbox 788 2664 847 2758; x_wconf 81' lang='grc' dir='ltr'><strong><em>τὴν</em></strong></span> <span class='ocrx_word' id='word_1_192' title='bbox 878 2669 915 2750; x_wconf 77' lang='grc' dir='ltr'><strong><em>ἐξ</em></strong></span> <span class='ocrx_word' id='word_1_193' title='bbox 943 2666 1046 2736; x_wconf 70' lang='grc' dir='ltr'><strong><em>ὕπνου</em></strong></span> <span class='ocrx_word' id='word_1_194' title='bbox 1067 2665 1193 2757; x_wconf 76' lang='grc' dir='ltr'><strong><em>ἔγερσιν</em></strong></span> <span class='ocrx_word' id='word_1_195' title='bbox 1221 2662 1291 2735; x_wconf 85' lang='grc' dir='ltr'><strong><em>άπὸ</em></strong></span> <span class='ocrx_word' id='word_1_196' title='bbox 1320 2673 1452 2754; x_wconf 82' lang='grc' dir='ltr'><strong><em>μακρῶν</em></strong></span> 
     </span>
     <span class='ocr_line' id='line_1_23' title="bbox 228 2763 1453 2860; baseline -0.001 -22"><span class='ocrx_word' id='word_1_197' title='bbox 228 2772 282 2839; x_wconf 86' lang='grc' dir='ltr'><strong><em>καὶ</em></strong></span> <span class='ocrx_word' id='word_1_198' title='bbox 308 2769 419 2860; x_wconf 84' lang='grc' dir='ltr'><strong><em>ὥσπερ</em></strong></span> <span class='ocrx_word' id='word_1_199' title='bbox 436 2767 618 2838; x_wconf 80' lang='grc' dir='ltr'><strong><em>ὖπνοάντων</em></strong></span> <span class='ocrx_word' id='word_1_200' title='bbox 644 2769 867 2860; x_wconf 56' lang='grc' dir='ltr'><strong><em>ἀρχόμενοςῧ)</em></strong></span> <span class='ocrx_word' id='word_1_201' title='bbox 895 2766 934 2838; x_wconf 74' lang='lat' dir='ltr'><strong><em>dv</em></strong></span> <span class='ocrx_word' id='word_1_202' title='bbox 961 2771 998 2838; x_wconf 81' lang='grc' dir='ltr'><strong><em>δέ</em></strong></span> <span class='ocrx_word' id='word_1_203' title='bbox 1019 2796 1072 2851; x_wconf 88' lang='grc' dir='ltr'><strong><em>τις</em></strong></span> <span class='ocrx_word' id='word_1_204' title='bbox 1093 2764 1271 2860; x_wconf 82' lang='grc' dir='ltr'><strong><em>ὀργίζηται,</em></strong></span> <span class='ocrx_word' id='word_1_205' title='bbox 1294 2763 1453 2860; x_wconf 53' lang='grc' dir='ltr'><strong><em>άμετραί)</em></strong></span> 
     </span>
     <span class='ocr_line' id='line_1_24' title="bbox 228 2867 716 2964; baseline 0.004 -24"><span class='ocrx_word' id='word_1_206' title='bbox 228 2873 283 2941; x_wconf 82' lang='grc' dir='ltr'><strong><em>καὶ</em></strong></span> <span class='ocrx_word' id='word_1_207' title='bbox 306 2867 477 2962; x_wconf 77' lang='grc' dir='ltr'><strong><em>ὑβριστικά</em></strong></span> <span class='ocrx_word' id='word_1_208' title='bbox 502 2875 579 2964; x_wconf 75' lang='grc' dir='ltr'><strong><em>δοκῇ</em></strong></span> <span class='ocrx_word' id='word_1_209' title='bbox 600 2874 716 2962; x_wconf 81' lang='grc' dir='ltr'><strong><em>λέγειν·</em></strong></span> 
     </span>
    </p>

    <p class='ocr_par' dir='ltr' id='par_1_6' title="bbox 228 2971 1455 3583">
     <span class='ocr_line' id='line_1_25' title="bbox 276 2971 1409 3066; baseline -0.002 -22"><span class='ocrx_word' id='word_1_210' title='bbox 276 2973 449 3064; x_wconf 78' lang='grc' dir='ltr'><strong><em>οἰνοβαρές,</em></strong></span> <span class='ocrx_word' id='word_1_211' title='bbox 473 2972 566 3059; x_wconf 86' lang='grc' dir='ltr'><strong><em>κυνὸς</em></strong></span> <span class='ocrx_word' id='word_1_212' title='bbox 587 2972 706 3064; x_wconf 72' lang='grc' dir='ltr'><strong><em>ὄμματ’</em></strong></span> <span class='ocrx_word' id='word_1_213' title='bbox 731 2973 820 3061; x_wconf 45' lang='lat' dir='ltr'><strong>thora,</strong></span> <span class='ocrx_word' id='word_1_214' title='bbox 843 2975 976 3066; x_wconf 86' lang='grc' dir='ltr'><strong><em>καρδίην</em></strong></span> <span class='ocrx_word' id='word_1_215' title='bbox 984 2983 1009 3060; x_wconf 75' lang='lat'><strong><em>⁶)</em></strong></span> <span class='ocrx_word' id='word_1_216' title='bbox 1031 2971 1060 3043; x_wconf 81' lang='grc' dir='ltr'><strong><em>τ’</em></strong></span> <span class='ocrx_word' id='word_1_217' title='bbox 1084 2976 1218 3065; x_wconf 80' lang='grc' dir='ltr'><strong><em>ἐλάφοιο</em></strong></span> <span class='ocrx_word' id='word_1_218' title='bbox 1241 2983 1295 3062; x_wconf 83' lang='grc' dir='ltr'><strong><em>(Α</em></strong></span> <span class='ocrx_word' id='word_1_219' title='bbox 1317 2982 1409 3060; x_wconf 84' lang='grc'><strong><em>225)·</em></strong></span> 
     </span>
     <span class='ocr_line' id='line_1_26' title="bbox 229 3074 1453 3170; baseline 0.003 -25"><span class='ocrx_word' id='word_1_220' title='bbox 229 3079 282 3146; x_wconf 82' lang='grc' dir='ltr'><strong><em>καί</em></strong></span> <span class='ocrx_word' id='word_1_221' title='bbox 306 3079 429 3146; x_wconf 72' lang='grc' dir='ltr'><strong><em>ἕκαστα</em></strong></span> <span class='ocrx_word' id='word_1_222' title='bbox 457 3080 494 3146; x_wconf 75' lang='grc' dir='ltr'><strong><em>δὲ</em></strong></span> <span class='ocrx_word' id='word_1_223' title='bbox 517 3080 627 3148; x_wconf 90' lang='grc' dir='ltr'><strong><em>πάντα</em></strong></span> <span class='ocrx_word' id='word_1_224' title='bbox 648 3077 750 3161; x_wconf 66' lang='grc' dir='ltr'><strong><em>οὕτως</em></strong></span> <span class='ocrx_word' id='word_1_225' title='bbox 777 3075 862 3167; x_wconf 86' lang='grc' dir='ltr'><strong><em>πρὸς</em></strong></span> <span class='ocrx_word' id='word_1_226' title='bbox 883 3074 1023 3168; x_wconf 87' lang='grc' dir='ltr'><strong><em>μιμητὸν</em></strong></span> <span class='ocrx_word' id='word_1_227' title='bbox 1046 3079 1228 3170; x_wconf 81' lang='grc' dir='ltr'><strong><em>ε’ξήσκηται.</em></strong></span> <span class='ocrx_word' id='word_1_228' title='bbox 1273 3085 1320 3149; x_wconf 90' lang='lat' dir='ltr'><strong><em>De</em></strong></span> <span class='ocrx_word' id='word_1_229' title='bbox 1343 3085 1453 3149; x_wconf 84' lang='lat' dir='ltr'><strong>eadem</strong></span> 
     </span>
     <span class='ocr_line' id='line_1_27' title="bbox 228 3183 1454 3270; baseline 0.001 -21"><span class='ocrx_word' id='word_1_230' title='bbox 228 3204 262 3250; x_wconf 90' lang='lat' dir='ltr'><strong><em>re</em></strong></span> <span class='ocrx_word' id='word_1_231' title='bbox 283 3184 368 3250; x_wconf 90' lang='lat' dir='ltr'><strong>idem</strong></span> <span class='ocrx_word' id='word_1_232' title='bbox 392 3187 516 3270; x_wconf 79' lang='lat' dir='ltr'><strong>scripsit</strong></span> <span class='ocrx_word' id='word_1_233' title='bbox 543 3189 639 3252; x_wconf 88' lang='lat' dir='ltr'><strong>verba</strong></span> <span class='ocrx_word' id='word_1_234' title='bbox 660 3187 867 3267; x_wconf 85' lang='lat' dir='ltr'><strong>Hermogenis</strong></span> <span class='ocrx_word' id='word_1_235' title='bbox 888 3183 974 3264; x_wconf 76' lang='grc' dir='ltr'><strong><em>λέξις</em></strong></span> <span class='ocrx_word' id='word_1_236' title='bbox 996 3183 1032 3250; x_wconf 73' lang='grc' dir='ltr'><strong><em>δι’</em></strong></span> <span class='ocrx_word' id='word_1_237' title='bbox 1056 3183 1155 3270; x_wconf 82' lang='grc' dir='ltr'><strong><em>σεμνή</em></strong></span> <span class='ocrx_word' id='word_1_238' title='bbox 1176 3190 1217 3270; x_wconf 89' lang='lat' dir='ltr'><strong><em>(p.</em></strong></span> <span class='ocrx_word' id='word_1_239' title='bbox 1233 3187 1305 3263; x_wconf 82' lang='grc'><strong><em>224,</em></strong></span> <span class='ocrx_word' id='word_1_240' title='bbox 1318 3189 1337 3250; x_wconf 92' lang='lat'>8</span> <span class='ocrx_word' id='word_1_241' title='bbox 1351 3187 1388 3250; x_wconf 87' lang='lat' dir='ltr'>W</span> <span class='ocrx_word' id='word_1_242' title='bbox 1412 3213 1454 3242; x_wconf 90' lang='lat'><strong><em>=</em></strong></span> 
     </span>
     <span class='ocr_line' id='line_1_28' title="bbox 230 3281 1454 3372; baseline 0.002 -22"><span class='ocrx_word' id='word_1_243' title='bbox 230 3288 301 3365; x_wconf 87' lang='grc'><strong><em>291,</em></strong></span> <span class='ocrx_word' id='word_1_244' title='bbox 331 3289 370 3350; x_wconf 91' lang='grc'><strong><em>12</em></strong></span> <span class='ocrx_word' id='word_1_245' title='bbox 400 3287 465 3372; x_wconf 89' lang='lat' dir='ltr'>Sp.)</span> <span class='ocrx_word' id='word_1_246' title='bbox 499 3290 709 3372; x_wconf 82' lang='lat' dir='ltr'><strong>explicaturus</strong></span> <span class='ocrx_word' id='word_1_247' title='bbox 735 3288 780 3351; x_wconf 94' lang='lat' dir='ltr'><strong><em>Vl</em></strong></span> <span class='ocrx_word' id='word_1_248' title='bbox 808 3290 959 3364; x_wconf 83' lang='grc'><strong><em>224,16;</em></strong></span> <span class='ocrx_word' id='word_1_249' title='bbox 994 3283 1108 3372; x_wconf 79' lang='grc' dir='ltr'><strong><em>ὥσπερ</em></strong></span> <span class='ocrx_word' id='word_1_250' title='bbox 1131 3339 1138 3352; x_wconf 93' lang='grc'><strong>.</strong></span> <span class='ocrx_word' id='word_1_251' title='bbox 1163 3338 1170 3352; x_wconf 96' lang='grc'><strong>.</strong></span> <span class='ocrx_word' id='word_1_252' title='bbox 1194 3339 1201 3353; x_wconf 96' lang='grc'><strong>.</strong></span> <span class='ocrx_word' id='word_1_253' title='bbox 1224 3283 1258 3354; x_wconf 76' lang='grc' dir='ltr'><strong><em>αἱ</em></strong></span> <span class='ocrx_word' id='word_1_254' title='bbox 1292 3281 1336 3354; x_wconf 83' lang='grc' dir='ltr'><strong><em>δι’</em></strong></span> <span class='ocrx_word' id='word_1_255' title='bbox 1370 3283 1454 3353; x_wconf 81' lang='grc' dir='ltr'><strong><em>ὅλων</em></strong></span> 
     </span>
     <span class='ocr_line' id='line_1_29' title="bbox 229 3383 1455 3478; baseline 0.001 -24"><span class='ocrx_word' id='word_1_256' title='bbox 229 3393 359 3477; x_wconf 85' lang='grc' dir='ltr'><strong><em>μακρῶν</em></strong></span> <span class='ocrx_word' id='word_1_257' title='bbox 383 3383 483 3478; x_wconf 84' lang='grc' dir='ltr'><strong><em>άργδν</em></strong></span> <span class='ocrx_word' id='word_1_258' title='bbox 503 3387 559 3455; x_wconf 88' lang='grc' dir='ltr'><strong><em>τὸν</em></strong></span> <span class='ocrx_word' id='word_1_259' title='bbox 581 3389 674 3476; x_wconf 91' lang='grc' dir='ltr'><strong><em>λόγον</em></strong></span> <span class='ocrx_word' id='word_1_260' title='bbox 690 3395 821 3457; x_wconf 70' lang='grc' dir='ltr'><strong><em>ποιοῦσι</em></strong></span> <span class='ocrx_word' id='word_1_261' title='bbox 839 3389 893 3456; x_wconf 82' lang='grc' dir='ltr'><strong><em>καί</em></strong></span> <span class='ocrx_word' id='word_1_262' title='bbox 913 3386 1112 3477; x_wconf 89' lang='grc' dir='ltr'><strong><em>δυσκίνητον,</em></strong></span> <span class='ocrx_word' id='word_1_263' title='bbox 1135 3386 1233 3469; x_wconf 77' lang='grc' dir='ltr'><strong><em>οίτως</em></strong></span> <span class='ocrx_word' id='word_1_264' title='bbox 1253 3386 1287 3456; x_wconf 74' lang='grc' dir='ltr'><strong><em>αἱ</em></strong></span> <span class='ocrx_word' id='word_1_265' title='bbox 1312 3385 1353 3457; x_wconf 81' lang='grc' dir='ltr'><strong><em>δι’</em></strong></span> <span class='ocrx_word' id='word_1_266' title='bbox 1372 3386 1455 3458; x_wconf 87' lang='grc' dir='ltr'><strong><em>ὅλων</em></strong></span> 
     </span>
     <span class='ocr_line' id='line_1_30' title="bbox 228 3491 1453 3583; baseline 0 -25"><span class='ocrx_word' id='word_1_267' title='bbox 228 3496 388 3580; x_wconf 84' lang='grc' dir='ltr'><strong><em>βραχειῶν</em></strong></span> <span class='ocrx_word' id='word_1_268' title='bbox 414 3498 472 3559; x_wconf 83' lang='grc' dir='ltr'><strong><em>τοῦ</em></strong></span> <span class='ocrx_word' id='word_1_269' title='bbox 494 3491 625 3574; x_wconf 84' lang='grc' dir='ltr'><strong><em>δέοντος</em></strong></span> <span class='ocrx_word' id='word_1_270' title='bbox 650 3492 846 3582; x_wconf 90' lang='grc' dir='ltr'><strong><em>γοργότερον.</em></strong></span> <span class='ocrx_word' id='word_1_271' title='bbox 871 3497 929 3559; x_wconf 82' lang='grc' dir='ltr'><strong><em>τοῑ1</em></strong></span> <span class='ocrx_word' id='word_1_272' title='bbox 955 3491 1016 3576; x_wconf 80' lang='grc' dir='ltr'><strong><em>μὲν</em></strong></span> <span class='ocrx_word' id='word_1_273' title='bbox 1039 3491 1199 3581; x_wconf 79' lang='grc' dir='ltr'><strong><em>προτέρου</em></strong></span> <span class='ocrx_word' id='word_1_274' title='bbox 1228 3491 1453 3583; x_wconf 87' lang='grc' dir='ltr'><strong><em>παράδειγμα·</em></strong></span> 
     </span>
    </p>
   </div>
   <div class='ocr_carea' id='block_1_3' title="bbox 232 3713 1457 4796">
    <p class='ocr_par' dir='ltr' id='par_1_7' title="bbox 232 3713 1457 4796">
     <span class='ocr_line' id='line_1_31' title="bbox 304 3713 1454 3785; baseline -0.001 -15"><span class='ocrx_word' id='word_1_275' title='bbox 304 3715 325 3783; x_wconf 92' lang='lat'><strong><em>¹)</em></strong></span> <span class='ocrx_word' id='word_1_276' title='bbox 344 3717 443 3784; x_wconf 83' lang='lat' dir='ltr'><strong>ltaque</strong></span> <span class='ocrx_word' id='word_1_277' title='bbox 469 3731 527 3770; x_wconf 92' lang='lat' dir='ltr'><strong><em>cum</em></strong></span> <span class='ocrx_word' id='word_1_278' title='bbox 547 3715 644 3785; x_wconf 89' lang='lat' dir='ltr'><strong>padum</strong></span> <span class='ocrx_word' id='word_1_279' title='bbox 670 3716 804 3771; x_wconf 81' lang='lat' dir='ltr'><strong>varietate</strong></span> <span class='ocrx_word' id='word_1_280' title='bbox 823 3716 963 3770; x_wconf 80' lang='lat' dir='ltr'><strong>schemata</strong></span> <span class='ocrx_word' id='word_1_281' title='bbox 984 3730 1076 3770; x_wconf 81' lang='lat' dir='ltr'><strong>versus</strong></span> <span class='ocrx_word' id='word_1_282' title='bbox 1104 3715 1204 3771; x_wconf 90' lang='lat' dir='ltr'><strong>heroici</strong></span> <span class='ocrx_word' id='word_1_283' title='bbox 1222 3713 1357 3780; x_wconf 82' lang='lat' dir='ltr'><strong>oriantur,</strong></span> <span class='ocrx_word' id='word_1_284' title='bbox 1384 3714 1454 3769; x_wconf 84' lang='lat' dir='ltr'><strong>salso</strong></span> 
     </span>
     <span class='ocr_line' id='line_1_32' title="bbox 232 3799 1455 3871; baseline -0.001 -18"><span class='ocrx_word' id='word_1_285' title='bbox 232 3805 316 3867; x_wconf 76' lang='lat' dir='ltr'><strong>negat</strong></span> <span class='ocrx_word' id='word_1_286' title='bbox 335 3799 450 3855; x_wconf 87' lang='lat' dir='ltr'><strong>loannes</strong></span> <span class='ocrx_word' id='word_1_287' title='bbox 469 3802 573 3856; x_wconf 84' lang='lat' dir='ltr'><strong>Siculus</strong></span> <span class='ocrx_word' id='word_1_288' title='bbox 596 3801 646 3871; x_wconf 91' lang='lat' dir='ltr'><strong><em>(Vl</em></strong></span> <span class='ocrx_word' id='word_1_289' title='bbox 664 3803 724 3869; x_wconf 76' lang='grc'><strong><em>491,</em></strong></span> <span class='ocrx_word' id='word_1_290' title='bbox 742 3803 787 3868; x_wconf 83' lang='grc'><strong><em>24)</em></strong></span> <span class='ocrx_word' id='word_1_291' title='bbox 815 3802 865 3856; x_wconf 91' lang='lat' dir='ltr'><strong><em>hoc</em></strong></span> <span class='ocrx_word' id='word_1_292' title='bbox 892 3802 951 3857; x_wconf 90' lang='lat' dir='ltr'><strong>loco</strong></span> <span class='ocrx_word' id='word_1_293' title='bbox 970 3802 1002 3855; x_wconf 94' lang='lat' dir='ltr'><strong><em>de</em></strong></span> <span class='ocrx_word' id='word_1_294' title='bbox 1026 3800 1139 3869; x_wconf 87' lang='lat' dir='ltr'><strong>pedibus</strong></span> <span class='ocrx_word' id='word_1_295' title='bbox 1158 3801 1355 3868; x_wconf 80' lang='lat' dir='ltr'><strong>Hermogenem</strong></span> <span class='ocrx_word' id='word_1_296' title='bbox 1383 3799 1455 3867; x_wconf 77' lang='lat' dir='ltr'><strong>cogi·</strong></span> 
     </span>
     <span class='ocr_line' id='line_1_33' title="bbox 233 3883 1409 3958; baseline 0.001 -20"><span class='ocrx_word' id='word_1_297' title='bbox 233 3889 316 3950; x_wconf 86' lang='lat' dir='ltr'><strong>tasse,</strong></span> <span class='ocrx_word' id='word_1_298' title='bbox 336 3899 499 3956; x_wconf 80' lang='lat' dir='ltr'><strong>quamquam</strong></span> <span class='ocrx_word' id='word_1_299' title='bbox 517 3905 570 3943; x_wconf 89' lang='lat' dir='ltr'><strong><em>non</em></strong></span> <span class='ocrx_word' id='word_1_300' title='bbox 589 3887 687 3956; x_wconf 88' lang='lat' dir='ltr'><strong>ubique</strong></span> <span class='ocrx_word' id='word_1_301' title='bbox 705 3893 821 3956; x_wconf 86' lang='lat' dir='ltr'><strong>possunt</strong></span> <span class='ocrx_word' id='word_1_302' title='bbox 839 3888 947 3955; x_wconf 86' lang='lat' dir='ltr'><strong>penitus</strong></span> <span class='ocrx_word' id='word_1_303' title='bbox 965 3886 1081 3941; x_wconf 86' lang='lat' dir='ltr'><strong>discerni</strong></span> <span class='ocrx_word' id='word_1_304' title='bbox 1099 3883 1238 3954; x_wconf 71' lang='grc' dir='ltr'><strong><em>ὀπήχησις</em></strong></span> <span class='ocrx_word' id='word_1_305' title='bbox 1255 3889 1283 3939; x_wconf 87' lang='lat' dir='ltr'><strong><em>et</em></strong></span> <span class='ocrx_word' id='word_1_306' title='bbox 1295 3883 1409 3958; x_wconf 73' lang='grc' dir='ltr'><strong><em>ῥυθμός.</em></strong></span> 
     </span>
     <span class='ocr_line' id='line_1_34' title="bbox 298 3969 610 4042; baseline -0.003 -16"><span class='ocrx_word' id='word_1_307' title='bbox 298 3973 320 4038; x_wconf 87' lang='lat'><strong><em>¹)</em></strong></span> <span class='ocrx_word' id='word_1_308' title='bbox 338 3969 450 4042; x_wconf 74' lang='grc' dir='ltr'><strong><em>Ἀτρεοε</em></strong></span> <span class='ocrx_word' id='word_1_309' title='bbox 468 3973 610 4027; x_wconf 85' lang='lat' dir='ltr'><strong>Homerus.</strong></span> 
     </span>
     <span class='ocr_line' id='line_1_35' title="bbox 299 4054 1455 4128; baseline -0.003 -16"><span class='ocrx_word' id='word_1_310' title='bbox 299 4057 320 4125; x_wconf 85' lang='lat'><strong><em>⁸)</em></strong></span> <span class='ocrx_word' id='word_1_311' title='bbox 340 4055 432 4113; x_wconf 86' lang='lat' dir='ltr'><strong>Somni</strong></span> <span class='ocrx_word' id='word_1_312' title='bbox 449 4057 581 4128; x_wconf 83' lang='lat' dir='ltr'><strong>rhythmis</strong></span> <span class='ocrx_word' id='word_1_313' title='bbox 600 4058 722 4114; x_wconf 84' lang='lat' dir='ltr'><strong>imitandi</strong></span> <span class='ocrx_word' id='word_1_314' title='bbox 746 4059 864 4112; x_wconf 88' lang='lat' dir='ltr'><strong>studium</strong></span> <span class='ocrx_word' id='word_1_315' title='bbox 882 4057 1082 4126; x_wconf 83' lang='lat' dir='ltr'><strong>agnoscendum</strong></span> <span class='ocrx_word' id='word_1_316' title='bbox 1107 4063 1150 4112; x_wconf 83' lang='lat' dir='ltr'><strong><em>est</em></strong></span> <span class='ocrx_word' id='word_1_317' title='bbox 1168 4059 1195 4111; x_wconf 94' lang='lat' dir='ltr'><strong><em>in</em></strong></span> <span class='ocrx_word' id='word_1_318' title='bbox 1213 4059 1334 4112; x_wconf 86' lang='lat' dir='ltr'><strong>versibus</strong></span> <span class='ocrx_word' id='word_1_319' title='bbox 1358 4054 1455 4110; x_wconf 79' lang='lat' dir='ltr'><strong>aPla·</strong></span> 
     </span>
     <span class='ocr_line' id='line_1_36' title="bbox 233 4132 1456 4216; baseline 0.002 -22"><span class='ocrx_word' id='word_1_320' title='bbox 233 4145 295 4195; x_wconf 77' lang='lat' dir='ltr'><strong>tone</strong></span> <span class='ocrx_word' id='word_1_321' title='bbox 313 4143 394 4197; x_wconf 79' lang='lat' dir='ltr'><strong>iactis</strong></span> <span class='ocrx_word' id='word_1_322' title='bbox 413 4144 534 4214; x_wconf 79' lang='lat' dir='ltr'><strong>Sympos.</strong></span> <span class='ocrx_word' id='word_1_323' title='bbox 548 4146 638 4199; x_wconf 78' lang='lat'><strong>1970:</strong></span> <span class='ocrx_word' id='word_1_324' title='bbox 658 4147 806 4212; x_wconf 70' lang='grc' dir='ltr'><strong><em>ἐπέρχεται</em></strong></span> <span class='ocrx_word' id='word_1_325' title='bbox 825 4141 856 4196; x_wconf 83' lang='grc' dir='ltr'><strong><em>δέ</em></strong></span> <span class='ocrx_word' id='word_1_326' title='bbox 871 4149 921 4211; x_wconf 81' lang='grc' dir='ltr'><strong><em>μοί</em></strong></span> <span class='ocrx_word' id='word_1_327' title='bbox 937 4162 964 4195; x_wconf 89' lang='grc' dir='ltr'><strong><em>τι</em></strong></span> <span class='ocrx_word' id='word_1_328' title='bbox 983 4147 1029 4194; x_wconf 79' lang='grc' dir='ltr'><strong><em>καὶ</em></strong></span> <span class='ocrx_word' id='word_1_329' title='bbox 1047 4146 1182 4216; x_wconf 75' lang='grc' dir='ltr'><strong><em>ἔμμετρον</em></strong></span> <span class='ocrx_word' id='word_1_330' title='bbox 1199 4145 1294 4210; x_wconf 80' lang='grc' dir='ltr'><strong><em>εἰπεῖν,</em></strong></span> <span class='ocrx_word' id='word_1_331' title='bbox 1314 4139 1358 4195; x_wconf 77' lang='grc' dir='ltr'><strong><em>ὅτι</em></strong></span> <span class='ocrx_word' id='word_1_332' title='bbox 1377 4132 1456 4196; x_wconf 64' lang='lat' dir='ltr'><strong>ehtde</strong></span> 
     </span>
     <span class='ocr_line' id='line_1_37' title="bbox 232 4227 635 4300; baseline 0.007 -22"><span class='ocrx_word' id='word_1_333' title='bbox 232 4230 309 4279; x_wconf 78' lang='grc' dir='ltr'><strong><em>ἐστιν</em></strong></span> <span class='ocrx_word' id='word_1_334' title='bbox 326 4231 376 4296; x_wconf 81' lang='lat' dir='ltr'><strong>(ac.</strong></span> <span class='ocrx_word' id='word_1_335' title='bbox 390 4227 490 4300; x_wconf 81' lang='grc' dir='ltr'><strong><em>Ἐρωε)</em></strong></span> <span class='ocrx_word' id='word_1_336' title='bbox 509 4229 524 4284; x_wconf 85' lang='grc' dir='ltr'><strong><em>δ</em></strong></span> <span class='ocrx_word' id='word_1_337' title='bbox 543 4231 635 4282; x_wconf 84' lang='grc' dir='ltr'><strong><em>ποιῶν</em></strong></span> 
     </span>
     <span class='ocr_line' id='line_1_38' title="bbox 476 4310 1194 4389; baseline -0.003 -23"><span class='ocrx_word' id='word_1_338' title='bbox 476 4315 586 4389; x_wconf 83' lang='grc' dir='ltr'><strong><em>εἰρήνην</em></strong></span> <span class='ocrx_word' id='word_1_339' title='bbox 600 4319 652 4385; x_wconf 70' lang='grc' dir='ltr'><strong><em>μὲν</em></strong></span> <span class='ocrx_word' id='word_1_340' title='bbox 669 4319 700 4366; x_wconf 78' lang='grc' dir='ltr'><strong><em>ἐν</em></strong></span> <span class='ocrx_word' id='word_1_341' title='bbox 716 4313 887 4388; x_wconf 72' lang='grc' dir='ltr'><strong><em>ἀνθρώποις,</em></strong></span> <span class='ocrx_word' id='word_1_342' title='bbox 901 4312 1013 4386; x_wconf 83' lang='grc' dir='ltr'><strong><em>πελάγει</em></strong></span> <span class='ocrx_word' id='word_1_343' title='bbox 1032 4312 1061 4367; x_wconf 78' lang='grc' dir='ltr'><strong><em>δὲ</em></strong></span> <span class='ocrx_word' id='word_1_344' title='bbox 1073 4310 1194 4385; x_wconf 78' lang='grc' dir='ltr'><strong><em>γαλήνην</em></strong></span> 
     </span>
     <span class='ocr_line' id='line_1_39' title="bbox 475 4397 1111 4472; baseline 0 -19"><span class='ocrx_word' id='word_1_345' title='bbox 475 4407 607 4471; x_wconf 73' lang='grc' dir='ltr'><strong><em>νηνεμίαν</em></strong></span> <span class='ocrx_word' id='word_1_346' title='bbox 623 4401 744 4470; x_wconf 80' lang='grc' dir='ltr'><strong><em>άνὲμων,</em></strong></span> <span class='ocrx_word' id='word_1_347' title='bbox 762 4406 840 4472; x_wconf 78' lang='grc' dir='ltr'><strong><em>κοίτη</em></strong></span> <span class='ocrx_word' id='word_1_348' title='bbox 858 4399 881 4453; x_wconf 76' lang='grc' dir='ltr'><strong><em>δ</em></strong></span> <span class='ocrx_word' id='word_1_349' title='bbox 895 4399 986 4452; x_wconf 71' lang='grc' dir='ltr'><strong><em>άπνον</em></strong></span> <span class='ocrx_word' id='word_1_350' title='bbox 1002 4397 1111 4466; x_wconf 83' lang='grc' dir='ltr'><strong><em>νηκηδῆ.</em></strong></span> 
     </span>
     <span class='ocr_line' id='line_1_40' title="bbox 298 4485 581 4555; baseline 0.007 -15"><span class='ocrx_word' id='word_1_351' title='bbox 298 4487 321 4554; x_wconf 84' lang='lat'><strong><em>⁴)</em></strong></span> <span class='ocrx_word' id='word_1_352' title='bbox 340 4485 374 4541; x_wconf 88' lang='lat' dir='ltr'><strong><em>V.</em></strong></span> <span class='ocrx_word' id='word_1_353' title='bbox 392 4501 476 4554; x_wconf 81' lang='lat' dir='ltr'><strong>supra</strong></span> <span class='ocrx_word' id='word_1_354' title='bbox 493 4503 520 4555; x_wconf 85' lang='lat' dir='ltr'><strong><em>p.</em></strong></span> <span class='ocrx_word' id='word_1_355' title='bbox 540 4489 581 4542; x_wconf 77' lang='lat' dir='ltr'><strong><em>sl.</em></strong></span> 
     </span>
     <span class='ocr_line' id='line_1_41' title="bbox 299 4569 1457 4645; baseline -0.001 -22"><span class='ocrx_word' id='word_1_356' title='bbox 299 4573 321 4640; x_wconf 73' lang='grc' dir='ltr'><strong><em>ι)</em></strong></span> <span class='ocrx_word' id='word_1_357' title='bbox 339 4569 455 4642; x_wconf 75' lang='grc' dir='ltr'><strong><em>κραδίην</em></strong></span> <span class='ocrx_word' id='word_1_358' title='bbox 472 4571 614 4628; x_wconf 82' lang='lat' dir='ltr'><strong>Homerus.</strong></span> <span class='ocrx_word' id='word_1_359' title='bbox 653 4573 728 4644; x_wconf 77' lang='lat' dir='ltr'><strong>Quod</strong></span> <span class='ocrx_word' id='word_1_360' title='bbox 741 4574 850 4629; x_wconf 83' lang='lat' dir='ltr'><strong>verbum</strong></span> <span class='ocrx_word' id='word_1_361' title='bbox 869 4573 892 4626; x_wconf 87' lang='lat' dir='ltr'><strong><em>ai</em></strong></span> <span class='ocrx_word' id='word_1_362' title='bbox 905 4572 1021 4626; x_wconf 83' lang='lat' dir='ltr'><strong>Ioannes</strong></span> <span class='ocrx_word' id='word_1_363' title='bbox 1033 4572 1154 4641; x_wconf 77' lang='lat' dir='ltr'><strong>legisset,</strong></span> <span class='ocrx_word' id='word_1_364' title='bbox 1172 4573 1217 4626; x_wconf 84' lang='lat' dir='ltr'><strong><em>rix</em></strong></span> <span class='ocrx_word' id='word_1_365' title='bbox 1229 4572 1323 4639; x_wconf 80' lang='lat' dir='ltr'><strong>potuit</strong></span> <span class='ocrx_word' id='word_1_366' title='bbox 1335 4571 1457 4645; x_wconf 75' lang='grc' dir='ltr'><strong><em>ἄμετρον</em></strong></span> 
     </span>
     <span class='ocr_line' id='line_1_42' title="bbox 234 4658 647 4715; baseline -0.002 -2"><span class='ocrx_word' id='word_1_367' title='bbox 234 4673 340 4713; x_wconf 83' lang='lat' dir='ltr'><strong>versam</strong></span> <span class='ocrx_word' id='word_1_368' title='bbox 360 4658 531 4715; x_wconf 84' lang='lat' dir='ltr'><strong>Homericum</strong></span> <span class='ocrx_word' id='word_1_369' title='bbox 550 4658 647 4714; x_wconf 88' lang='lat' dir='ltr'><strong>dicere.</strong></span> 
     </span>
     <span class='ocr_line' id='line_1_43' title="bbox 1228 4747 1246 4796; baseline 0 0"><span class='ocrx_word' id='word_1_370' title='bbox 1228 4747 1246 4796; x_wconf 80' lang='lat'>5</span> 
     </span>
    </p>
   </div>
   <div class='ocr_carea' id='block_1_4' title="bbox 0 0 1836 5240">
    <p class='ocr_par' dir='ltr' id='par_1_8' title="bbox 0 0 1836 5240">
     <span class='ocr_line' id='line_1_44' title="bbox 0 0 1836 5240; baseline 0 0"><span class='ocrx_word' id='word_1_371' title='bbox 0 0 1836 5240; x_wconf 95' lang='lat' dir='ltr'><strong><em> </em></strong></span> 
     </span>
    </p>
   </div>
  </div>
 </body>
</html>
