3598 5226
591 1337 1039 1444 APPENDIX.

204 1562 360 1627 VARIAE
398 1561 628 1628 LEC'HONES
663 1562 855 1628 CODICUII
888 1563 945 1626 AD
984 1560 1238 1628 SCRIPTORES
1275 1561 1330 1625 DE
1369 1561 1422 1626 RE

510 1682 694 1748 METRICA
717 1683 769 1746 ET
791 1683 846 1746 DE
870 1682 924 1746 RE
947 1681 1117 1760 MUSICA,

447 1799 558 1880 Quos
580 1802 731 1867 MECUII
754 1801 1181 1868 CDIIMUNICAVERUN'I

384 1975 586 2052 [toroldus
613 1974 708 2052 conl
738 1991 765 2055 11
791 1976 987 2053 torbernus
1014 1975 1240 2052 stabuntne.

370 2299 457 2417 §l
520 2298 608 2391 AD
649 2297 1259 2392 PSEUDDDRACDNEM

638 2463 694 2527 DE
717 2464 771 2528 RE
795 2460 989 2526 METRICA.

290 2633 580 2700 Pseudo-Draconis
613 2635 691 2699 liber
724 2635 849 2701 saeculo
883 2633 1011 2698 demum
1039 2632 1113 2698 XVI
1148 2635 1186 2698 ab
1220 2653 1282 2699 uno
1316 2654 1423 2699 eorum

205 2737 428 2805 Graeculorum
469 2737 658 2821 compositus
701 2737 843 2816 videtur,
887 2737 924 2802 de
963 2737 1076 2820 quibus
1119 2739 1210 2801 acute
1254 2738 1426 2820 disputavit

204 2840 323 2904 Paulus
351 2839 452 2905 Pulch
485 2841 518 2904 in
543 2840 680 2906 Hermae
710 2841 921 2906 Berolinensis
954 2839 1112 2904 volumine
1141 2839 1231 2902 XVII
1264 2844 1304 2920 (a.
1330 2841 1425 2920 1882)

204 2961 275 3027 pag.
305 2943 364 3006 111
393 2961 475 3025 sqq.‚
509 2945 603 3026 atque
630 2943 831 3026 probabiliter
863 2942 1091 3008 demonstravit
1122 2961 1221 3025 nuper
1248 2942 1424 3008 Lndovieus

206 3045 295 3111 Voltz
319 3045 368 3111 ‘de
390 3045 483 3110 Helia
504 3047 667 3124 Monacho,
690 3045 798 3111 Isaaoo
821 3045 985 3124 Monacho,
1007 3044 1307 3122 Pseudo-Dracone,
1331 3047 1426 3130 scrip·

205 3149 324 3214 toribus
357 3149 496 3214 metricis
522 3149 714 3232 Byzantinis*
748 3150 961 3232 (Argentoruti
991 3149 1073 3211 1886
1101 3149 1133 3211 in
1162 3146 1425 3214 Dissertationum

205 3250 468 3334 Philologicarom
490 3253 802 3334 Argentoratensium
823 3253 981 3318 volumine
1003 3250 1062 3331 XI)
1084 3271 1113 3334 p.
1125 3252 1167 3314 48
1189 3251 1306 3316 librum
1328 3252 1426 3315 istum

208 3351 285 3438 περὶ
306 3349 432 3438 μέτρων
455 3355 633 3441 ποιητικῶν
655 3355 824 3420 conflatum
847 3374 915 3420 esse
931 3357 1002 3438 post
1017 3372 1136 3418 annum
1154 3353 1245 3416 1526.
1290 3353 1427 3418 Pseudo-

206 3457 358 3522 Draconis
390 3457 470 3522 liber
500 3461 641 3524 serratus
673 3462 722 3522 est
751 3458 783 3522 in
814 3478 877 3523 uno
904 3458 1009 3524 codice
1036 3457 1304 3534 Parisino26Ib,
1336 3457 1426 3520 cuius

207 3559 302 3624 verba
329 3559 369 3624 ad
395 3559 490 3625 fidem
518 3562 686 3645 apographi
714 3581 733 3626 a
760 3561 914 3626 Ibiderieo
936 3561 1016 3626 Bast
1043 3558 1177 3624 consecti
1204 3558 1302 3624 edidit
1325 3557 1427 3624 Godo-

207 3661 313 3727 fredus
335 3661 498 3728 Hermann
520 3663 643 3747 Lipsiae
669 3665 759 3729 1812.
802 3663 840 3728 11
864 3682 927 3746 qua
948 3662 1082 3728 editione
1104 3681 1178 3726 cnm
1198 3663 1366 3745 praecepta
1389 3661 1427 3750 de

207 3783 241 3829 re
274 3765 406 3830 metrica
440 3766 548 3831 multis
582 3767 736 3832 erroribus
772 3768 936 3851 inquinata
971 3767 1130 3848 legantur,
1167 3763 1428 3832 LEOPOLDUM

210 3867 326 3933 COHN
347 3869 449 3934 vlrnm
471 3869 717 3934 erudibissimum
741 3870 885 3953 precibus
908 3869 979 3948 adii,
1000 3871 1037 3932 ut
1052 3868 1152 3933 denuo
1171 3868 1309 3952 inspecto
1325 3869 1428 3933 codice

207 3970 349 4036 Parismo
370 3970 564 4050 diiudicaret,
587 3975 694 4036 utrum
711 3973 747 4050 ei,
770 3974 823 4055 qui
846 3973 983 4038 codicem
998 3972 1177 4036 Parisinum
1200 3971 1346 4049 exaravit,
1370 3971 1429 4055 ipsi

209 4093 249 4139 an
281 4075 458 4159 apographo
488 4075 639 4140 Bastiano
670 4094 743 4158 pars
778 4077 903 4141 illorum
935 4093 1075 4141 errorum
1106 4074 1306 4139 attribuenda
1337 4077 1428 4139 esset.

209 4176 278 4243 Iam
310 4179 440 4262 apparat
472 4178 687 4262 apographum
718 4179 906 4244 BastIanum
938 4196 1062 4244 summa
1094 4177 1156 4243 fide
1190 4177 1320 4261 dignum
1353 4196 1429 4242 esse.

210 4279 297 4346 Haec
320 4281 404 4346 enim
428 4281 466 4346 ad
489 4300 541 4346 me
563 4281 732 4347 liberaliter
753 4281 912 4366 rescripsit
933 4281 1109 4365 Leopoldus
1136 4279 1238 4345 Cobn:

297 4383 420 4464 „Codex
452 4383 613 4450 Parisinus
647 4403 777 4467 graecus
811 4385 894 4448 2675
928 4387 1013 4450 totus
1046 4383 1180 4448 dilucide
1214 4383 1349 4467 scriptus
1383 4387 1431 4448 est

214 4487 343 4566 „eadem
365 4507 475 4565 manu,
499 4508 562 4571 qua
584 4489 723 4554 eiusdem
745 4488 952 4553 bibliothecae
975 4486 1070 4552 codex
1093 4485 1186 4562 2616,
1211 4506 1271 4568 quo
1293 4486 1432 4552 Pseudo-

214 4591 424 4670 „Philemonis
440 4592 557 4657 lexicon
574 4594 765 4668 continetur;
783 4611 861 4674 quae
877 4611 991 4657 manus
1007 4591 1065 4656 etsi
1079 4610 1140 4654 non
1157 4590 1267 4655 eudem
1278 4592 1326 4653 est
1338 4593 1431 4672 atquo

213 4693 433 4772 „Constantini
448 4695 680 4780 Polaeocuppae
697 4714 820 4766 manus,
839 4715 933 4779 quem
948 4693 1242 4760 Pseudo-Eudoeiae
1258 4693 1432 4757 Violarium

1205 4798 1222 4850 8
