3560 5242
965 389 1005 452 10

880 475 1087 483 ,ψη-.-

467 607 552 686 Quis·
568 609 663 690 igitur
684 609 834 686 Minucio,
858 631 951 692 quun
974 612 1150 688 Deciorum,
1172 614 1282 691 Curtii,
1305 614 1428 680 Claudii
1451 617 1484 679 et
1504 614 1602 691 Iunii,

379 709 539 788 ilemiuii,
566 711 671 777 Crassi
700 713 842 796 exempla
864 715 1011 780 Cicerone
1040 717 1166 781 auctore
1195 718 1339 782 attulisse
1366 719 1458 802 puto,
1485 721 1603 781 matris

380 812 503 890 idaeae,
526 813 850 896 Tyndaridarum,
872 818 996 898 plebel
1018 819 1177 881 lerninis
1199 820 1352 886 miracula
1367 819 1603 904 suppeditavit?

379 917 429 978 An
441 915 562 981 Varro?
598 919 641 982 At
654 917 749 982 huius
764 921 880 1003 scripta
894 921 1068 986 Minucium
1083 922 1254 1006 inspexisse
1276 923 1391 988 iudicia
1413 926 1489 988 suut
1502 925 1602 989 nulla

379 1019 429 1082 An
452 1019 687 1085 Tertullianus?
729 1023 772 1086 At
796 1023 879 1106 apud
901 1023 987 1088 huuc
1005 1026 1130 1107 plebei
1152 1027 1312 1090 hominis
1334 1030 1512 1112 exemplum
1533 1049 1603 1094 uon

379 1239 439 1277 rum
469 1225 590 1293 poturit,
625 1224 758 1292 pervertit
1196 1215 1280 1289 icum
1319 1231 1446 1287 carnibus
1487 1233 1603 1302 pecudis

381 1316 475 1364 cutem
488 1327 573 1366 suam.
595 1310 694 1364 Utrum
706 1310 757 1378 igi·
1220 1317 1334 1384 Pythius
1352 1333 1385 1372 eo
1403 1319 1483 1374 modo
1497 1335 1599 1375 moun-

380 1401 425 1450 tur
438 1411 531 1450 eorum
544 1395 696 1462 accidisset,
714 1411 757 1451 ue·
1221 1403 1300 1457 tiarit
1309 1420 1361 1472 quo
1371 1419 1455 1472 supra
1464 1404 1602 1474 diximus;

380 1497 440 1534 rum
477 1482 616 1537 oraculum
652 1482 756 1536 luisset.
1220 1493 1355 1544 momento
1383 1491 1456 1557 apud
1484 1491 1602 1562 Lydium

380 1568 436 1620 Cur
459 1573 550 1622 autem
575 1567 626 1622 hoc
649 1565 757 1622 credam
1221 1573 1318 1629 luerat

380 1669 507 1722 umquam
525 1652 626 1708 editum
639 1653 757 1708 Croeso?

381 1743 431 1793 aut
439 1739 607 1795 Herodotum
620 1754 668 1802 cur
679 1753 757 1793 vera·

383 1826 484 1879 ciorem
520 1825 617 1878 ducem
651 1824 757 1878 Ennio?

381 1911 464 1964 h'um
488 1909 595 1964 miuus
619 1909 680 1964 ille
703 1925 757 1978 po·

384 1996 453 2050 tuit
472 1995 648 2052 deCroeso
661 2011 756 2064 quam

381 2081 420 2134 de
456 2080 587 2150 Pyrrho
622 2081 757 2150 fingere

381 2167 531 2221 Ennius?
584 2167 649 2236 Quis
685 2167 757 2222 euim

381 2257 432 2316 est,
450 2251 496 2319 qni
514 2251 610 2307 credat
623 2253 758 2321 Apollinis

382 2353 415 2391 ex
439 2339 550 2393 oraculo
569 2337 673 2408 Pyrrho
698 2354 757 2394 esse

381 2437 552 2491 responsum:
566 2424 616 2478 hio
631 2428 668 2491 te,
688 2426 757 2479 Aea-

381 2507 456 2574 cida,
486 2509 622 2564 Romaum
652 2510 757 2565 vincere

381 2593 482 2662 posse?
517 2594 637 2650 Primum
657 2587 757 2651 Latine

381 2678 480 2749 Apollo
493 2697 638 2749 numquam
650 2682 758 2737 locutus

379 2771 436 2835 est;
453 2765 550 2820 deiude
568 2767 622 2822 istu
640 2783 698 2822 sors
717 2769 757 2822 in-

380 2849 475 2906 audita
484 2849 597 2906 Graecia
609 2860 665 2922 est;
679 2869 757 2922 prue-

381 2941 458 2991 terea
469 2938 568 3007 Pyrrhi
588 2939 757 3007 temporibus

381 3021 436 3076 iarn
476 3024 597 3091 Apollo
637 3041 758 3080 versus

380 3105 497 3163 lacere
516 3109 679 3165 desierat.

380 3192 453 3249 Vere
471 3193 611 3250 llartelius
629 3197 654 3264 (l.
679 3213 702 3251 o.
722 3217 748 3268 p.
763 3199 824 3263 359)
843 3195 949 3251 monuit
961 3195 1167 3261 Tertullianum,
1185 3199 1208 3252 si
1220 3197 1367 3251 Minucium
1380 3195 1504 3250 imitatus
1517 3196 1600 3258 esset,

380 3279 599 3336 existimaturum
625 3301 678 3337 uon
696 3283 778 3338 tuisse
796 3297 825 3336 re
844 3298 907 3338 vers
926 3282 1029 3352 Pyrrho
1047 3282 1184 3338 oraculum
1202 3284 1267 3338 illud
1286 3283 1388 3338 editum
1407 3299 1475 3337 esse.
1511 3279 1600 3333 hliun-

380 3366 438 3421 oius
462 3367 534 3420 enim
554 3372 664 3422 auctore
683 3369 811 3423 Cicerone
829 3367 948 3422 lictum
967 3384 1027 3422 esse
1045 3369 1080 3423 ab
1099 3368 1187 3423 Ennio
1205 3369 1301 3439 Pyrrhi
1320 3368 1459 3424 oraculum
1479 3365 1596 3432 scripsit

380 3451 485 3506 Deinde
509 3451 604 3523 Pyrrhi
631 3454 770 3510 oraculum
795 3455 850 3508 ianr
873 3453 946 3522 apud
971 3459 1075 3508 veteres
1100 3455 1144 3507 six
1167 3455 1255 3509 minus
1278 3455 1468 3523 pervulgatum
1492 3455 1600 3506 enatet

379 3538 559 3594 decantatum
578 3555 657 3606 quam
677 3539 783 3603 Croesi,
811 3540 880 3608 quod
900 3539 1033 3594 Minucius
1052 3539 1238 3610 praetermisit
1260 3539 1305 3610 (cf.
1324 3539 1435 3606 Quintil.
1456 3537 1598 3603 vl19,u;

381 3623 452 3692 Aug.
471 3625 500 3678 C.
519 3624 552 3678 D.
573 3624 613 3678 lll
629 3627 673 3692 ll,
700 3625 774 3679 llier.
794 3641 835 3694 ep.
856 3627 888 3679 dl
908 3625 943 3680 ad
961 3628 1064 3681 Parum.
1088 3636 1117 3681 et
1135 3626 1236 3680 Ocean.
1255 3626 1296 3680 ed.
1315 3626 1380 3680 Bou.
1399 3623 1436 3678 1v
1449 3625 1471 3678 2'
1485 3640 1510 3692 p.
1528 3623 1597 3685 344).

382 3709 451 3766 Tum
469 3709 655 3764 Tertullianus
677 3710 717 3764 eis
734 3710 815 3779 ipsis,
839 3725 908 3780 quae
926 3711 959 3766 de
978 3711 1154 3767 doemonibus
1173 3710 1312 3780 exposuit,
1337 3711 1470 3766 adductus
1488 3713 1545 3776 est,
1568 3712 1599 3763 ut

380 3795 549 3852 oraculorum
568 3795 675 3851 illorum
694 3795 859 3850 mentionem
877 3797 995 3864 taceret3
1014 3802 1111 3853 contra
1129 3797 1263 3852 Minucius
1281 3799 1315 3852 de
1327 3797 1443 3852 oraculis
1456 3796 1598 3864 disputans

380 3881 415 3936 sd
434 3880 580 3936 daemones
600 3881 712 3937 transiit
729 3883 782 3948 (26,
796 3885 833 3950 7),
852 3881 951 3951 quippe
970 3883 1014 3951 qui
1034 3887 1160 3938 auctores
1173 3888 1265 3938 essent
1277 3883 1445 3939 oraculorum
1459 3881 1598 3949 ambiguo·

379 3983 446 4021 rum.
484 3967 547 4022 Meo
570 3967 656 4035 igitur
681 3967 780 4022 iudicio
798 3967 982 4023 Tertullianus
1001 3985 1015 4023 o
1033 3969 1153 4025 Minucio
1171 3969 1350 4037 uou'peudet.
1387 3967 1597 4022 ATertulliano

381 4057 472 4106 autem
493 4053 632 4108 Ciceronis
655 4054 742 4108 locum
768 4053 919 4121 inspectum
945 4054 1120 4109 Schweolrius
1138 4061 1285 4124 propterea
1303 4055 1360 4108 iure
1379 4054 1504 4122 negarit,
1528 4053 1597 4122 quod

381 4154 468 4207 neque
494 4139 560 4194 alibi
580 4139 715 4194 Ciceronis
740 4139 773 4193 de
797 4143 897 4194 nutura
918 4140 1031 4196 deorum
1054 4147 1103 4196 aut
1125 4141 1158 4195 de
1182 4141 1346 4196 divinatione
1371 4141 1448 4195 libris
1473 4155 1538 4195 usus
1555 4144 1599 4193 est

379 4239 468 4292 neque
486 4225 558 4293 apud
572 4225 738 4280 Ciceronem
758 4225 900 4281 similiahis
912 4226 1051 4295 leguntur:
1071 4229 1206 4282 ‘Ceterum
1218 4225 1383 4281 testudinem
1396 4225 1509 4296 decoqui
1523 4269 1529 4280 .
1543 4268 1548 4279 .
1561 4225 1577 4278 .'
1592 4267 1598 4278 .

384 4309 481 4378 ltaque
505 4309 533 4364 in
559 4311 639 4366 dubio
657 4311 861 4380 relinquendum
880 4317 930 4378 eet,
956 4316 1045 4366 utrum
1065 4313 1249 4367 Tertulliunus
1267 4313 1393 4380 exemplo.
1409 4313 1457 4367 illa
1475 4311 1600 4367 omnihus

385 4401 453 4451 nota
470 4395 529 4465 ipse
547 4395 693 4464 addiderit,
712 4412 746 4451 au
765 4401 906 4452 mutuatus
924 4398 961 4453 sit
979 4399 1014 4452 ab
1032 4397 1178 4467 apologeta
1196 4397 1251 4464 illo,
1271 4397 1307 4452 ad
1325 4405 1404 4466 quem
1416 4398 1523 4466 reliqua
1534 4409 1602 4466 pars

381 4495 488 4548 eornm,
508 4497 577 4551 quae
595 4481 629 4538 de
647 4482 823 4538 daemonibus
841 4484 979 4552 exposuit,
997 4484 1140 4539 referenda
1157 4489 1207 4539 est.
1237 4483 1356 4552 Quodsi
1374 4483 1447 4552 lecit,
1466 4500 1520 4539 non
1536 4482 1600 4538 ideo

382 4567 557 4622 statuendum
576 4573 620 4622 ost
638 4569 813 4637 apologetam
837 4569 914 4624 illum
937 4585 1013 4625 usum
1038 4585 1099 4625 esse
1122 4570 1180 4626 loco
1204 4569 1251 4626 illc
1270 4570 1403 4626 Tulliano.
1439 4569 1505 4639 Quis
1529 4569 1601 4626 enim

380 4651 417 4706 de
436 4653 553 4708 oracolis
571 4653 659 4710 varta
676 4653 779 4709 iaciens
804 4655 896 4712 Croesi
915 4661 944 4710 et
962 4655 1059 4728 Pyrrhi
1078 4657 1262 4728 exemplorum
1281 4656 1466 4716 obliviscitur?
