3546 5236
975 416 1070 512 nro-

387 617 496 675 autenr
525 609 727 694 probabilius
756 618 807 676 est
828 609 967 692 Florum,
996 630 1067 674 cum
1091 609 1155 674 iam
1181 609 1343 694 inpriore
1366 609 1448 674 libro
1472 609 1619 674 Senecae

387 717 532 783 historiis
555 737 633 782 usus
658 725 753 799 esset,
783 717 815 780 in
839 716 1000 782 narrando
1024 716 1110 783 bello
1139 715 1338 801 Pompeiano
1366 716 1530 780 Lucanum
1558 715 1617 779 ad·

387 822 541 906 hibuisse,
565 842 607 887 au
630 822 724 908 hunc,
748 823 831 889 sicut
854 824 886 888 in
911 823 1129 909 descriptione
1143 823 1211 890 Nili
1233 824 1384 889 auunculi
1407 823 1619 905 quaestiones

388 931 554 996 naturales
569 937 699 998 secutus
715 929 823 1014 esim),
847 931 893 996 ita
917 951 1001 1014 quae
1016 931 1049 996 in
1063 931 1116 995 avi
1131 931 1276 996 historiis
1290 938 1385 996 acute
1401 939 1433 994 et
1449 931 1621 1012 eleganter

388 1037 476 1102 dicta
500 1037 669 1103 invenerat
692 1057 752 1103 sua
777 1036 916 1104 fecisse?
953 1057 1037 1120 quae
1057 1058 1128 1103 cum
1143 1045 1176 1102 et
1189 1039 1263 1123 ipsa
1278 1037 1402 1120 Florus,
1426 1037 1545 1122 quippe
1561 1037 1619 1119 qui

388 1145 525 1227 argutiis
540 1144 708 1210 rhetoricis
723 1143 856 1209 mirifice
872 1143 1098 1228 delectaretur,
1113 1144 1230 1229 cupide
1245 1145 1445 1229 arripuisset,
1460 1142 1619 1225 hicquem

386 1250 526 1318 vidimus
542 1250 669 1316 illorum
684 1252 826 1316 locorum
837 1270 1015 1318 consensus
1026 1259 1114 1317 ortus
1125 1260 1184 1318 est.
1202 1251 1313 1334 itaque
1324 1250 1486 1317 demortis
1496 1269 1619 1333 genere

388 1358 538 1442 Crastini,
556 1378 751 1442 quamquam
775 1359 900 1424 initium
923 1378 995 1424 eum
1008 1358 1125 1444 proelii
1140 1357 1321 1424 Pharsalici
1335 1356 1454 1423 fecisse
1468 1357 1618 1429 refertur,

387 1463 466 1528 nihil
483 1463 571 1548 apud
581 1464 746 1530 Lucanum
762 1465 889 1548 legitur.
912 1466 1026 1530 meritc
1042 1472 1149 1531 antem
1164 1464 1473 1549 poetanullameius
1484 1463 1618 1528 mentic-

387 1591 459 1637 nem
474 1571 560 1656 fecit,
584 1573 704 1656 quippe
720 1573 770 1637 cui
785 1572 819 1636 in
833 1571 992 1637 viridiore
1005 1591 1136 1658 pugnae
1151 1571 1369 1657 descriptione
1383 1573 1424 1636 ah
1439 1571 1530 1636 initio
1545 1571 1619 1636 cius

387 1677 431 1742 ad
445 1677 540 1746 linem
556 1679 716 1762 aberrare,
741 1679 775 1744 id
791 1678 877 1762 quod
892 1700 997 1744 rerum
1013 1680 1187 1764 scriptores
1204 1680 1329 1745 Seneca
1348 1687 1380 1744 et
1395 1678 1509 1743 Florus
1533 1677 1617 1743 lece-

387 1792 469 1869 runt,
492 1806 557 1850 non
579 1785 701 1851 liceret.
747 1806 842 1871 porro
867 1787 899 1851 in
922 1786 1141 1871 paragraphis
1159 1791 1208 1868 14,
1228 1787 1280 1870 35,
1298 1789 1351 1862 46,
1372 1789 1424 1867 56,
1444 1789 1486 1852 65
1510 1787 1619 1868 magis

386 1893 519 1977 propria
543 1899 575 1956 ct
598 1893 727 1977 aptiora
749 1892 900 1958 videntur
918 1913 957 1958 ea
975 1894 1136 1958 vocabula
1152 1913 1225 1959 csse
1240 1913 1324 1975 quae
1338 1893 1453 1958 Florus
1468 1893 1618 1957 nimirum

386 2019 406 2063 a
439 1999 565 2064 Seneca
598 1999 670 2084 ipso
703 2007 867 2066 mutuatus
901 2009 964 2066 est:
1001 2004 1241 2084 superiorein,
1280 2001 1454 2080 debiturn,
1488 2003 1616 2080 eciem,

380 2111 522 2189 for-mo,
557 2128 756 2191 oppressae
786 2111 886 2172 rires
919 2128 1015 2189 quam
1048 2127 1088 2172 ea
1118 2127 1202 2191 quae
1233 2108 1384 2172 Lucanus
1412 2107 1453 2172 ob
1481 2113 1618 2172 metrum

386 2213 439 2277 vel
463 2213 547 2280 alias
575 2215 617 2278 ab
645 2234 764 2280 causas
792 2215 915 2298 posuit:
945 2218 1123 2298 priorem,
1152 2237 1270 2296 suaet,
1300 2216 1446 2292 bellitur,
1478 2217 1617 2292 cultus,

385 2322 566 2386 aritrrertit
603 2344 698 2405 opes.
754 2321 843 2386 Flori
876 2323 960 2387 enim
993 2321 1122 2388 dicendi
1154 2341 1258 2406 genus
1291 2330 1357 2387 mm
1386 2341 1489 2407 prope
1522 2321 1619 2386 abest

386 2447 407 2490 a
430 2428 558 2512 poetico
589 2437 631 2513 ut,
660 2429 689 2494 si
716 2428 848 2494 Lucano
877 2449 955 2495 usus
983 2437 1079 2512 esset,
1113 2430 1183 2496 eius
1217 2429 1317 2495 verba
1349 2429 1403 2493 vix
1436 2436 1619 2494 mutaturus

386 2533 490 2599 suerit.
549 2535 625 2617 quin
663 2535 761 2600 ctiam
801 2536 841 2599 1v
866 2538 932 2601 449
965 2536 1020 2601 ubi
1052 2535 1145 2602 dolus
1175 2537 1443 2621 Pompeianorum
1481 2535 1619 2600 Cilicum

385 2663 406 2706 a
435 2642 569 2726 Seneca,
600 2663 695 2726 quem
716 2652 833 2727 postea
860 2643 976 2708 Florus
1009 2653 1140 2710 secutus
1174 2651 1231 2727 est,
1264 2667 1356 2709 noro
1383 2667 1446 2708 ors
1472 2643 1493 2707 i.
1516 2662 1543 2707 e.
1571 2647 1620 2708 irr-

386 2751 493 2813 urulilu
529 2758 558 2814 et
597 2754 678 2814 reiro
714 2773 767 2814 ura
806 2749 894 2815 dicta
932 2757 1015 2834 erat,
1053 2770 1156 2836 nepos
1190 2751 1337 2816 similiter
1369 2760 1466 2833 atque
1498 2759 1620 2834 poetae

388 2855 600 2920 Alexandrini
625 2857 806 2922 nominihus
826 2877 889 2921 non
903 2859 1090 2924 memoratis
1105 2857 1289 2941 aequalium
1304 2877 1429 2924 errores
1445 2856 1620 2923 emendare

387 2961 580 3027 studuerunt
612 2984 707 3029 avum
737 2964 784 3028 ita
816 2965 996 3030 correxisse
1025 2964 1086 3030 sihi
1110 2965 1200 3031 visus
1224 2974 1274 3031 est
1297 2971 1332 3029 ut
1359 2968 1509 3048 uotique
1537 2974 1622 3028 arte

391 3069 556 3136 scriberet.
595 3091 717 3136 memor
740 3071 825 3136 enim
849 3079 919 3136 erat
941 3071 1018 3137 belli
1043 3079 1155 3138 eontra
1178 3071 1360 3157 praedones
1384 3072 1479 3155 gesti,
1502 3071 1534 3135 in
1553 3091 1620 3155 quo

388 3175 508 3242 Cilices
533 3178 693 3244 similibus
718 3177 886 3245 fraudibus
906 3178 1093 3263 Pompeium
1118 3179 1225 3244 adorti
1248 3187 1348 3244 erant.
1385 3178 1524 3261 denique
1548 3187 1622 3242 toto

386 3292 507 3368 poetae
531 3285 697 3370 prooemio
720 3285 799 3350 nihil
824 3286 981 3351 contineri
1003 3285 1067 3352 uisi
1092 3286 1378 3370 exaggerationem
1396 3293 1429 3349 et
1446 3286 1620 3352 verbosam

384 3395 388 3398 .
405 3392 596 3400 --——-.-—.s

384 3445 498 3499 Balarus
521 3464 547 3514 p.
567 3447 646 3512 disq.
666 3450 710 3499 sat
729 3445 820 3500 multa
839 3444 926 3509 affert,
951 3445 1051 3513 quihus
1071 3445 1195 3500 Lucanus
1214 3447 1248 3500 ab
1268 3463 1391 3512 eaquae
1411 3447 1476 3499 belli
1495 3448 1620 3502 Caesari-

383 3533 431 3587 ani
450 3535 524 3603 apud
541 3534 651 3588 Livium
671 3533 755 3588 luerit
774 3535 956 3602 descript-ioue
974 3535 1116 3603 discrepet.

475 3621 513 3690 ¹⁶)
535 3627 594 3678 nat.
619 3629 725 3692 quaest.
749 3625 788 3678 IV
814 3626 827 3678 1
857 3627 885 3677 et
912 3625 976 3676 2:
993 3625 1116 3679 Pharsal.
1146 3625 1170 3677 X
1206 3625 1354 3678 rat-331.
1400 3623 1551 3678 Salmasius
1585 3627 1616 3680 in

383 3715 633 3767 Exercitatiorribus
651 3715 794 3768 Plinicnis
813 3733 838 3782 p.
859 3715 910 3768 439
935 3714 986 3776 (ed.
1005 3714 1089 3768 Paris.
1110 3731 1134 3768 a.
1159 3715 1236 3780 1629)
1259 3732 1360 3783 paucos
1379 3714 1512 3782 quosdam
1531 3715 1614 3772 locos.

382 3803 482 3870 quibus
506 3802 609 3857 Seneca
627 3807 656 3857 et
674 3803 800 3857 Lucanus
818 3804 1002 3866 consentiunt,
1026 3803 1169 3862 indicavit,
1193 3807 1282 3857 totam
1304 3821 1362 3857 rem
1381 3802 1567 3856 eruditissime
1586 3809 1617 3856 et

381 3892 601 3947 luculentissime
624 3897 656 3947 ut
679 3893 749 3946 solet
772 3893 806 3945 Η.
825 3892 945 3946 Dielsius
967 3896 1125 3961 persecutus
1149 3895 1191 3945 est
1214 3893 1243 3945 in
1263 3892 1494 3947 commentatione
1514 3891 1615 3946 Seneca

382 3983 439 4034 und
458 3985 553 4035 Lucan
571 3981 706 4050 inscripta
724 3984 949 4050 (Athandlunpen
967 3985 1016 4035 der
1029 3982 1054 4033 k.
1066 3966 1256 4050 preuseieciierr
1272 3983 1419 4035 Alrodemie
1432 3983 1481 4035 dor
1498 3983 1617 4036 Wissen-

380 4072 503 4136 sebasten
522 4091 580 4128 com
598 4074 684 4128 aare
702 4077 785 4138 1885).
822 4072 941 4126 similem
959 4089 1120 4126 consensum
1139 4071 1212 4126 inter
1230 4071 1371 4125 naturales
1390 4070 1566 4139 quaestiones
1586 4077 1615 4125 et

383 4179 483 4230 poema
494 4163 611 4216 Aetnam
625 4160 793 4216 intercedere
804 4161 833 4216 P.
845 4162 876 4214 R.
884 4161 1032 4230 Waglerus
1042 4161 1242 4214 demonstrarit
1253 4163 1444 4226 eraestr'onom
1457 4163 1616 4214 eririeurrrra

381 4254 414 4304 de
424 4255 510 4304 Amne
522 4259 646 4320 poeurote
660 4249 793 4312 (Berolini
809 4249 889 4318 1884)
903 4251 995 4319 capite
1009 4251 1105 4312 altero,
1121 4250 1168 4303 sed
1182 4249 1281 4303 vellem
1296 4266 1329 4303 eo
1339 4248 1374 4302 ad
1384 4265 1494 4303 carmen
1506 4248 1615 4303 Lucilio

382 4342 501 4395 Senecae
525 4340 622 4403 amico,
645 4339 843 4395 vindicandum
862 4340 961 4394 melius
986 4359 1048 4393 usus
1068 4343 1146 4394 esset.
1184 4341 1273 4394 tribus
1291 4337 1380 4408 igitur
1398 4338 1455 4392 iam
1474 4338 1617 4407 exemplis,

381 4430 481 4498 quihus
501 4430 558 4484 alia
581 4429 654 4483 adici
679 4433 801 4498 possunt,
825 4429 1045 4484 demonstratum
1070 4433 1111 4482 est
1135 4445 1219 4496 quam
1239 4428 1307 4482 antis
1325 4427 1479 4482 studiorum
1498 4427 1617 4482 vinculis

380 4520 423 4574 illi
443 4521 587 4588 scriptores
607 4521 716 4587 pureter
734 4519 928 4587 cognationem
948 4523 977 4573 et
996 4518 1150 4572 amicitiam
1169 4519 1243 4572 inter
1261 4534 1289 4572 se
1303 4516 1398 4572 conexi
1417 4517 1474 4570 sint
1488 4519 1518 4570 et
1531 4535 1617 4585 quam

376 4627 435 4665 non
454 4610 526 4662 alter
544 4609 663 4661 alterum
683 4607 806 4676 expilare
823 4607 1001 4663 dubitaverit.
1040 4612 1160 4662 ceterum
1185 4624 1210 4660 v.
1236 4623 1308 4675 quae
1334 4609 1562 4675 Disquiaitr'omrm
1586 4610 1618 4660 de

380 4705 479 4754 Seneca
499 4700 551 4764 tilii·
570 4699 683 4765 scriptis
701 4700 862 4750 criticorum
881 4716 907 4766 p.
926 4700 933 4751 l
958 4698 1023 4750 dixi.
