3634 5240
765 365 805 428 37

684 455 893 463 m..

177 605 334 652 summam
361 586 537 652 oarminum
564 590 764 655 venustatem
793 607 831 654 ex
857 589 932 673 ipsis
955 588 1065 654 metris
1089 589 1182 672 quasi
1204 589 1397 655 efflorescere

177 689 342 773 Dionysius
363 689 453 755 uobis
477 691 614 755 testatus
637 693 695 756 est.

260 791 373 875 Itaque
397 792 590 858 desoluto
618 813 742 877 quoque
770 795 907 861 oratione
931 796 1020 861 donet
1043 794 1254 860 *Demetrius
1276 796 1295 876 ξ
1320 796 1396 860 18οε

176 889 257 976 τάχα
277 891 340 982 γὰρ
362 890 402 980 δὴ
424 888 520 959 ἔσται
546 919 598 974 τις
618 890 736 983 ἡδονὴ
758 896 816 962 καὶ
837 894 967 984 χάρις,
991 888 1046 962 ἐὰν
1067 890 1258 983 άρμόζωμεν
1280 893 1316 962 ἐκ
1336 894 1397 979 μέ-

177 1021 260 1082 τρων
286 988 345 1084 τὴν
372 994 528 1062 σύνθεσιν
556 989 575 1084 ἢ
603 991 686 1064 ὅλων
713 991 732 1084 ἢ
760 993 917 1085 ἡμίσεων,
952 1003 984 1066 et
1011 1000 1217 1082 Hermogenis
1241 1002 1398 1066 sententio

177 1105 218 1184 (p.
246 1103 318 1178 210,
336 1102 376 1164 13
404 1101 444 1164 W
462 1129 506 1155 =
536 1101 641 1180 281,7
673 1102 740 1186 Sp.)
774 1104 915 1168 omnium
948 1102 1070 1168 dioendi
1104 1123 1253 1185 generum
1282 1096 1397 1186 (ἰδέαι)

175 1204 311 1269 maxime
338 1194 376 1268 τὸ
403 1201 519 1283 κάλλος
548 1207 693 1270 aoourate
724 1205 824 1270 taetus
851 1206 1066 1290 poematisque
1097 1206 1216 1270 similes
1249 1226 1396 1272 numeros

175 1307 275 1390 posuit
297 1332 317 1368 ιι
337 1329 367 1392 p.
384 1308 455 1385 290,
472 1309 511 1370 27
528 1308 568 1371 W
582 1335 626 1362 =
643 1309 715 1387 340,
733 1311 772 1372 15
789 1309 857 1392 Sp.:
882 1305 1001 1395 διόπερ
1025 1308 1076 1373 δεῖ
1093 1305 1253 1391 μάλιστα,
1275 1301 1397 1375 καλὸν

177 1403 229 1474 ὅτε
252 1413 407 1493 ποιοῦμεν
428 1405 535 1495 λόγον,
563 1405 685 1498 μέτρου
709 1407 849 1499 πλησίον
871 1402 953 1477 εἶναι
974 1406 1031 1476 τδν
1052 1407 1195 1497 ῥυθμόν,
1218 1405 1264 1497 μὴ
1285 1409 1396 1495 μέντοι

175 1509 293 1599 μέτρον
320 1506 486 1600 ίίντικρυς,
514 1509 611 1578 κακία
639 1510 699 1600 γὰρ
720 1511 817 1580 τοῦτό
839 1536 886 1600 γε;
910 1539 929 1574 ιι
948 1535 978 1598 p.
1003 1515 1075 1592 322,
1091 1516 1132 1579 20
1155 1515 1194 1578 W
1209 1543 1251 1571 =
1268 1516 1340 1593 364,
1356 1517 1395 1578 21

177 1615 244 1700 Sp.:
268 1617 413 1705 συνθήκη
436 1615 473 1682 δὲ
496 1611 621 1704 ἡδεῖα,
643 1612 729 1704 ἥπερ
745 1615 800 1682 καί
822 1612 917 1703 καλὴ
941 1614 1098 1704 δηλονότι,
1122 1611 1142 1702 ἡ
1165 1615 1293 1708 σφόδρα
1308 1611 1398 1706 ἐγγύς

175 1711 297 1804 ύγουσα
319 1710 376 1784 τὸν
397 1715 492 1805 λόγον
513 1725 570 1785 τοῦ
592 1718 648 1785 καί
671 1715 829 1807 ἔμμετρον
850 1710 942 1785 εἶναι.

261 1823 378 1888 Contra
420 1826 460 1910 τῇ
495 1820 708 1910 τραχύτητι
750 1823 895 1890 convenit
932 1815 952 1908 ἦ
989 1813 1172 1909 ύρρυδμίαε
1209 1849 1228 1886 ιι
1248 1826 1395 1910 Hermog.

175 1947 204 2010 p.
227 1927 334 2005 aaa?
358 1926 398 1990 W
418 1953 461 1982 =
481 1927 586 2005 301‚1
613 1926 680 2010 Sp.:
705 1922 848 2013 συνθήκη
872 1923 909 1991 δὲ
930 1928 1094 2011 τραχεῖα
1116 1919 1229 2012 ab...
1253 1924 1291 2009 ἐξ
1312 1921 1397 1994 δνοι-

175 2023 269 2095 κοίων
304 2023 433 2107 ἑαυτοῖς
462 2027 517 2094 καὶ
549 2020 777 2095 ἀνακολούθων
809 2028 926 2094 ποδῶν
957 2025 1160 2116 συγκειμένη,
1194 2023 1237 2108 ὡς
1261 2031 1396 2119 μηδαμῆ

176 2129 393 2218 προσβάλλειν
420 2124 492 2197 τινὰ
521 2119 595 2218 ἦχον
619 2129 740 2221 μέτρου
766 2123 842 2220 μηδ’
872 2126 955 2214 ἔχειν
975 2121 1049 2197 τινὰ
1070 2123 1183 2218 ἡδονὴν
1204 2125 1275 2197 κατ’
1298 2126 1397 2220 αὐτὴν

173 2228 230 2322 τὴν
257 2230 437 2322 συνθήκην,
466 2227 541 2322 μηδ’
569 2229 658 2314 ὅλως
680 2227 862 2322 εὐρυθμίας
888 2229 1049 2321 ἔμφασιν,
1076 2225 1145 2298 ἄλλ’
1168 2225 1251 2301 εἶναι
1272 2235 1396 2320 μᾶλλον

173 2330 241 2406 οἷον
262 2331 467 2426 όίρρυθμόν
482 2361 555 2405 τινα
570 2336 626 2402 καὶ
643 2334 788 2424 δύσηχον,
804 2334 1021 2427 τραχύνουσαν
1034 2327 1093 2423 τὴν
1106 2330 1213 2422 ἀκοήν.
1238 2338 1340 2419 Quem
1355 2343 1395 2406 ad

174 2445 278 2508 looum
297 2444 376 2507 haee
391 2441 521 2507 adnotat
542 2467 562 2502 ιι
579 2443 712 2508 Ioannes
729 2443 790 2508 Sia.
808 2441 853 2506 VI
868 2442 961 2520 261,1
979 2441 1033 2504 W:
1056 2434 1087 2506 οὶ
1109 2435 1169 2526 γὰρ
1193 2432 1396 2527 ὀργιζόμενοι

173 2537 209 2612 ού
232 2539 443 2634 φροντίζουσι
465 2540 600 2623 κάλλους
620 2548 677 2611 τού
701 2543 778 2630 περὶ
799 2541 856 2610 τὸν
877 2539 985 2630 λόγον,
1009 2535 1093 2609 ἀλλὰ
1114 2535 1155 2608 τὰ
1178 2539 1327 2626 ἐπιόντα,
1351 2539 1396 2625 ιύς

173 2644 278 2730 ἔτυχε,
308 2643 507 2734 προάγουσιν
534 2639 691 2731 ἀκόσμως
716 2645 771 2712 καί
798 2638 1040 2726 δνακολούθιος,
1071 2644 1127 2712 καὶ
1147 2639 1263 2733 ἡδονῆς
1283 2671 1395 2732 μστρι·

173 2755 231 2839 κῇς
252 2743 433 2839 ἀλλοτρίως
455 2748 510 2816 καί
533 2741 710 2836 ἆρρύθμιυς
719 2755 743 2832 ¹)
766 2754 798 2816 et
812 2751 905 2834 paulo
921 2750 1003 2816 iufra
1017 2751 1058 2834 (p.
1076 2751 1147 2828 261,
1165 2751 1205 2814 19
1221 2751 1275 2834 W)
1300 2752 1394 2818 haee:

172 2847 353 2920 ἀντίκειται
388 2858 428 2941 τῇ
459 2852 669 2940 τραχύτητι
702 2851 757 2918 καί
790 2856 830 2940 τῇ
865 2849 1108 2939 σφοδρότητι
1141 2846 1161 2938 ἡ
1193 2850 1394 2941 γλυκύτης,

172 2953 225 3024 ὅτι
254 2953 290 3023 αλ
310 2954 372 3040 μὲν
397 2950 601 3046 δι’ρροδμοι
623 2955 678 3023 καί
702 2954 834 3042 δύσηχοι
857 2946 973 3021 καὶτὸ
996 2949 1070 3020 ὅλον
1091 2945 1225 3036 άτιδεῖς,
1255 2950 1274 3041 ἡ
1297 2949 1395 3023 δὲτὸ

173 3056 318 3126 ἐναντίον
339 3053 431 3126 δίπαν
452 3050 661 3148 ε’ύρυθμος,
685 3052 822 3144 εύήκοος,
844 3051 965 3146 ε’ύηχος,
988 3049 1144 3144 εύήδονος,
1166 3051 1296 3144 εὐμενής
1312 3109 1319 3124 .
1336 3109 1344 3124 .
1361 3109 1394 3126 ..

259 3163 329 3244 Qua
360 3164 582 3249 rhythmorum
616 3164 810 3230 iuounditate
843 3163 893 3240 tit,
926 3165 977 3239 ut,
1010 3161 1160 3244 quidquid
1192 3181 1395 3228 numerosum

172 3272 236 3346 est,
263 3267 385 3333 taoilius
412 3267 599 3333 momoria
625 3268 786 3342 teneatur,
814 3266 975 3331 blanditur
1002 3265 1086 3330 enim
1114 3266 1204 3347 quasi
1233 3266 1393 3331 sensibus:

170 3372 299 3437 Aristot.
332 3371 423 3436 Rhet
449 3369 501 3434 ΠΙ
528 3377 546 3436 9
577 3369 678 3434 1409'2
702 3371 737 3433 7:
779 3365 821 3434 τὰ
853 3364 959 3456 μέτρα
992 3362 1113 3446 πάντας
1144 3365 1394 3455 μνημονεύουσιν

170 3473 296 3559 μᾶλλον
318 3477 385 3540 τῶν
405 3469 516 3559 χύδην.
527 3477 553 3557 ²)

172 3664 245 3747 §t
290 3661 371 3728 Non
400 3664 646 3729 venustatem
674 3663 823 3727 tontum
850 3659 914 3724 sed
942 3660 1057 3724 etiam
1084 3645 1184 3745 ἦθος
1205 3659 1244 3724 iu
1266 3661 1393 3744 rhyth-

670 3784 741 3830 mus
761 3782 897 3830 inesse.

259 3902 522 3985 Quantaeumque
544 3903 669 3968 numeri
691 3905 842 3968 venustas
864 3903 931 3980 est,
952 3920 1015 3966 non
1038 3900 1158 3965 inoerto
1180 3899 1335 3982 quaedam
1357 3919 1394 3965 ex

172 4026 210 4072 eo
239 4007 384 4090 voluptas
411 4007 547 4090 eapitur,
581 4006 683 4088 qualis
710 4026 727 4070 e
756 4005 910 4071 eoloribus
939 4006 971 4069 et
998 4003 1108 4086 gustu,
1143 4002 1198 4067 sed
1224 4003 1321 4068 habet
1342 4003 1393 4068 ille

170 4097 259 4196 ἦθος
284 4109 387 4194 magis
413 4110 558 4176 minusve
586 4109 767 4187 definitum,
798 4109 831 4172 in
858 4108 919 4172 hae
950 4125 1073 4188 quoque
1100 4125 1135 4171 re
1163 4107 1247 4171 sonis
1274 4107 1394 4171 similli-

244 4369 267 4434 1)
285 4364 376 4435 θυμός
391 4365 447 4439 γὰρ
463 4367 562 4434 τέχνης
580 4361 612 4417 ού
631 4361 718 4418 δεῖται
735 4364 867 4434 (nemen.
885 4365 900 4432 ξ
917 4365 968 4432 27).

245 4455 269 4518 ¹)
288 4452 442 4508 Frioterieus
453 4452 533 4506 Blass
545 4453 614 4519 (au.
626 4453 735 4507 Bereds.
749 4451 827 4514 1112,
844 4451 906 4519 364)
925 4453 1005 4518 putat
1016 4448 1226 4505 Demosthenem
1238 4447 1267 4500 iu
1280 4447 1392 4504 nomini-

172 4539 226 4594 bus
243 4537 360 4608 propriis
377 4535 542 4594 eolloeoudis
560 4552 698 4594 numerum
718 4537 851 4606 quendam
869 4535 1030 4599 adfectasse,
1053 4550 1104 4603 quo
1122 4533 1229 4590 facilius
1246 4534 1393 4590 memoriae

170 4640 239 4681 stiae
257 4640 291 4680 es
307 4625 457 4680 mundaret.
