3568 5238
205 650 357 714 cultatem
370 649 414 712 ita
426 649 640 732 expediverim,
656 651 692 712 ut
706 648 872 712 Manilium
886 649 949 712 iarn
965 649 1034 711 tum
1050 647 1224 710 maiestatis
1242 649 1425 710 accusatum

206 753 295 833 eique
318 752 350 815 in
374 752 498 815 initium
514 751 586 814 anni
603 751 644 813 65
668 751 751 816 diem
774 751 894 816 dictum
916 749 1013 814 luisse
1037 753 1131 831 atque
1147 749 1331 814 Ciceronem
1353 767 1426 812 eum

205 855 381 918 maiestatis
408 873 497 918 reum
520 873 553 918 se
576 853 778 917 defensurum
806 871 875 917 esse
898 852 1032 916 tribunis
1062 852 1224 916 orantibus
1247 851 1426 934 promisisse

206 975 340 1022 sumam.
378 956 488 1036 Neque
511 957 606 1037 igitur
621 956 689 1030 Dio,
712 974 806 1037 quem
829 957 929 1018 totam
949 973 1016 1018 rem
1043 955 1212 1018 admodum
1239 955 1427 1018 contraxisse

208 1064 239 1122 et
248 1059 430 1123 Ciceronem
443 1059 598 1122 actionem
609 1059 641 1121 in
654 1060 815 1140 posterum
828 1057 909 1120 diem
922 1056 997 1120 diff
1002 1075 1018 1120 e
1027 1059 1173 1120 rentem
1186 1056 1316 1134 ¹)facere
1329 1059 1429 1121 mani-

209 1161 326 1225 festum
348 1164 411 1236 est,
441 1179 542 1242 neque
565 1158 754 1224 Plutarchus
781 1158 876 1222 fontis
903 1161 951 1223 sui
975 1161 1085 1236 verba,
1108 1178 1187 1240 quae
1211 1159 1249 1222 ad
1274 1159 1429 1224 defensio-

208 1284 282 1328 nem
291 1265 458 1347 pertinent,
475 1263 860 1326 rectcintellereruutaut
875 1258 1040 1344 caporum
1057 1266 1201 1326 accurate
1217 1261 1428 1338 reddidemnt,

207 1368 266 1430 nisi
283 1367 361 1430 forte
377 1367 440 1429 iam
462 1365 493 1428 iu
517 1369 651 1438 anctore,
674 1383 768 1446 quem
783 1365 1003 1446 compilabaut
1025 1366 1235 1428 narrationem
1259 1364 1297 1428 de
1320 1365 1379 1428 bac
1395 1385 1428 1428 re

208 1470 433 1534 subobscuram
455 1471 667 1550 reppererunt.

294 1570 364 1634 Huc
387 1569 516 1646 accedit,
540 1569 622 1651 quod
646 1568 803 1634 Ciceronis
826 1571 922 1635 verba
943 1570 1042 1652 (apud
1058 1573 1128 1634 Asc.
1152 1590 1182 1653 p.
1202 1572 1251 1644 58,
1279 1570 1429 1648 10-14),

208 1679 246 1736 ut
268 1673 306 1736 ad
330 1673 389 1736 hoc
409 1671 515 1754 ipsum
537 1671 688 1736 iudicium
716 1673 831 1754 optime
859 1673 1025 1753 quadrant,
1053 1671 1106 1748 ita,
1135 1672 1162 1736 si
1185 1673 1223 1736 ad
1247 1671 1331 1736 alind
1353 1671 1431 1736 refe-

210 1775 307 1838 renda
330 1778 449 1850 essent,
472 1775 656 1854 neutiquam
680 1775 824 1858 explicari
847 1778 987 1857 possent.
1032 1775 1114 1838 Nam
1143 1775 1293 1840 iudicium
1316 1773 1432 1838 distur-

210 1879 323 1940 batum
357 1877 431 1940 ‘suis
468 1877 694 1941 alienissimum
728 1877 911 1940 rationibus'
939 1876 1035 1942 fnisse
1058 1877 1165 1942 Cicero
1188 1878 1256 1941 ideo
1280 1877 1430 1958 queritur,

211 1979 293 2062 quod
316 1981 383 2062 ipse
406 1982 476 2042 tum
498 1983 622 2062 praetor
644 1981 718 2044 huic
739 1979 852 2043 iudicio
873 1979 1079 2062 praesidebat.

296 2081 400 2160 Quid?
434 2081 516 2162 qnod
539 2081 624 2146 idem
652 2089 795 2164 ‘magnos
818 2083 970 2146 homines*
994 2082 1182 2164 ‘exemplum
1212 2080 1431 2146 disturbando-

211 2203 283 2248 rum
314 2184 510 2248 iudiciorum'
553 2185 756 2266 ‘temporibus
790 2185 855 2248 suis
877 2184 1249 2248 accommodatissimum
1279 2183 1432 2265 cupirisse

211 2287 303 2362 dicit,
326 2305 430 2349 nonne
457 2286 496 2349 ad
518 2288 645 2351 nullum
665 2287 762 2350 aliurn
784 2287 844 2350 nisi
872 2287 911 2350 ad
934 2289 1077 2351 auctores
1103 2286 1223 2368 primae
1246 2285 1432 2350 coniuratio·

212 2391 261 2453 uis
285 2388 483 2453 Catilinariae
511 2392 652 2472 spectare
675 2393 793 2473 potest,
823 2390 876 2472 qui
912 2391 975 2454 iam
1005 2391 1130 2471 postero
1165 2389 1213 2452 die
1239 2387 1431 2470 (Mallon.)

211 2491 356 2554 consules
378 2492 521 2555 necaturi
545 2497 655 2556 erant?

296 2593 440 2674 Denique
468 2595 550 2676 quod
573 2595 632 2660 Dio
659 2596 809 2660 iudicium
832 2597 958 2678 propter
985 2595 1161 2658 tumultum
1189 2594 1324 2658 statim
1348 2610 1434 2655 exor-

211 2699 290 2772 tum,
320 2715 414 2776 quern
435 2696 474 2760 ad
490 2697 578 2761 illam
590 2697 849 2780 conspirationem
867 2697 971 2772 refert,
993 2696 1181 2779 impeditum
1204 2713 1272 2759 esse
1287 2697 1432 2770 ranan),

212 2817 285 2861 cunr
302 2797 408 2860 Cicero
424 2816 548 2879 qnoque
565 2799 596 2880 (l.
609 2799 647 2882 c.)
664 2801 745 2864 inter
757 2800 969 2864 disturbatum
981 2799 1131 2864 iudicium
1143 2802 1175 2863 et
1187 2797 1433 2864 coniurationem

214 2901 337 2963 certum
360 2917 512 2962 conexum
527 2901 622 2965 luisse
639 2903 801 2984 significet,
823 2902 856 2964 id
870 2903 902 2964 11
918 2905 1058 2966 nostram
1074 2902 1262 2967 sententiam
1274 2900 1433 2983 praeclare

214 3002 307 3065 cadit.
349 3001 461 3082 Itaque
476 3001 498 3064 J
500 3002 592 3065 ohnio
608 3005 752 3068 assentiri
766 3022 899 3084 nequeo,
914 3005 968 3086 qui
982 3005 1152 3068 Ascanium
1167 3013 1310 3084 ‘magnos
1333 3003 1434 3066 honri-

214 3105 296 3180 nes'‚
325 3121 403 3184 quos
426 3102 533 3168 Cicero
557 3107 667 3186 tangit,
691 3106 725 3170 L.
749 3105 918 3170 Catilinam
941 3109 974 3170 et
999 3105 1055 3170 Cn.
1079 3105 1226 3170 Pisonem
1249 3107 1433 3187 intellegen-

216 3210 282 3270 tem
315 3208 399 3270 recte
421 3207 663 3290 interpretatum
685 3227 754 3273 esse
777 3211 874 3290 negat
894 3209 943 3274 his
966 3211 1141 3273 commotus
1164 3209 1282 3272 causis:

301 3309 445 3374 Primum
479 3309 585 3374 Cicero
618 3311 787 3376 Catilinam
821 3313 853 3376 et
886 3311 1034 3376 Pisonem
1066 3311 1324 3376 sceleratissimos
1358 3312 1432 3376 illos

216 3412 360 3476 homines
389 3431 565 3494 numquam
592 3433 665 3478 cum
688 3415 804 3479 honore
828 3415 979 3496 ‘magnos’
1003 3415 1194 3496 appellasset
1216 3433 1318 3496 neque
1341 3433 1433 3479 suam

216 3515 429 3579 condicionem
440 3515 565 3579 illorum
575 3517 747 3582 rationibus
759 3518 963 3600 opposuisset
999 3519 1042 3580 nt
1056 3535 1128 3580 mea
1144 3517 1271 3598 quidem
1282 3517 1433 3599 opinione,

217 3620 254 3679 ut
268 3617 434 3682 Manilium
458 3637 553 3698 qnam
576 3619 711 3683 maxime
733 3620 888 3685 insontem
902 3621 1056 3703 pingeret,
1080 3639 1153 3684 curn
1169 3619 1349 3685 ministrum
1365 3621 1435 3683 tan·

217 3722 286 3783 tum
301 3739 489 3802 magnorum
505 3720 668 3786 hominum
687 3722 783 3787 fnisse
805 3722 966 3787 ostendere
982 3721 1090 3787 Cicero
1107 3723 1224 3788 debuit.
1249 3723 1311 3788 Cur
1327 3725 1434 3787 autem

217 3823 321 3886 orator
334 3841 406 3886 suas
418 3842 491 3886 cum
503 3823 565 3887 illis
575 3825 801 3907 comparaverit
812 3825 957 3902 rationes,
969 3826 1032 3889 iarn
1042 3828 1219 3908 exposuisse
1231 3825 1308 3889 mihi
1318 3826 1432 3890 videor.

306 3924 387 3988 Tum
415 3925 531 3990 Johnio
553 3931 678 3992 auctore
702 3927 849 3990 Manilius
875 3947 1051 4010 numquam
1078 3929 1117 3992 ab
1146 3929 1197 4002 iis,
1232 3929 1285 4010 qni
1311 3931 1434 4011 partem

218 4025 374 4090 diversam
397 4031 610 4108 sequerentur,
633 4029 797 4093 consilium
819 4032 878 4096 ant
897 4031 1050 4094 auxilium
1064 4032 1237 4113 petivisset.
1271 4029 1434 4096 Postremo

219 4147 290 4192 vero
307 4128 450 4208 Catilina,
467 4131 493 4194 si
507 4131 574 4214 ipse
590 4132 622 4194 in
638 4131 843 4196 disturbando
857 4133 971 4196 iudicio
987 4133 1050 4197 dnr
1064 4134 1277 4198 multitudinis
1294 4137 1433 4198 armatae

218 4229 341 4308 fuisset,
376 4251 438 4296 non
465 4235 532 4297 tarn
559 4238 677 4298 ‘auctor
703 4235 857 4310 furoris'u
887 4254 983 4318 quarn
1014 4255 1096 4299 unus
1125 4255 1161 4300 er
1184 4236 1245 4300 illis
1268 4254 1433 4318 operamm

220 4333 351 4398 ducibus
373 4333 494 4400 luisset.

291 4505 311 4572 ¹)
331 4503 399 4558 Dio:
419 4507 465 4556 aul
482 4503 559 4569 μόλις
577 4503 663 4557 αι’·τὸν
681 4545 686 4555 .
706 4546 711 4556 .
731 4545 736 4556 .
755 4510 781 4560 a·
798 4506 851 4573 τὴν
868 4506 1021 4578 inceperint}
1040 4505 1238 4573 ἀνεβάλετο.

289 4591 313 4656 ⁹)
331 4588 386 4642 Dio
398 4589 462 4643 l.c.:
490 4589 613 4660 τάραχος
625 4587 656 4641 1ἳέ
666 4611 706 4646 τις
724 4591 826 4646 addar
848 4591 1090 4662 ἐπιγενόμενος
1109 4591 1228 4644 ἐκώλυσε
1246 4594 1278 4644 τὸ
1298 4591 1431 4660 δικαστή-

219 4693 280 4742 ριον
298 4675 484 4744 συναχθῆναι.

289 4762 310 4824 ⁸)
328 4759 362 4814 cf.
380 4759 436 4816 Cic
454 4777 498 4831 ap.
516 4761 581 4815 Aac.
598 4777 624 4830 p.
643 4761 744 4830 51110.
763 4763 804 4816 11.
