<?xml version="1.0" encoding="UTF-8"?>
<!DOCTYPE html PUBLIC "-//W3C//DTD XHTML 1.0 Transitional//EN"
    "http://www.w3.org/TR/xhtml1/DTD/xhtml1-transitional.dtd">
<html xmlns="http://www.w3.org/1999/xhtml" xml:lang="en" lang="en">
 <head>
  <title>
</title>
<meta http-equiv="Content-Type" content="text/html;charset=utf-8" />
  <meta name='ocr-system' content='tesseract 3.04.00' />
  <meta name='ocr-capabilities' content='ocr_page ocr_carea ocr_par ocr_line ocrx_word'/>
</head>
<body>
  <div class='ocr_page' id='page_1' title='image "./destoicorumstud00strigoog_0613.png"; bbox 0 0 3548 5256; ppageno 0'>
   <div class='ocr_carea' id='block_1_1' title="bbox 940 397 985 462">
    <p class='ocr_par' dir='ltr' id='par_1_1' title="bbox 940 397 985 462">
     <span class='ocr_line' id='line_1_1' title="bbox 940 397 985 462; baseline 0 0"><span class='ocrx_word' id='word_1_1' title='bbox 940 397 985 462; x_wconf 87' lang='grc'>30</span> 
     </span>
    </p>
   </div>
   <div class='ocr_carea' id='block_1_2' title="bbox 348 588 1584 3470">
    <p class='ocr_par' dir='ltr' id='par_1_2' title="bbox 349 588 1584 764">
     <span class='ocr_line' id='line_1_2' title="bbox 349 588 1584 679; baseline 0.002 -23"><span class='ocrx_word' id='word_1_2' title='bbox 349 592 392 656; x_wconf 91' lang='grc'>22</span> <span class='ocrx_word' id='word_1_3' title='bbox 417 589 459 662; x_wconf 86' lang='grc' dir='ltr'>είς</span> <span class='ocrx_word' id='word_1_4' title='bbox 482 588 653 678; x_wconf 76' lang='grc' dir='ltr'>Τροφωνίου</span> <span class='ocrx_word' id='word_1_5' title='bbox 678 596 887 678; x_wconf 79' lang='grc' dir='ltr'>μεμάντευται·</span> <span class='ocrx_word' id='word_1_6' title='bbox 915 591 962 656; x_wconf 83' lang='grc' dir='ltr'>ἐπί</span> <span class='ocrx_word' id='word_1_7' title='bbox 989 603 1045 657; x_wconf 85' lang='grc' dir='ltr'>τῶν</span> <span class='ocrx_word' id='word_1_8' title='bbox 1072 597 1255 678; x_wconf 74' lang='grc' dir='ltr'>σκυθρωπῶν</span> <span class='ocrx_word' id='word_1_9' title='bbox 1284 593 1396 679; x_wconf 84' lang='grc' dir='ltr'>εἴρηται</span> <span class='ocrx_word' id='word_1_10' title='bbox 1422 599 1474 658; x_wconf 85' lang='grc' dir='ltr'>καί</span> <span class='ocrx_word' id='word_1_11' title='bbox 1502 594 1584 675; x_wconf 72' lang='grc' dir='ltr'>ἀγε-</span> 
     </span>
     <span class='ocr_line' id='line_1_3' title="bbox 416 696 713 764; baseline 0.007 -2"><span class='ocrx_word' id='word_1_12' title='bbox 416 700 546 762; x_wconf 76' lang='grc' dir='ltr'>λάστωνι</span> <span class='ocrx_word' id='word_1_13' title='bbox 570 696 660 762; x_wconf 86' lang='grc' dir='ltr'>ΜΙΠ</span> <span class='ocrx_word' id='word_1_14' title='bbox 674 698 713 764; x_wconf 93' lang='grc' dir='ltr'>π’.</span> 
     </span>
    </p>

    <p class='ocr_par' dir='ltr' id='par_1_3' title="bbox 349 802 1346 895">
     <span class='ocr_line' id='line_1_4' title="bbox 349 802 1346 895; baseline 0.001 -25"><span class='ocrx_word' id='word_1_15' title='bbox 349 804 391 870; x_wconf 89' lang='grc'>23</span> <span class='ocrx_word' id='word_1_16' title='bbox 415 802 575 890; x_wconf 84' lang='grc' dir='ltr'>Ταινόριον</span> <span class='ocrx_word' id='word_1_17' title='bbox 596 811 702 871; x_wconf 90' lang='grc' dir='ltr'>κακόν·</span> <span class='ocrx_word' id='word_1_18' title='bbox 727 803 853 870; x_wconf 81' lang='grc' dir='ltr'>ἐπὶτῶν</span> <span class='ocrx_word' id='word_1_19' title='bbox 876 807 1011 891; x_wconf 74' lang='grc' dir='ltr'>μεγάλων</span> <span class='ocrx_word' id='word_1_20' title='bbox 1035 806 1161 895; x_wconf 77' lang='grc' dir='ltr'>εἴρηταιε</span> <span class='ocrx_word' id='word_1_21' title='bbox 1186 806 1276 872; x_wconf 86' lang='grc' dir='ltr'>ΜΠῙ</span> <span class='ocrx_word' id='word_1_22' title='bbox 1290 807 1346 872; x_wconf 85' lang='grc' dir='ltr'>πδ.</span> 
     </span>
    </p>

    <p class='ocr_par' dir='ltr' id='par_1_4' title="bbox 349 907 973 1000">
     <span class='ocr_line' id='line_1_5' title="bbox 349 907 973 1000; baseline -0.002 -23"><span class='ocrx_word' id='word_1_23' title='bbox 349 912 393 977; x_wconf 89' lang='grc'>24</span> <span class='ocrx_word' id='word_1_24' title='bbox 416 907 435 996; x_wconf 79' lang='grc' dir='ltr'>ἡ</span> <span class='ocrx_word' id='word_1_25' title='bbox 460 910 518 976; x_wconf 85' lang='grc' dir='ltr'>ἀπὸ</span> <span class='ocrx_word' id='word_1_26' title='bbox 542 910 665 977; x_wconf 75' lang='grc' dir='ltr'>Σκυθῶν</span> <span class='ocrx_word' id='word_1_27' title='bbox 689 909 788 1000; x_wconf 76' lang='grc' dir='ltr'>ῥῆσιςς</span> <span class='ocrx_word' id='word_1_28' title='bbox 812 911 902 976; x_wconf 88' lang='grc' dir='ltr'>ΜΙΠ</span> <span class='ocrx_word' id='word_1_29' title='bbox 916 913 973 996; x_wconf 59' lang='grc' dir='ltr'>ιη’.</span> 
     </span>
    </p>

    <p class='ocr_par' dir='ltr' id='par_1_5' title="bbox 349 1013 847 1106">
     <span class='ocr_line' id='line_1_6' title="bbox 349 1013 847 1106; baseline -0.002 -22"><span class='ocrx_word' id='word_1_30' title='bbox 349 1018 392 1084; x_wconf 82' lang='grc'>25</span> <span class='ocrx_word' id='word_1_31' title='bbox 416 1013 535 1083; x_wconf 83' lang='grc' dir='ltr'>Ἀκκώ·</span> <span class='ocrx_word' id='word_1_32' title='bbox 563 1024 663 1106; x_wconf 79' lang='grc' dir='ltr'>μωρόις</span> <span class='ocrx_word' id='word_1_33' title='bbox 687 1018 847 1102; x_wconf 74' lang='lat' dir='ltr'>MIIch&#39;.</span> 
     </span>
    </p>

    <p class='ocr_par' dir='ltr' id='par_1_6' title="bbox 349 1123 1167 1212">
     <span class='ocr_line' id='line_1_7' title="bbox 349 1123 1167 1212; baseline 0.001 -21"><span class='ocrx_word' id='word_1_34' title='bbox 349 1126 391 1191; x_wconf 87' lang='grc'>26</span> <span class='ocrx_word' id='word_1_35' title='bbox 416 1123 464 1190; x_wconf 87' lang='grc' dir='ltr'>ἀεί</span> <span class='ocrx_word' id='word_1_36' title='bbox 486 1129 609 1198; x_wconf 81' lang='grc' dir='ltr'>κολοιός</span> <span class='ocrx_word' id='word_1_37' title='bbox 631 1130 715 1212; x_wconf 84' lang='grc' dir='ltr'>παρὰ</span> <span class='ocrx_word' id='word_1_38' title='bbox 737 1130 857 1193; x_wconf 82' lang='grc' dir='ltr'>κολοιόν</span> <span class='ocrx_word' id='word_1_39' title='bbox 880 1125 984 1201; x_wconf 75' lang='grc' dir='ltr'>ἱζάνειι</span> <span class='ocrx_word' id='word_1_40' title='bbox 1008 1125 1098 1192; x_wconf 89' lang='lat' dir='ltr'>MIII</span> <span class='ocrx_word' id='word_1_41' title='bbox 1113 1128 1167 1212; x_wconf 67' lang='grc' dir='ltr'>ςζ.</span> 
     </span>
    </p>

    <p class='ocr_par' dir='ltr' id='par_1_7' title="bbox 348 1233 1581 1430">
     <span class='ocr_line' id='line_1_8' title="bbox 348 1233 1581 1324; baseline 0.002 -27"><span class='ocrx_word' id='word_1_42' title='bbox 348 1233 390 1297; x_wconf 79' lang='grc'>27</span> <span class='ocrx_word' id='word_1_43' title='bbox 414 1237 526 1318; x_wconf 79' lang='grc' dir='ltr'><strong>κινήσω</strong></span> <span class='ocrx_word' id='word_1_44' title='bbox 553 1237 602 1300; x_wconf 87' lang='grc' dir='ltr'>τόν</span> <span class='ocrx_word' id='word_1_45' title='bbox 630 1233 680 1322; x_wconf 79' lang='grc' dir='ltr'>ἀφ’</span> <span class='ocrx_word' id='word_1_46' title='bbox 710 1233 805 1321; x_wconf 81' lang='grc' dir='ltr'>ἱερᾶς·</span> <span class='ocrx_word' id='word_1_47' title='bbox 836 1234 884 1300; x_wconf 82' lang='grc' dir='ltr'>ἐπὶ</span> <span class='ocrx_word' id='word_1_48' title='bbox 910 1247 968 1301; x_wconf 84' lang='grc' dir='ltr'>τῶν</span> <span class='ocrx_word' id='word_1_49' title='bbox 994 1241 1046 1322; x_wconf 72' lang='grc' dir='ltr'>τὴν</span> <span class='ocrx_word' id='word_1_50' title='bbox 1076 1235 1206 1323; x_wconf 78' lang='grc' dir='ltr'>ἐσχάτρν</span> <span class='ocrx_word' id='word_1_51' title='bbox 1233 1239 1379 1324; x_wconf 66' lang='grc' dir='ltr'>βοήθειαν</span> <span class='ocrx_word' id='word_1_52' title='bbox 1405 1241 1581 1302; x_wconf 75' lang='grc' dir='ltr'>κινοόντωνε</span> 
     </span>
     <span class='ocr_line' id='line_1_9' title="bbox 415 1338 578 1430; baseline 0.006 -25"><span class='ocrx_word' id='word_1_53' title='bbox 415 1338 505 1405; x_wconf 85' lang='grc' dir='ltr'>ΜΠΙ</span> <span class='ocrx_word' id='word_1_54' title='bbox 519 1341 578 1430; x_wconf 55' lang='grc' dir='ltr'>ι’,ηἲ</span> 
     </span>
    </p>

    <p class='ocr_par' dir='ltr' id='par_1_8' title="bbox 349 1448 1169 1535">
     <span class='ocr_line' id='line_1_10' title="bbox 349 1448 1169 1535; baseline -0.004 -19"><span class='ocrx_word' id='word_1_55' title='bbox 349 1449 391 1516; x_wconf 89' lang='grc'>28</span> <span class='ocrx_word' id='word_1_56' title='bbox 415 1449 583 1535; x_wconf 81' lang='grc' dir='ltr'>δειλότερος</span> <span class='ocrx_word' id='word_1_57' title='bbox 607 1448 632 1514; x_wconf 88' lang='grc' dir='ltr'>εἷ</span> <span class='ocrx_word' id='word_1_58' title='bbox 653 1460 706 1515; x_wconf 80' lang='grc' dir='ltr'>τοῦ</span> <span class='ocrx_word' id='word_1_59' title='bbox 730 1453 987 1535; x_wconf 75' lang='grc' dir='ltr'>παρακόπτοντοςε</span> <span class='ocrx_word' id='word_1_60' title='bbox 1012 1449 1102 1514; x_wconf 86' lang='grc' dir='ltr'>ΜΙΠ</span> <span class='ocrx_word' id='word_1_61' title='bbox 1116 1449 1169 1535; x_wconf 84' lang='grc' dir='ltr'>ρς’.</span> 
     </span>
    </p>

    <p class='ocr_par' dir='ltr' id='par_1_9' title="bbox 350 1555 1112 1642">
     <span class='ocr_line' id='line_1_11' title="bbox 350 1555 1112 1642; baseline 0 -20"><span class='ocrx_word' id='word_1_62' title='bbox 350 1558 392 1622; x_wconf 90' lang='grc'>29</span> <span class='ocrx_word' id='word_1_63' title='bbox 417 1555 448 1620; x_wconf 79' lang='grc' dir='ltr'>ἐν</span> <span class='ocrx_word' id='word_1_64' title='bbox 470 1561 554 1622; x_wconf 77' lang='grc' dir='ltr'>πέντε</span> <span class='ocrx_word' id='word_1_65' title='bbox 577 1569 683 1642; x_wconf 79' lang='grc' dir='ltr'>κριτῶν</span> <span class='ocrx_word' id='word_1_66' title='bbox 705 1563 806 1641; x_wconf 72' lang='grc' dir='ltr'>γόνασι</span> <span class='ocrx_word' id='word_1_67' title='bbox 828 1569 938 1624; x_wconf 74' lang='grc' dir='ltr'>κείταιε</span> <span class='ocrx_word' id='word_1_68' title='bbox 961 1555 1052 1622; x_wconf 90' lang='grc' dir='ltr'>ΜΙΠ</span> <span class='ocrx_word' id='word_1_69' title='bbox 1067 1557 1112 1642; x_wconf 86' lang='grc' dir='ltr'>ρι’.</span> 
     </span>
    </p>

    <p class='ocr_par' dir='ltr' id='par_1_10' title="bbox 348 1661 1167 1750">
     <span class='ocr_line' id='line_1_12' title="bbox 348 1661 1167 1750; baseline 0 -22"><span class='ocrx_word' id='word_1_70' title='bbox 348 1664 392 1729; x_wconf 85' lang='grc'>30</span> <span class='ocrx_word' id='word_1_71' title='bbox 415 1663 462 1728; x_wconf 87' lang='grc' dir='ltr'>ἀεί</span> <span class='ocrx_word' id='word_1_72' title='bbox 485 1668 617 1750; x_wconf 70' lang='grc' dir='ltr'>γεωργός</span> <span class='ocrx_word' id='word_1_73' title='bbox 641 1661 684 1737; x_wconf 84' lang='grc' dir='ltr'>εἰς</span> <span class='ocrx_word' id='word_1_74' title='bbox 705 1671 798 1729; x_wconf 83' lang='grc' dir='ltr'>νὲωτα</span> <span class='ocrx_word' id='word_1_75' title='bbox 821 1666 975 1736; x_wconf 76' lang='grc' dir='ltr'>πλοίισιοςς</span> <span class='ocrx_word' id='word_1_76' title='bbox 1000 1663 1090 1728; x_wconf 87' lang='grc' dir='ltr'>ΜΠΙ</span> <span class='ocrx_word' id='word_1_77' title='bbox 1104 1662 1167 1749; x_wconf 82' lang='grc' dir='ltr'>ριδ.</span> 
     </span>
    </p>

    <p class='ocr_par' dir='ltr' id='par_1_11' title="bbox 349 1769 1579 1965">
     <span class='ocr_line' id='line_1_13' title="bbox 349 1769 1579 1859; baseline -0.001 -23"><span class='ocrx_word' id='word_1_78' title='bbox 349 1771 389 1836; x_wconf 88' lang='grc'>31</span> <span class='ocrx_word' id='word_1_79' title='bbox 415 1775 514 1858; x_wconf 78' lang='grc' dir='ltr'>χαμαὶ</span> <span class='ocrx_word' id='word_1_80' title='bbox 529 1769 656 1844; x_wconf 87' lang='grc' dir='ltr'>ἀντλεῖς·</span> <span class='ocrx_word' id='word_1_81' title='bbox 671 1774 797 1837; x_wconf 80' lang='grc' dir='ltr'>πλίνθον</span> <span class='ocrx_word' id='word_1_82' title='bbox 810 1775 944 1844; x_wconf 82' lang='grc' dir='ltr'>πλόνεις·</span> <span class='ocrx_word' id='word_1_83' title='bbox 959 1775 1055 1859; x_wconf 80' lang='grc' dir='ltr'>φακόν</span> <span class='ocrx_word' id='word_1_84' title='bbox 1069 1777 1199 1844; x_wconf 91' lang='grc' dir='ltr'>κόπτεις·</span> <span class='ocrx_word' id='word_1_85' title='bbox 1219 1782 1410 1858; x_wconf 85' lang='grc' dir='ltr'>καταμαχείς</span> <span class='ocrx_word' id='word_1_86' title='bbox 1422 1774 1579 1855; x_wconf 86' lang='grc' dir='ltr'>κυβιστόις·</span> 
     </span>
     <span class='ocr_line' id='line_1_14' title="bbox 415 1875 963 1965; baseline 0.004 -23"><span class='ocrx_word' id='word_1_87' title='bbox 415 1880 580 1965; x_wconf 83' lang='grc' dir='ltr'>βατράχοις</span> <span class='ocrx_word' id='word_1_88' title='bbox 603 1875 764 1965; x_wconf 76' lang='grc' dir='ltr'>οίνοχοεῖςι</span> <span class='ocrx_word' id='word_1_89' title='bbox 788 1877 820 1943; x_wconf 89' lang='grc' dir='ltr'><em>Μ</em></span> <span class='ocrx_word' id='word_1_90' title='bbox 832 1877 880 1943; x_wconf 89' lang='lat' dir='ltr'>III</span> <span class='ocrx_word' id='word_1_91' title='bbox 894 1877 963 1964; x_wconf 78' lang='grc' dir='ltr'>μεθ’.</span> 
     </span>
    </p>

    <p class='ocr_par' dir='ltr' id='par_1_12' title="bbox 349 1981 1248 2073">
     <span class='ocr_line' id='line_1_15' title="bbox 349 1981 1248 2073; baseline -0.001 -23"><span class='ocrx_word' id='word_1_92' title='bbox 349 1986 392 2050; x_wconf 89' lang='grc'>32</span> <span class='ocrx_word' id='word_1_93' title='bbox 416 1981 498 2050; x_wconf 80' lang='grc' dir='ltr'>οάδὲν</span> <span class='ocrx_word' id='word_1_94' title='bbox 522 1984 557 2072; x_wconf 82' lang='grc' dir='ltr'>ἠν</span> <span class='ocrx_word' id='word_1_95' title='bbox 581 1983 643 2070; x_wconf 83' lang='grc' dir='ltr'>ἄρα</span> <span class='ocrx_word' id='word_1_96' title='bbox 664 1985 761 2050; x_wconf 86' lang='grc' dir='ltr'>τᾶλλα</span> <span class='ocrx_word' id='word_1_97' title='bbox 784 1988 863 2071; x_wconf 79' lang='grc' dir='ltr'>πλὴν</span> <span class='ocrx_word' id='word_1_98' title='bbox 885 1983 902 2050; x_wconf 88' lang='grc' dir='ltr'>ὁ</span> <span class='ocrx_word' id='word_1_99' title='bbox 926 1992 1049 2073; x_wconf 75' lang='grc' dir='ltr'>χρυσόςι</span> <span class='ocrx_word' id='word_1_100' title='bbox 1073 1984 1163 2050; x_wconf 88' lang='grc' dir='ltr'>ΜΠΙ</span> <span class='ocrx_word' id='word_1_101' title='bbox 1178 1984 1248 2072; x_wconf 86' lang='grc' dir='ltr'>ρλδ.</span> 
     </span>
    </p>

    <p class='ocr_par' dir='ltr' id='par_1_13' title="bbox 349 2089 1580 2396">
     <span class='ocr_line' id='line_1_16' title="bbox 349 2089 1580 2181; baseline -0.002 -23"><span class='ocrx_word' id='word_1_102' title='bbox 349 2093 392 2158; x_wconf 87' lang='grc'>33</span> <span class='ocrx_word' id='word_1_103' title='bbox 416 2089 446 2156; x_wconf 80' lang='grc' dir='ltr'>ἐν</span> <span class='ocrx_word' id='word_1_104' title='bbox 469 2097 551 2176; x_wconf 87' lang='grc' dir='ltr'>πίθῳ</span> <span class='ocrx_word' id='word_1_105' title='bbox 578 2096 630 2178; x_wconf 75' lang='grc' dir='ltr'>τὴν</span> <span class='ocrx_word' id='word_1_106' title='bbox 656 2098 802 2180; x_wconf 87' lang='grc' dir='ltr'>κεραμίαν</span> <span class='ocrx_word' id='word_1_107' title='bbox 831 2097 1005 2181; x_wconf 75' lang='grc' dir='ltr'>μανθάνειν</span> <span class='ocrx_word' id='word_1_108' title='bbox 1039 2091 1086 2157; x_wconf 81' lang='grc' dir='ltr'>ἐπὶ</span> <span class='ocrx_word' id='word_1_109' title='bbox 1112 2105 1169 2157; x_wconf 84' lang='grc' dir='ltr'>τῶν</span> <span class='ocrx_word' id='word_1_110' title='bbox 1195 2098 1354 2178; x_wconf 77' lang='grc' dir='ltr'>παριέντων</span> <span class='ocrx_word' id='word_1_111' title='bbox 1379 2095 1433 2163; x_wconf 86' lang='grc' dir='ltr'>τὰς</span> <span class='ocrx_word' id='word_1_112' title='bbox 1455 2095 1580 2176; x_wconf 78' lang='grc' dir='ltr'>πρόπας</span> 
     </span>
     <span class='ocr_line' id='line_1_17' title="bbox 415 2197 1579 2287; baseline -0.002 -23"><span class='ocrx_word' id='word_1_113' title='bbox 415 2203 565 2287; x_wconf 76' lang='grc' dir='ltr'>μαθήσεις</span> <span class='ocrx_word' id='word_1_114' title='bbox 591 2203 644 2264; x_wconf 86' lang='grc' dir='ltr'>καί</span> <span class='ocrx_word' id='word_1_115' title='bbox 666 2197 837 2286; x_wconf 75' lang='grc' dir='ltr'>ἁπτομένων</span> <span class='ocrx_word' id='word_1_116' title='bbox 858 2211 915 2266; x_wconf 83' lang='grc' dir='ltr'>τῶν</span> <span class='ocrx_word' id='word_1_117' title='bbox 936 2203 1120 2266; x_wconf 75' lang='grc' dir='ltr'>τελευταίων·</span> <span class='ocrx_word' id='word_1_118' title='bbox 1149 2198 1238 2264; x_wconf 82' lang='grc' dir='ltr'>ἄλλοι</span> <span class='ocrx_word' id='word_1_119' title='bbox 1261 2201 1293 2264; x_wconf 80' lang='grc' dir='ltr'>δὲ</span> <span class='ocrx_word' id='word_1_120' title='bbox 1315 2198 1362 2264; x_wconf 85' lang='grc' dir='ltr'>ὲπί</span> <span class='ocrx_word' id='word_1_121' title='bbox 1384 2210 1441 2264; x_wconf 80' lang='grc' dir='ltr'>τῶν</span> <span class='ocrx_word' id='word_1_122' title='bbox 1464 2197 1579 2271; x_wconf 81' lang='grc' dir='ltr'>ἐντοῖς</span> 
     </span>
     <span class='ocr_line' id='line_1_18' title="bbox 415 2303 1285 2396; baseline 0.002 -26"><span class='ocrx_word' id='word_1_123' title='bbox 415 2303 538 2379; x_wconf 76' lang='grc' dir='ltr'>οἰκείοις</span> <span class='ocrx_word' id='word_1_124' title='bbox 559 2309 612 2392; x_wconf 70' lang='grc' dir='ltr'>τὴν</span> <span class='ocrx_word' id='word_1_125' title='bbox 637 2309 758 2394; x_wconf 76' lang='grc' dir='ltr'>μελέτην</span> <span class='ocrx_word' id='word_1_126' title='bbox 780 2312 962 2394; x_wconf 75' lang='grc' dir='ltr'>ποιουμένων</span> <span class='ocrx_word' id='word_1_127' title='bbox 984 2313 1088 2396; x_wconf 77' lang='grc' dir='ltr'>φασίνι</span> <span class='ocrx_word' id='word_1_128' title='bbox 1111 2306 1201 2371; x_wconf 88' lang='grc' dir='ltr'>ΜΙΠ</span> <span class='ocrx_word' id='word_1_129' title='bbox 1215 2306 1285 2392; x_wconf 86' lang='grc' dir='ltr'>ρνβ’.</span> 
     </span>
    </p>

    <p class='ocr_par' dir='ltr' id='par_1_14' title="bbox 348 2411 1578 2609">
     <span class='ocr_line' id='line_1_19' title="bbox 348 2411 1578 2503; baseline 0 -25"><span class='ocrx_word' id='word_1_130' title='bbox 348 2414 391 2478; x_wconf 90' lang='grc'>34</span> <span class='ocrx_word' id='word_1_131' title='bbox 415 2411 482 2485; x_wconf 82' lang='grc' dir='ltr'>ἅλις</span> <span class='ocrx_word' id='word_1_132' title='bbox 513 2411 641 2485; x_wconf 86' lang='grc' dir='ltr'>Μινόαις</span> <span class='ocrx_word' id='word_1_133' title='bbox 672 2426 728 2478; x_wconf 83' lang='grc' dir='ltr'>των</span> <span class='ocrx_word' id='word_1_134' title='bbox 760 2420 873 2503; x_wconf 81' lang='grc' dir='ltr'>φόρων·</span> <span class='ocrx_word' id='word_1_135' title='bbox 911 2413 970 2478; x_wconf 90' lang='grc' dir='ltr'>ἀπὸ</span> <span class='ocrx_word' id='word_1_136' title='bbox 1009 2411 1208 2499; x_wconf 72' lang='grc' dir='ltr'>Ἡρακλέους·</span> <span class='ocrx_word' id='word_1_137' title='bbox 1246 2413 1393 2479; x_wconf 82' lang='grc' dir='ltr'>ἐλθόντων</span> <span class='ocrx_word' id='word_1_138' title='bbox 1430 2417 1486 2498; x_wconf 73' lang='grc' dir='ltr'>γὰρ</span> <span class='ocrx_word' id='word_1_139' title='bbox 1522 2418 1578 2478; x_wconf 88' lang='grc' dir='ltr'>καὶ</span> 
     </span>
     <span class='ocr_line' id='line_1_20' title="bbox 416 2519 1084 2609; baseline 0 -25"><span class='ocrx_word' id='word_1_140' title='bbox 416 2519 614 2587; x_wconf 85' lang='grc' dir='ltr'>ἀπαιτοόντων</span> <span class='ocrx_word' id='word_1_141' title='bbox 636 2527 727 2609; x_wconf 82' lang='grc' dir='ltr'>φόρον</span> <span class='ocrx_word' id='word_1_142' title='bbox 751 2520 884 2595; x_wconf 78' lang='grc' dir='ltr'>ἅπαντας</span> <span class='ocrx_word' id='word_1_143' title='bbox 907 2521 1084 2589; x_wconf 74' lang='grc' dir='ltr'>ἀπέκτεινενε</span> 
     </span>
    </p>

    <p class='ocr_par' dir='ltr' id='par_1_15' title="bbox 348 2627 1576 2820">
     <span class='ocr_line' id='line_1_21' title="bbox 348 2627 1576 2717; baseline 0 -24"><span class='ocrx_word' id='word_1_144' title='bbox 348 2628 392 2694; x_wconf 84' lang='lat'>35</span> <span class='ocrx_word' id='word_1_145' title='bbox 416 2627 463 2692; x_wconf 80' lang='grc' dir='ltr'>ἐπὶ</span> <span class='ocrx_word' id='word_1_146' title='bbox 491 2639 588 2713; x_wconf 81' lang='grc' dir='ltr'>σαυτῷ</span> <span class='ocrx_word' id='word_1_147' title='bbox 610 2632 664 2715; x_wconf 73' lang='grc' dir='ltr'>τὴν</span> <span class='ocrx_word' id='word_1_148' title='bbox 687 2631 810 2717; x_wconf 71' lang='grc' dir='ltr'>σελήνην</span> <span class='ocrx_word' id='word_1_149' title='bbox 832 2633 992 2702; x_wconf 85' lang='grc' dir='ltr'>καθελεῖς·</span> <span class='ocrx_word' id='word_1_150' title='bbox 1021 2627 1145 2694; x_wconf 80' lang='grc' dir='ltr'>ἐπὶτῶν</span> <span class='ocrx_word' id='word_1_151' title='bbox 1170 2627 1286 2701; x_wconf 81' lang='grc' dir='ltr'>ἑωυτοῖς</span> <span class='ocrx_word' id='word_1_152' title='bbox 1307 2627 1513 2716; x_wconf 73' lang='grc' dir='ltr'>ἐπισπωμένων</span> <span class='ocrx_word' id='word_1_153' title='bbox 1537 2633 1576 2694; x_wconf 87' lang='grc' dir='ltr'>τὰ</span> 
     </span>
     <span class='ocr_line' id='line_1_22' title="bbox 415 2735 706 2820; baseline 0.003 -20"><span class='ocrx_word' id='word_1_154' title='bbox 415 2740 512 2800; x_wconf 77' lang='grc' dir='ltr'>κακόιι</span> <span class='ocrx_word' id='word_1_155' title='bbox 537 2735 624 2800; x_wconf 87' lang='grc' dir='ltr'>ΜΙΠ</span> <span class='ocrx_word' id='word_1_156' title='bbox 639 2735 706 2820; x_wconf 58' lang='grc' dir='ltr'>ρνῐῖ</span> 
     </span>
    </p>

    <p class='ocr_par' dir='ltr' id='par_1_16' title="bbox 349 2839 1289 2932">
     <span class='ocr_line' id='line_1_23' title="bbox 349 2839 1289 2932; baseline 0 -24"><span class='ocrx_word' id='word_1_157' title='bbox 349 2843 391 2908; x_wconf 90' lang='grc'>36</span> <span class='ocrx_word' id='word_1_158' title='bbox 415 2839 614 2928; x_wconf 80' lang='grc' dir='ltr'>ἠλιθιώτερος</span> <span class='ocrx_word' id='word_1_159' title='bbox 636 2851 687 2908; x_wconf 85' lang='grc' dir='ltr'>τοῦ</span> <span class='ocrx_word' id='word_1_160' title='bbox 711 2841 885 2932; x_wconf 74' lang='grc' dir='ltr'>Πραξίλλης</span> <span class='ocrx_word' id='word_1_161' title='bbox 909 2841 1089 2917; x_wconf 72' lang='grc' dir='ltr'>Ἀδόινιδοςε</span> <span class='ocrx_word' id='word_1_162' title='bbox 1112 2843 1203 2909; x_wconf 88' lang='lat' dir='ltr'>MIII</span> <span class='ocrx_word' id='word_1_163' title='bbox 1217 2842 1289 2930; x_wconf 87' lang='grc' dir='ltr'>ρνθ’.</span> 
     </span>
    </p>

    <p class='ocr_par' dir='ltr' id='par_1_17' title="bbox 350 2946 1575 3144">
     <span class='ocr_line' id='line_1_24' title="bbox 350 2946 1575 3038; baseline 0.002 -23"><span class='ocrx_word' id='word_1_164' title='bbox 350 2950 392 3015; x_wconf 81' lang='grc'>37</span> <span class='ocrx_word' id='word_1_165' title='bbox 418 2946 532 3014; x_wconf 81' lang='grc' dir='ltr'>Φώκου</span> <span class='ocrx_word' id='word_1_166' title='bbox 561 2951 682 3034; x_wconf 86' lang='grc' dir='ltr'>ἔρανος·</span> <span class='ocrx_word' id='word_1_167' title='bbox 710 2953 788 3015; x_wconf 84' lang='grc' dir='ltr'>κατὰ</span> <span class='ocrx_word' id='word_1_168' title='bbox 815 2963 870 3017; x_wconf 85' lang='grc' dir='ltr'>τῶν</span> <span class='ocrx_word' id='word_1_169' title='bbox 901 2948 1032 3038; x_wconf 83' lang='grc' dir='ltr'>εάωχίας</span> <span class='ocrx_word' id='word_1_170' title='bbox 1059 2958 1279 3035; x_wconf 74' lang='grc' dir='ltr'>συναγαγόντων</span> <span class='ocrx_word' id='word_1_171' title='bbox 1313 2949 1361 3016; x_wconf 84' lang='grc' dir='ltr'>ἐπί</span> <span class='ocrx_word' id='word_1_172' title='bbox 1389 2962 1431 3034; x_wconf 81' lang='grc' dir='ltr'>τῷ</span> <span class='ocrx_word' id='word_1_173' title='bbox 1463 2947 1575 3018; x_wconf 81' lang='grc' dir='ltr'>ἑαυτῶν</span> 
     </span>
     <span class='ocr_line' id='line_1_25' title="bbox 413 3057 856 3144; baseline 0.007 -23"><span class='ocrx_word' id='word_1_174' title='bbox 413 3069 500 3142; x_wconf 84' lang='grc' dir='ltr'>κακῷ</span> <span class='ocrx_word' id='word_1_175' title='bbox 524 3060 654 3138; x_wconf 66' lang='grc' dir='ltr'>λέγεται</span> <span class='ocrx_word' id='word_1_176' title='bbox 679 3057 772 3123; x_wconf 91' lang='grc' dir='ltr'>ΜΠΙ</span> <span class='ocrx_word' id='word_1_177' title='bbox 786 3058 856 3144; x_wconf 75' lang='grc' dir='ltr'>ρξδ.</span> 
     </span>
    </p>

    <p class='ocr_par' dir='ltr' id='par_1_18' title="bbox 348 3163 1576 3362">
     <span class='ocr_line' id='line_1_26' title="bbox 348 3163 1576 3255; baseline -0.001 -25"><span class='ocrx_word' id='word_1_178' title='bbox 348 3165 391 3230; x_wconf 88' lang='lat'>38</span> <span class='ocrx_word' id='word_1_179' title='bbox 415 3163 458 3237; x_wconf 84' lang='grc' dir='ltr'>ὡς</span> <span class='ocrx_word' id='word_1_180' title='bbox 478 3168 530 3251; x_wconf 73' lang='grc' dir='ltr'>τὴν</span> <span class='ocrx_word' id='word_1_181' title='bbox 554 3164 584 3231; x_wconf 81' lang='grc' dir='ltr'>ἐν</span> <span class='ocrx_word' id='word_1_182' title='bbox 601 3163 712 3251; x_wconf 73' lang='grc' dir='ltr'>Ἄργει</span> <span class='ocrx_word' id='word_1_183' title='bbox 737 3165 847 3233; x_wconf 84' lang='grc' dir='ltr'>ἀσπίδα</span> <span class='ocrx_word' id='word_1_184' title='bbox 869 3171 1011 3233; x_wconf 85' lang='grc' dir='ltr'>καθελὼν</span> <span class='ocrx_word' id='word_1_185' title='bbox 1039 3171 1220 3255; x_wconf 84' lang='grc' dir='ltr'>σεμνίνεται·</span> <span class='ocrx_word' id='word_1_186' title='bbox 1253 3165 1281 3232; x_wconf 84' lang='grc' dir='ltr'>οἱ</span> <span class='ocrx_word' id='word_1_187' title='bbox 1307 3170 1358 3254; x_wconf 82' lang='grc' dir='ltr'>μὲν</span> <span class='ocrx_word' id='word_1_188' title='bbox 1387 3164 1497 3231; x_wconf 78' lang='grc' dir='ltr'>ἀσπίδα</span> <span class='ocrx_word' id='word_1_189' title='bbox 1523 3167 1576 3229; x_wconf 79' lang='grc' dir='ltr'>λέ-</span> 
     </span>
     <span class='ocr_line' id='line_1_27' title="bbox 414 3271 1518 3362; baseline 0.004 -26"><span class='ocrx_word' id='word_1_190' title='bbox 414 3290 526 3352; x_wconf 78' lang='grc' dir='ltr'>γουσιν·</span> <span class='ocrx_word' id='word_1_191' title='bbox 551 3271 579 3337; x_wconf 82' lang='grc' dir='ltr'>οἱ</span> <span class='ocrx_word' id='word_1_192' title='bbox 602 3275 633 3338; x_wconf 84' lang='grc' dir='ltr'>δὲ</span> <span class='ocrx_word' id='word_1_193' title='bbox 656 3276 749 3360; x_wconf 89' lang='grc' dir='ltr'>λόχον</span> <span class='ocrx_word' id='word_1_194' title='bbox 771 3280 906 3356; x_wconf 79' lang='grc' dir='ltr'>γενναίων</span> <span class='ocrx_word' id='word_1_195' title='bbox 929 3288 1047 3342; x_wconf 85' lang='grc' dir='ltr'>νεανιων</span> <span class='ocrx_word' id='word_1_196' title='bbox 1071 3273 1320 3358; x_wconf 73' lang='grc' dir='ltr'>ἀκαταγώνιστονι</span> <span class='ocrx_word' id='word_1_197' title='bbox 1344 3272 1433 3338; x_wconf 89' lang='grc' dir='ltr'>ΜΙΠ</span> <span class='ocrx_word' id='word_1_198' title='bbox 1447 3273 1518 3362; x_wconf 60' lang='lat' dir='ltr'><strong>pivs.</strong></span> 
     </span>
    </p>

    <p class='ocr_par' dir='ltr' id='par_1_19' title="bbox 348 3375 1374 3470">
     <span class='ocr_line' id='line_1_28' title="bbox 348 3375 1374 3470; baseline 0.003 -27"><span class='ocrx_word' id='word_1_199' title='bbox 348 3379 391 3444; x_wconf 88' lang='grc'>39</span> <span class='ocrx_word' id='word_1_200' title='bbox 415 3375 610 3466; x_wconf 82' lang='grc' dir='ltr'>Ἀμαλθείας</span> <span class='ocrx_word' id='word_1_201' title='bbox 632 3386 736 3465; x_wconf 81' lang='grc' dir='ltr'>κόρας·</span> <span class='ocrx_word' id='word_1_202' title='bbox 761 3379 888 3447; x_wconf 84' lang='grc' dir='ltr'>ἐπὶτῶν</span> <span class='ocrx_word' id='word_1_203' title='bbox 912 3379 1172 3470; x_wconf 75' lang='grc' dir='ltr'>εόδαιμονοίιντωνε</span> <span class='ocrx_word' id='word_1_204' title='bbox 1196 3380 1285 3447; x_wconf 90' lang='grc' dir='ltr'>ΜΙΠ</span> <span class='ocrx_word' id='word_1_205' title='bbox 1299 3381 1374 3467; x_wconf 69' lang='grc' dir='ltr'>μεθ’.</span> 
     </span>
    </p>
   </div>
   <div class='ocr_carea' id='block_1_3' title="bbox 930 3593 991 3664">
    <p class='ocr_par' dir='ltr' id='par_1_20' title="bbox 930 3593 991 3664">
     <span class='ocr_line' id='line_1_29' title="bbox 930 3593 991 3664; baseline 0.066 -5"><span class='ocrx_word' id='word_1_206' title='bbox 930 3593 991 3664; x_wconf 80' lang='lat' dir='ltr'>IV.</span> 
     </span>
    </p>
   </div>
   <div class='ocr_carea' id='block_1_4' title="bbox 370 3731 1475 4038">
    <p class='ocr_par' dir='ltr' id='par_1_21' title="bbox 370 3731 1475 4038">
     <span class='ocr_line' id='line_1_30' title="bbox 372 3731 1235 3826; baseline 0.003 -25"><span class='ocrx_word' id='word_1_207' title='bbox 372 3739 388 3801; x_wconf 95' lang='lat'>1</span> <span class='ocrx_word' id='word_1_208' title='bbox 413 3731 615 3821; x_wconf 79' lang='grc' dir='ltr'>ἀπερβερετία·</span> <span class='ocrx_word' id='word_1_209' title='bbox 639 3736 764 3804; x_wconf 78' lang='grc' dir='ltr'>ἐπὶτῶν</span> <span class='ocrx_word' id='word_1_210' title='bbox 787 3736 946 3826; x_wconf 79' lang='grc' dir='ltr'>ἐγχρονίων</span> <span class='ocrx_word' id='word_1_211' title='bbox 968 3738 1095 3826; x_wconf 76' lang='grc' dir='ltr'>εἴρηταιτ</span> <span class='ocrx_word' id='word_1_212' title='bbox 1119 3737 1187 3804; x_wconf 89' lang='lat' dir='ltr'>LII</span> <span class='ocrx_word' id='word_1_213' title='bbox 1201 3737 1235 3819; x_wconf 77' lang='grc' dir='ltr'>γ’.</span> 
     </span>
     <span class='ocr_line' id='line_1_31' title="bbox 370 3839 1226 3934; baseline 0.004 -26"><span class='ocrx_word' id='word_1_214' title='bbox 370 3845 391 3908; x_wconf 89' lang='grc'>2</span> <span class='ocrx_word' id='word_1_215' title='bbox 416 3839 510 3916; x_wconf 82' lang='grc' dir='ltr'>Ἰνοῦς</span> <span class='ocrx_word' id='word_1_216' title='bbox 532 3842 611 3931; x_wconf 79' lang='grc' dir='ltr'><strong>ἄχη·</strong></span> <span class='ocrx_word' id='word_1_217' title='bbox 636 3843 684 3910; x_wconf 86' lang='grc' dir='ltr'>ἐπί</span> <span class='ocrx_word' id='word_1_218' title='bbox 706 3858 762 3910; x_wconf 85' lang='grc' dir='ltr'>τῶν</span> <span class='ocrx_word' id='word_1_219' title='bbox 785 3851 859 3912; x_wconf 81' lang='grc' dir='ltr'>πάνυ</span> <span class='ocrx_word' id='word_1_220' title='bbox 882 3849 1085 3934; x_wconf 72' lang='grc' dir='ltr'>λυπουμένωνς</span> <span class='ocrx_word' id='word_1_221' title='bbox 1110 3845 1177 3910; x_wconf 92' lang='lat' dir='ltr'>LII</span> <span class='ocrx_word' id='word_1_222' title='bbox 1193 3845 1226 3920; x_wconf 84' lang='grc' dir='ltr'>ς’.</span> 
     </span>
     <span class='ocr_line' id='line_1_32' title="bbox 370 3947 1475 4038; baseline 0.005 -25"><span class='ocrx_word' id='word_1_223' title='bbox 370 3951 390 4014; x_wconf 89' lang='grc'>3</span> <span class='ocrx_word' id='word_1_224' title='bbox 414 3947 457 4022; x_wconf 82' lang='grc' dir='ltr'>εἰς</span> <span class='ocrx_word' id='word_1_225' title='bbox 478 3949 630 4038; x_wconf 81' lang='grc' dir='ltr'>ἄπληστον</span> <span class='ocrx_word' id='word_1_226' title='bbox 654 3957 744 4019; x_wconf 89' lang='grc' dir='ltr'>πίθον</span> <span class='ocrx_word' id='word_1_227' title='bbox 767 3953 894 4026; x_wconf 87' lang='grc' dir='ltr'>ἀντλεῖς·</span> <span class='ocrx_word' id='word_1_228' title='bbox 922 3951 964 4027; x_wconf 80' lang='grc' dir='ltr'>είς</span> <span class='ocrx_word' id='word_1_229' title='bbox 985 3957 1034 4018; x_wconf 87' lang='grc' dir='ltr'>τόν</span> <span class='ocrx_word' id='word_1_230' title='bbox 1056 3949 1211 4021; x_wconf 81' lang='grc' dir='ltr'>Δαναΐδων</span> <span class='ocrx_word' id='word_1_231' title='bbox 1234 3955 1337 4018; x_wconf 77' lang='grc' dir='ltr'>πίθονε</span> <span class='ocrx_word' id='word_1_232' title='bbox 1361 3952 1429 4016; x_wconf 94' lang='lat' dir='ltr'>LII</span> <span class='ocrx_word' id='word_1_233' title='bbox 1443 3951 1475 4026; x_wconf 65' lang='grc' dir='ltr'>ζ.</span> 
     </span>
    </p>
   </div>
   <div class='ocr_carea' id='block_1_5' title="bbox 370 4052 1574 4149">
    <p class='ocr_par' dir='ltr' id='par_1_22' title="bbox 370 4052 1574 4149">
     <span class='ocr_line' id='line_1_33' title="bbox 370 4052 1574 4149; baseline 0.004 -28"><span class='ocrx_word' id='word_1_234' title='bbox 370 4059 392 4121; x_wconf 90' lang='grc'><strong>4</strong></span> <span class='ocrx_word' id='word_1_235' title='bbox 415 4052 548 4142; x_wconf 78' lang='grc' dir='ltr'>Ἀτρέως</span> <span class='ocrx_word' id='word_1_236' title='bbox 570 4057 706 4146; x_wconf 88' lang='grc' dir='ltr'>ὄμματα·</span> <span class='ocrx_word' id='word_1_237' title='bbox 732 4064 769 4126; x_wconf 84' lang='grc' dir='ltr'>τὰ</span> <span class='ocrx_word' id='word_1_238' title='bbox 793 4061 899 4149; x_wconf 80' lang='grc' dir='ltr'>ἀναιδῆ</span> <span class='ocrx_word' id='word_1_239' title='bbox 922 4067 974 4127; x_wconf 88' lang='grc' dir='ltr'>καί</span> <span class='ocrx_word' id='word_1_240' title='bbox 997 4066 1156 4148; x_wconf 82' lang='grc' dir='ltr'>παράνομα</span> <span class='ocrx_word' id='word_1_241' title='bbox 1171 4063 1219 4125; x_wconf 83' lang='grc' dir='ltr'>διὰ</span> <span class='ocrx_word' id='word_1_242' title='bbox 1232 4064 1285 4146; x_wconf 80' lang='grc' dir='ltr'>τὴν</span> <span class='ocrx_word' id='word_1_243' title='bbox 1297 4064 1371 4146; x_wconf 82' lang='grc' dir='ltr'>πρὸς</span> <span class='ocrx_word' id='word_1_244' title='bbox 1384 4059 1574 4147; x_wconf 79' lang='grc' dir='ltr'>τδνθυὲστρν</span> 
     </span>
    </p>
   </div>
   <div class='ocr_carea' id='block_1_6' title="bbox 370 4165 1135 4362">
    <p class='ocr_par' dir='ltr' id='par_1_23' title="bbox 370 4165 1135 4362">
     <span class='ocr_line' id='line_1_34' title="bbox 414 4165 749 4255; baseline 0.012 -27"><span class='ocrx_word' id='word_1_245' title='bbox 414 4170 601 4251; x_wconf 87' lang='grc' dir='ltr'>παρανομίαν</span> <span class='ocrx_word' id='word_1_246' title='bbox 623 4165 749 4255; x_wconf 76' lang='grc' dir='ltr'>εἴρηταιε</span> 
     </span>
     <span class='ocr_line' id='line_1_35' title="bbox 370 4269 1135 4362; baseline 0.003 -26"><span class='ocrx_word' id='word_1_247' title='bbox 370 4272 391 4336; x_wconf 79' lang='grc'>5</span> <span class='ocrx_word' id='word_1_248' title='bbox 415 4269 472 4355; x_wconf 86' lang='grc' dir='ltr'>ὄνῳ</span> <span class='ocrx_word' id='word_1_249' title='bbox 494 4294 538 4344; x_wconf 86' lang='grc' dir='ltr'>τις</span> <span class='ocrx_word' id='word_1_250' title='bbox 561 4273 643 4354; x_wconf 73' lang='grc' dir='ltr'>ἔλεγε</span> <span class='ocrx_word' id='word_1_251' title='bbox 667 4280 774 4362; x_wconf 81' lang='grc' dir='ltr'>μῦθον,</span> <span class='ocrx_word' id='word_1_252' title='bbox 798 4272 814 4339; x_wconf 86' lang='grc' dir='ltr'>ὁ</span> <span class='ocrx_word' id='word_1_253' title='bbox 839 4278 928 4340; x_wconf 80' lang='grc' dir='ltr'>δὲτὰ</span> <span class='ocrx_word' id='word_1_254' title='bbox 951 4275 1014 4341; x_wconf 88' lang='grc' dir='ltr'>ὦτα</span> <span class='ocrx_word' id='word_1_255' title='bbox 1036 4274 1135 4341; x_wconf 73' lang='grc' dir='ltr'>ἐκίνεις</span> 
     </span>
    </p>
   </div>
   <div class='ocr_carea' id='block_1_7' title="bbox 347 4501 1307 4756">
    <p class='ocr_par' dir='ltr' id='par_1_24' title="bbox 347 4501 1307 4756">
     <span class='ocr_line' id='line_1_36' title="bbox 347 4501 1232 4572; baseline 0.007 -18"><span class='ocrx_word' id='word_1_256' title='bbox 347 4501 386 4554; x_wconf 91' lang='lat' dir='ltr'>III</span> <span class='ocrx_word' id='word_1_257' title='bbox 405 4502 440 4555; x_wconf 81' lang='lat'>22</span> <span class='ocrx_word' id='word_1_258' title='bbox 458 4501 584 4572; x_wconf 76' lang='grc' dir='ltr'>τρσρονίου</span> <span class='ocrx_word' id='word_1_259' title='bbox 603 4505 660 4561; x_wconf 76' lang='lat' dir='ltr'><strong>eod.</strong></span> <span class='ocrx_word' id='word_1_260' title='bbox 986 4507 1026 4560; x_wconf 89' lang='lat' dir='ltr'>HI</span> <span class='ocrx_word' id='word_1_261' title='bbox 1045 4507 1080 4561; x_wconf 84' lang='lat'>34</span> <span class='ocrx_word' id='word_1_262' title='bbox 1098 4504 1156 4557; x_wconf 82' lang='grc' dir='ltr'>ἀλισ</span> <span class='ocrx_word' id='word_1_263' title='bbox 1175 4507 1232 4560; x_wconf 86' lang='lat' dir='ltr'>cod.</span> 
     </span>
     <span class='ocr_line' id='line_1_37' title="bbox 404 4590 1286 4664; baseline 0.003 -18"><span class='ocrx_word' id='word_1_264' title='bbox 404 4591 439 4646; x_wconf 84' lang='grc'>27</span> <span class='ocrx_word' id='word_1_265' title='bbox 458 4590 561 4664; x_wconf 83' lang='grc' dir='ltr'>ἀφιίρασ</span> <span class='ocrx_word' id='word_1_266' title='bbox 581 4595 637 4649; x_wconf 83' lang='lat' dir='ltr'><strong>eod.</strong></span> <span class='ocrx_word' id='word_1_267' title='bbox 1043 4597 1078 4650; x_wconf 89' lang='grc'>36</span> <span class='ocrx_word' id='word_1_268' title='bbox 1096 4593 1208 4648; x_wconf 84' lang='grc' dir='ltr'>ἀδόνιδοσ</span> <span class='ocrx_word' id='word_1_269' title='bbox 1227 4597 1286 4651; x_wconf 71' lang='lat' dir='ltr'><strong>eod.</strong></span> 
     </span>
     <span class='ocr_line' id='line_1_38' title="bbox 404 4675 1307 4756; baseline 0.006 -20"><span class='ocrx_word' id='word_1_270' title='bbox 404 4682 440 4736; x_wconf 87' lang='grc'>32</span> <span class='ocrx_word' id='word_1_271' title='bbox 459 4679 527 4733; x_wconf 75' lang='grc' dir='ltr'>οὐδὲν</span> <span class='ocrx_word' id='word_1_272' title='bbox 546 4675 587 4733; x_wconf 79' lang='grc' dir='ltr'>οὖν</span> <span class='ocrx_word' id='word_1_273' title='bbox 607 4683 666 4752; x_wconf 80' lang='grc' dir='ltr'>(εἰσ)</span> <span class='ocrx_word' id='word_1_274' title='bbox 685 4679 735 4754; x_wconf 77' lang='grc' dir='ltr'>ἆρα</span> <span class='ocrx_word' id='word_1_275' title='bbox 754 4683 810 4738; x_wconf 78' lang='lat' dir='ltr'>cod.</span> <span class='ocrx_word' id='word_1_276' title='bbox 1042 4685 1078 4740; x_wconf 80' lang='lat'>39</span> <span class='ocrx_word' id='word_1_277' title='bbox 1095 4683 1231 4756; x_wconf 83' lang='grc' dir='ltr'>ἀμαλθίασ</span> <span class='ocrx_word' id='word_1_278' title='bbox 1249 4685 1307 4741; x_wconf 75' lang='lat' dir='ltr'><strong>eod.</strong></span> 
     </span>
    </p>
   </div>
   <div class='ocr_carea' id='block_1_8' title="bbox 0 0 1778 5256">
    <p class='ocr_par' dir='ltr' id='par_1_25' title="bbox 0 0 1778 5256">
     <span class='ocr_line' id='line_1_39' title="bbox 0 0 1778 5256; baseline 0 1"><span class='ocrx_word' id='word_1_279' title='bbox 0 0 1778 5256; x_wconf 95' lang='lat' dir='ltr'> </span> 
     </span>
    </p>
   </div>
  </div>
 </body>
</html>
