<?xml version="1.0" encoding="UTF-8"?>
<!DOCTYPE html PUBLIC "-//W3C//DTD XHTML 1.0 Transitional//EN"
    "http://www.w3.org/TR/xhtml1/DTD/xhtml1-transitional.dtd">
<html xmlns="http://www.w3.org/1999/xhtml" xml:lang="en" lang="en">
 <head>
  <title>
</title>
<meta http-equiv="Content-Type" content="text/html;charset=utf-8" />
  <meta name='ocr-system' content='tesseract 3.04.00' />
  <meta name='ocr-capabilities' content='ocr_page ocr_carea ocr_par ocr_line ocrx_word'/>
</head>
<body>
  <div class='ocr_page' id='page_1' title='image "./destoicorumstud00strigoog_0562.png"; bbox 0 0 3560 5242; ppageno 0'>
   <div class='ocr_carea' id='block_1_1' title="bbox 831 415 871 476">
    <p class='ocr_par' dir='ltr' id='par_1_1' title="bbox 831 415 871 476">
     <span class='ocr_line' id='line_1_1' title="bbox 831 415 871 476; baseline 0 0"><span class='ocrx_word' id='word_1_1' title='bbox 831 415 871 476; x_wconf 69' lang='lat'>73</span> 
     </span>
    </p>
   </div>
   <div class='ocr_carea' id='block_1_2' title="bbox 745 499 955 508">
    <p class='ocr_par' dir='ltr' id='par_1_2' title="bbox 745 499 955 508">
     <span class='ocr_line' id='line_1_2' title="bbox 745 499 955 508; baseline -0.01 0"><span class='ocrx_word' id='word_1_2' title='bbox 745 499 955 508; x_wconf 76' lang='lat'>———-</span> 
     </span>
    </p>
   </div>
   <div class='ocr_carea' id='block_1_3' title="bbox 236 635 1459 904">
    <p class='ocr_par' dir='ltr' id='par_1_3' title="bbox 236 635 1459 904">
     <span class='ocr_line' id='line_1_3' title="bbox 236 635 1458 719; baseline 0.002 -20"><span class='ocrx_word' id='word_1_3' title='bbox 236 635 437 712; x_wconf 77' lang='lat' dir='ltr'>resuscitavi,</span> <span class='ocrx_word' id='word_1_4' title='bbox 481 636 668 719; x_wconf 87' lang='lat' dir='ltr'>scriptorum</span> <span class='ocrx_word' id='word_1_5' title='bbox 707 635 904 718; x_wconf 86' lang='lat' dir='ltr'>quorundam</span> <span class='ocrx_word' id='word_1_6' title='bbox 942 637 1226 702; x_wconf 86' lang='lat' dir='ltr'>ecclesiasticorum</span> <span class='ocrx_word' id='word_1_7' title='bbox 1265 641 1458 704; x_wconf 83' lang='lat' dir='ltr'>Graecorum</span> 
     </span>
     <span class='ocr_line' id='line_1_4' title="bbox 236 737 1459 822; baseline 0.002 -22"><span class='ocrx_word' id='word_1_8' title='bbox 236 737 376 820; x_wconf 81' lang='lat' dir='ltr'>vestigiis</span> <span class='ocrx_word' id='word_1_9' title='bbox 413 739 592 822; x_wconf 88' lang='lat' dir='ltr'>ingressum</span> <span class='ocrx_word' id='word_1_10' title='bbox 630 757 708 803; x_wconf 89' lang='lat' dir='ltr'>esse.</span> <span class='ocrx_word' id='word_1_11' title='bbox 766 741 917 804; x_wconf 74' lang='lat' dir='ltr'>auctores</span> <span class='ocrx_word' id='word_1_12' title='bbox 955 739 999 802; x_wconf 95' lang='lat' dir='ltr'>illi</span> <span class='ocrx_word' id='word_1_13' title='bbox 1037 739 1208 804; x_wconf 79' lang='lat' dir='ltr'>Christiani</span> <span class='ocrx_word' id='word_1_14' title='bbox 1242 741 1294 822; x_wconf 93' lang='lat' dir='ltr'>qui</span> <span class='ocrx_word' id='word_1_15' title='bbox 1331 739 1459 818; x_wconf 85' lang='lat' dir='ltr'>fuerint,</span> 
     </span>
     <span class='ocr_line' id='line_1_5' title="bbox 237 858 407 904; baseline 0.006 -2"><span class='ocrx_word' id='word_1_16' title='bbox 237 858 407 904; x_wconf 81' lang='lat' dir='ltr'>nescimus.</span> 
     </span>
    </p>
   </div>
   <div class='ocr_carea' id='block_1_4' title="bbox 746 1015 955 1022">
    <p class='ocr_par' dir='ltr' id='par_1_4' title="bbox 746 1015 955 1022">
     <span class='ocr_line' id='line_1_6' title="bbox 746 1015 955 1022; baseline 0.005 -1"><span class='ocrx_word' id='word_1_17' title='bbox 746 1015 752 1021; x_wconf 77' lang='lat'>-</span> <span class='ocrx_word' id='word_1_18' title='bbox 765 1015 850 1022; x_wconf 70' lang='lat'>----</span> <span class='ocrx_word' id='word_1_19' title='bbox 863 1017 955 1022; x_wconf 80' lang='lat'>——.</span> 
     </span>
    </p>
   </div>
   <div class='ocr_carea' id='block_1_5' title="bbox 525 1180 1080 1418">
    <p class='ocr_par' dir='ltr' id='par_1_5' title="bbox 525 1180 1080 1418">
     <span class='ocr_line' id='line_1_7' title="bbox 525 1180 1080 1266; baseline 0.004 -4"><span class='ocrx_word' id='word_1_20' title='bbox 525 1185 530 1193; x_wconf 80' lang='grc'><strong>’</strong></span> <span class='ocrx_word' id='word_1_21' title='bbox 608 1180 783 1266; x_wconf 67' lang='lat' dir='ltr'>CAPUT</span> <span class='ocrx_word' id='word_1_22' title='bbox 819 1181 1080 1266; x_wconf 64' lang='lat' dir='ltr'>meallen.</span> 
     </span>
     <span class='ocr_line' id='line_1_8' title="bbox 810 1338 881 1418; baseline 0 -20"><span class='ocrx_word' id='word_1_23' title='bbox 810 1339 828 1418; x_wconf 72' lang='lat' dir='ltr'>s</span> <span class='ocrx_word' id='word_1_24' title='bbox 854 1338 881 1398; x_wconf 92' lang='lat'>1.</span> 
     </span>
    </p>
   </div>
   <div class='ocr_carea' id='block_1_6' title="bbox 234 1471 1459 1966">
    <p class='ocr_par' dir='ltr' id='par_1_6' title="bbox 234 1471 1459 1966">
     <span class='ocr_line' id='line_1_9' title="bbox 323 1471 1458 1556; baseline 0.002 -22"><span class='ocrx_word' id='word_1_25' title='bbox 323 1471 522 1553; x_wconf 83' lang='lat' dir='ltr'>Quamquam</span> <span class='ocrx_word' id='word_1_26' title='bbox 540 1471 718 1536; x_wconf 86' lang='lat' dir='ltr'>bominibus</span> <span class='ocrx_word' id='word_1_27' title='bbox 730 1473 830 1537; x_wconf 89' lang='lat' dir='ltr'>doctis</span> <span class='ocrx_word' id='word_1_28' title='bbox 839 1472 997 1556; x_wconf 92' lang='lat' dir='ltr'>plerisque</span> <span class='ocrx_word' id='word_1_29' title='bbox 1012 1473 1197 1537; x_wconf 80' lang='lat' dir='ltr'>Tertulliani</span> <span class='ocrx_word' id='word_1_30' title='bbox 1211 1472 1458 1556; x_wconf 81' lang='lat' dir='ltr'>Apologeticum,</span> 
     </span>
     <span class='ocr_line' id='line_1_10' title="bbox 236 1573 1459 1660; baseline 0.002 -24"><span class='ocrx_word' id='word_1_31' title='bbox 236 1575 289 1656; x_wconf 94' lang='lat' dir='ltr'>qui</span> <span class='ocrx_word' id='word_1_32' title='bbox 312 1574 391 1638; x_wconf 89' lang='lat' dir='ltr'>liber</span> <span class='ocrx_word' id='word_1_33' title='bbox 414 1592 496 1638; x_wconf 91' lang='lat' dir='ltr'>auno</span> <span class='ocrx_word' id='word_1_34' title='bbox 519 1573 584 1638; x_wconf 86' lang='lat' dir='ltr'>iere</span> <span class='ocrx_word' id='word_1_35' title='bbox 608 1574 823 1639; x_wconf 89' lang='lat' dir='ltr'>ducentesimo</span> <span class='ocrx_word' id='word_1_36' title='bbox 846 1575 975 1639; x_wconf 75' lang='lat' dir='ltr'>attribui</span> <span class='ocrx_word' id='word_1_37' title='bbox 998 1576 1089 1651; x_wconf 86' lang='lat' dir='ltr'>solet,</span> <span class='ocrx_word' id='word_1_38' title='bbox 1118 1579 1189 1660; x_wconf 91' lang='lat' dir='ltr'>post</span> <span class='ocrx_word' id='word_1_39' title='bbox 1211 1573 1341 1638; x_wconf 85' lang='lat' dir='ltr'>Minucii</span> <span class='ocrx_word' id='word_1_40' title='bbox 1365 1573 1459 1640; x_wconf 89' lang='lat' dir='ltr'>Octa-</span> 
     </span>
     <span class='ocr_line' id='line_1_11' title="bbox 235 1676 1457 1760; baseline -0.001 -19"><span class='ocrx_word' id='word_1_41' title='bbox 235 1678 321 1741; x_wconf 85' lang='lat' dir='ltr'>vium</span> <span class='ocrx_word' id='word_1_42' title='bbox 350 1676 475 1741; x_wconf 82' lang='lat' dir='ltr'>videtur</span> <span class='ocrx_word' id='word_1_43' title='bbox 497 1678 708 1760; x_wconf 90' lang='lat' dir='ltr'>compositum</span> <span class='ocrx_word' id='word_1_44' title='bbox 732 1695 815 1754; x_wconf 91' lang='lat' dir='ltr'>csse,</span> <span class='ocrx_word' id='word_1_45' title='bbox 844 1680 950 1741; x_wconf 86' lang='lat' dir='ltr'>tamen</span> <span class='ocrx_word' id='word_1_46' title='bbox 974 1677 1181 1741; x_wconf 87' lang='lat' dir='ltr'>demonstrari</span> <span class='ocrx_word' id='word_1_47' title='bbox 1203 1681 1306 1760; x_wconf 89' lang='lat' dir='ltr'>potest</span> <span class='ocrx_word' id='word_1_48' title='bbox 1328 1677 1457 1742; x_wconf 84' lang='lat' dir='ltr'>Minucii</span> 
     </span>
     <span class='ocr_line' id='line_1_12' title="bbox 234 1779 1457 1864; baseline -0.001 -21"><span class='ocrx_word' id='word_1_49' title='bbox 234 1780 377 1844; x_wconf 90' lang='lat' dir='ltr'>libellum</span> <span class='ocrx_word' id='word_1_50' title='bbox 401 1798 462 1843; x_wconf 92' lang='lat' dir='ltr'>non</span> <span class='ocrx_word' id='word_1_51' title='bbox 487 1782 611 1843; x_wconf 88' lang='lat' dir='ltr'>tantum</span> <span class='ocrx_word' id='word_1_52' title='bbox 636 1779 745 1844; x_wconf 89' lang='lat' dir='ltr'>ecdem</span> <span class='ocrx_word' id='word_1_53' title='bbox 769 1783 918 1864; x_wconf 89' lang='lat' dir='ltr'>tempore,</span> <span class='ocrx_word' id='word_1_54' title='bbox 941 1799 1003 1862; x_wconf 94' lang='lat' dir='ltr'>quo</span> <span class='ocrx_word' id='word_1_55' title='bbox 1020 1779 1267 1863; x_wconf 75' lang='lat' dir='ltr'>apologeticum,</span> <span class='ocrx_word' id='word_1_56' title='bbox 1292 1779 1457 1844; x_wconf 87' lang='lat' dir='ltr'>sedetiam</span> 
     </span>
     <span class='ocr_line' id='line_1_13' title="bbox 234 1881 1459 1966; baseline 0 -20"><span class='ocrx_word' id='word_1_57' title='bbox 234 1885 343 1966; x_wconf 88' lang='lat' dir='ltr'>postea</span> <span class='ocrx_word' id='word_1_58' title='bbox 372 1881 465 1947; x_wconf 88' lang='lat' dir='ltr'>scribi</span> <span class='ocrx_word' id='word_1_59' title='bbox 496 1883 682 1966; x_wconf 91' lang='lat' dir='ltr'>potuisse.</span> <span class='ocrx_word' id='word_1_60' title='bbox 733 1885 836 1965; x_wconf 80' lang='lat' dir='ltr'>Atque</span> <span class='ocrx_word' id='word_1_61' title='bbox 859 1901 932 1946; x_wconf 89' lang='lat' dir='ltr'>cum</span> <span class='ocrx_word' id='word_1_62' title='bbox 955 1883 1121 1965; x_wconf 90' lang='lat' dir='ltr'>permultis</span> <span class='ocrx_word' id='word_1_63' title='bbox 1145 1882 1245 1946; x_wconf 90' lang='lat' dir='ltr'>modis</span> <span class='ocrx_word' id='word_1_64' title='bbox 1268 1883 1371 1947; x_wconf 88' lang='lat' dir='ltr'>conati</span> <span class='ocrx_word' id='word_1_65' title='bbox 1395 1883 1459 1946; x_wconf 92' lang='lat' dir='ltr'>sint</span> 
     </span>
    </p>
   </div>
   <div class='ocr_carea' id='block_1_7' title="bbox 122 1981 1458 2068">
    <p class='ocr_par' dir='ltr' id='par_1_7' title="bbox 122 1981 1458 2068">
     <span class='ocr_line' id='line_1_14' title="bbox 122 1981 1458 2068; baseline 0 -18"><span class='ocrx_word' id='word_1_66' title='bbox 122 1981 125 1987; x_wconf 77' lang='grc'><strong>’</strong></span> <span class='ocrx_word' id='word_1_67' title='bbox 235 2003 357 2060; x_wconf 87' lang='lat' dir='ltr'>eruore,</span> <span class='ocrx_word' id='word_1_68' title='bbox 383 2003 446 2066; x_wconf 86' lang='lat' dir='ltr'>qua</span> <span class='ocrx_word' id='word_1_69' title='bbox 469 1989 573 2050; x_wconf 86' lang='lat' dir='ltr'>aetate</span> <span class='ocrx_word' id='word_1_70' title='bbox 596 1984 754 2050; x_wconf 89' lang='lat' dir='ltr'>Minucius</span> <span class='ocrx_word' id='word_1_71' title='bbox 777 1985 924 2068; x_wconf 86' lang='lat' dir='ltr'>viguerit,</span> <span class='ocrx_word' id='word_1_72' title='bbox 948 2003 1001 2048; x_wconf 89' lang='lat' dir='ltr'>eas</span> <span class='ocrx_word' id='word_1_73' title='bbox 1025 1985 1200 2068; x_wconf 59' lang='lat' dir='ltr'>opiniones</span> <span class='ocrx_word' id='word_1_74' title='bbox 1224 2003 1303 2066; x_wconf 92' lang='lat' dir='ltr'>quas</span> <span class='ocrx_word' id='word_1_75' title='bbox 1328 2004 1345 2049; x_wconf 93' lang='lat' dir='ltr'>a</span> <span class='ocrx_word' id='word_1_76' title='bbox 1367 1985 1458 2050; x_wconf 91' lang='lat' dir='ltr'>nobis</span> 
     </span>
    </p>
   </div>
   <div class='ocr_carea' id='block_1_8' title="bbox 233 2087 1460 4532">
    <p class='ocr_par' dir='ltr' id='par_1_8' title="bbox 235 2087 1458 2274">
     <span class='ocr_line' id='line_1_15' title="bbox 235 2087 1458 2164; baseline 0 -12"><span class='ocrx_word' id='word_1_77' title='bbox 235 2088 349 2152; x_wconf 87' lang='lat' dir='ltr'>allatas</span> <span class='ocrx_word' id='word_1_78' title='bbox 379 2105 440 2152; x_wconf 91' lang='lat' dir='ltr'>non</span> <span class='ocrx_word' id='word_1_79' title='bbox 470 2107 538 2153; x_wconf 88' lang='lat' dir='ltr'>esse</span> <span class='ocrx_word' id='word_1_80' title='bbox 565 2089 735 2164; x_wconf 88' lang='lat' dir='ltr'>inveneris,</span> <span class='ocrx_word' id='word_1_81' title='bbox 770 2093 826 2153; x_wconf 89' lang='lat' dir='ltr'>aut</span> <span class='ocrx_word' id='word_1_82' title='bbox 853 2089 892 2152; x_wconf 90' lang='lat' dir='ltr'>ab</span> <span class='ocrx_word' id='word_1_83' title='bbox 921 2088 990 2152; x_wconf 90' lang='lat' dir='ltr'>aliis</span> <span class='ocrx_word' id='word_1_84' title='bbox 1018 2089 1082 2150; x_wconf 89' lang='lat' dir='ltr'>iam</span> <span class='ocrx_word' id='word_1_85' title='bbox 1111 2087 1265 2151; x_wconf 82' lang='lat' dir='ltr'>refutatas</span> <span class='ocrx_word' id='word_1_86' title='bbox 1288 2105 1356 2152; x_wconf 86' lang='lat' dir='ltr'>esse</span> <span class='ocrx_word' id='word_1_87' title='bbox 1379 2089 1458 2152; x_wconf 93' lang='lat' dir='ltr'>scito</span> 
     </span>
     <span class='ocr_line' id='line_1_16' title="bbox 236 2191 862 2274; baseline -0.003 -18"><span class='ocrx_word' id='word_1_88' title='bbox 236 2193 291 2256; x_wconf 73' lang='lat' dir='ltr'>siit</span> <span class='ocrx_word' id='word_1_89' title='bbox 313 2191 476 2274; x_wconf 88' lang='lat' dir='ltr'>indignas,</span> <span class='ocrx_word' id='word_1_90' title='bbox 499 2209 634 2274; x_wconf 88' lang='lat' dir='ltr'>quarum</span> <span class='ocrx_word' id='word_1_91' title='bbox 656 2191 775 2255; x_wconf 86' lang='lat' dir='ltr'>mentio</span> <span class='ocrx_word' id='word_1_92' title='bbox 796 2191 862 2254; x_wconf 87' lang='lat' dir='ltr'>fiat.</span> 
     </span>
    </p>

    <p class='ocr_par' dir='ltr' id='par_1_9' title="bbox 233 2289 1459 3914">
     <span class='ocr_line' id='line_1_17' title="bbox 320 2289 1456 2375; baseline -0.001 -18"><span class='ocrx_word' id='word_1_93' title='bbox 320 2294 463 2358; x_wconf 92' lang='lat' dir='ltr'>Primum</span> <span class='ocrx_word' id='word_1_94' title='bbox 486 2293 583 2375; x_wconf 91' lang='lat' dir='ltr'>igitur</span> <span class='ocrx_word' id='word_1_95' title='bbox 606 2292 754 2356; x_wconf 90' lang='lat' dir='ltr'>diluenda</span> <span class='ocrx_word' id='word_1_96' title='bbox 777 2296 826 2357; x_wconf 88' lang='lat' dir='ltr'>est</span> <span class='ocrx_word' id='word_1_97' title='bbox 847 2293 904 2356; x_wconf 90' lang='lat' dir='ltr'>Th.</span> <span class='ocrx_word' id='word_1_98' title='bbox 927 2292 1043 2357; x_wconf 86' lang='lat' dir='ltr'>Keimii</span> <span class='ocrx_word' id='word_1_99' title='bbox 1057 2293 1079 2375; x_wconf 87' lang='lat'>¹)</span> <span class='ocrx_word' id='word_1_100' title='bbox 1103 2293 1259 2355; x_wconf 89' lang='lat' dir='ltr'>sententia</span> <span class='ocrx_word' id='word_1_101' title='bbox 1282 2289 1456 2356; x_wconf 86' lang='lat' dir='ltr'>Minucium</span> 
     </span>
     <span class='ocr_line' id='line_1_18' title="bbox 237 2386 1457 2480; baseline -0.001 -20"><span class='ocrx_word' id='word_1_102' title='bbox 237 2416 329 2461; x_wconf 93' lang='lat' dir='ltr'>usum</span> <span class='ocrx_word' id='word_1_103' title='bbox 355 2416 423 2461; x_wconf 87' lang='lat' dir='ltr'>esse</span> <span class='ocrx_word' id='word_1_104' title='bbox 446 2396 550 2462; x_wconf 84' lang='lat' dir='ltr'>Celsi</span> <span class='ocrx_word' id='word_1_105' title='bbox 572 2397 665 2472; x_wconf 88' lang='lat' dir='ltr'>libro,</span> <span class='ocrx_word' id='word_1_106' title='bbox 693 2396 746 2477; x_wconf 92' lang='lat' dir='ltr'>qui</span> <span class='ocrx_word' id='word_1_107' title='bbox 769 2396 955 2460; x_wconf 89' lang='lat' dir='ltr'>inscribitur</span> <span class='ocrx_word' id='word_1_108' title='bbox 977 2386 1105 2480; x_wconf 73' lang='grc' dir='ltr'><em>ἀληθὴς</em></span> <span class='ocrx_word' id='word_1_109' title='bbox 1126 2389 1233 2479; x_wconf 62' lang='grc' dir='ltr'><em>λάχος,</em></span> <span class='ocrx_word' id='word_1_110' title='bbox 1257 2413 1351 2475; x_wconf 89' lang='lat' dir='ltr'>quem</span> <span class='ocrx_word' id='word_1_111' title='bbox 1374 2413 1457 2460; x_wconf 87' lang='lat' dir='ltr'>anuo</span> 
     </span>
     <span class='ocr_line' id='line_1_19' title="bbox 236 2497 1456 2584; baseline 0.002 -24"><span class='ocrx_word' id='word_1_112' title='bbox 236 2499 297 2562; x_wconf 83' lang='grc'>178</span> <span class='ocrx_word' id='word_1_113' title='bbox 320 2520 350 2584; x_wconf 90' lang='lat' dir='ltr'>p.</span> <span class='ocrx_word' id='word_1_114' title='bbox 375 2501 409 2566; x_wconf 90' lang='lat' dir='ltr'>C.</span> <span class='ocrx_word' id='word_1_115' title='bbox 433 2499 586 2582; x_wconf 88' lang='lat' dir='ltr'>scriptum</span> <span class='ocrx_word' id='word_1_116' title='bbox 610 2517 678 2563; x_wconf 88' lang='lat' dir='ltr'>esse</span> <span class='ocrx_word' id='word_1_117' title='bbox 703 2503 810 2563; x_wconf 90' lang='lat' dir='ltr'>censet</span> <span class='ocrx_word' id='word_1_118' title='bbox 832 2497 986 2562; x_wconf 89' lang='lat' dir='ltr'>Keimius.</span> <span class='ocrx_word' id='word_1_119' title='bbox 1032 2497 1092 2561; x_wconf 90' lang='lat' dir='ltr'>Hic</span> <span class='ocrx_word' id='word_1_120' title='bbox 1116 2497 1200 2560; x_wconf 92' lang='lat' dir='ltr'>enim</span> <span class='ocrx_word' id='word_1_121' title='bbox 1224 2497 1312 2574; x_wconf 89' lang='lat' dir='ltr'>etii,</span> <span class='ocrx_word' id='word_1_122' title='bbox 1340 2497 1392 2580; x_wconf 93' lang='lat' dir='ltr'>qui</span> <span class='ocrx_word' id='word_1_123' title='bbox 1416 2497 1456 2563; x_wconf 86' lang='lat' dir='ltr'>ab</span> 
     </span>
     <span class='ocr_line' id='line_1_20' title="bbox 234 2598 1455 2685; baseline 0 -21"><span class='ocrx_word' id='word_1_124' title='bbox 234 2599 329 2665; x_wconf 88' lang='lat' dir='ltr'>buius</span> <span class='ocrx_word' id='word_1_125' title='bbox 354 2601 496 2685; x_wconf 86' lang='lat' dir='ltr'>partibus</span> <span class='ocrx_word' id='word_1_126' title='bbox 521 2604 622 2678; x_wconf 88' lang='lat' dir='ltr'>stant,</span> <span class='ocrx_word' id='word_1_127' title='bbox 645 2602 733 2665; x_wconf 89' lang='lat' dir='ltr'>velut</span> <span class='ocrx_word' id='word_1_128' title='bbox 758 2599 791 2663; x_wconf 89' lang='lat' dir='ltr'>B.</span> <span class='ocrx_word' id='word_1_129' title='bbox 815 2601 1008 2665; x_wconf 87' lang='lat' dir='ltr'>Dombartus</span> <span class='ocrx_word' id='word_1_130' title='bbox 1031 2601 1064 2680; x_wconf 82' lang='lat' dir='ltr'>(l.</span> <span class='ocrx_word' id='word_1_131' title='bbox 1082 2619 1107 2663; x_wconf 89' lang='lat' dir='ltr'>c.</span> <span class='ocrx_word' id='word_1_132' title='bbox 1124 2599 1221 2683; x_wconf 83' lang='lat' dir='ltr'>praef.</span> <span class='ocrx_word' id='word_1_133' title='bbox 1237 2619 1266 2682; x_wconf 92' lang='lat' dir='ltr'>p.</span> <span class='ocrx_word' id='word_1_134' title='bbox 1283 2598 1339 2678; x_wconf 84' lang='grc'><strong>111)</strong></span> <span class='ocrx_word' id='word_1_135' title='bbox 1362 2603 1395 2665; x_wconf 88' lang='lat' dir='ltr'>et</span> <span class='ocrx_word' id='word_1_136' title='bbox 1417 2599 1455 2666; x_wconf 85' lang='lat' dir='ltr'>G.</span> 
     </span>
     <span class='ocr_line' id='line_1_21' title="bbox 233 2703 1455 2788; baseline 0 -21"><span class='ocrx_word' id='word_1_137' title='bbox 233 2703 403 2768; x_wconf 92' lang='lat' dir='ltr'>Loescbius</span> <span class='ocrx_word' id='word_1_138' title='bbox 431 2703 463 2784; x_wconf 89' lang='grc'>(1.</span> <span class='ocrx_word' id='word_1_139' title='bbox 487 2724 512 2768; x_wconf 91' lang='lat' dir='ltr'>o.</span> <span class='ocrx_word' id='word_1_140' title='bbox 541 2725 570 2787; x_wconf 91' lang='lat' dir='ltr'>p.</span> <span class='ocrx_word' id='word_1_141' title='bbox 595 2705 686 2784; x_wconf 78' lang='lat'>169),</span> <span class='ocrx_word' id='word_1_142' title='bbox 719 2705 888 2788; x_wconf 88' lang='lat' dir='ltr'>opinantur</span> <span class='ocrx_word' id='word_1_143' title='bbox 916 2703 1090 2767; x_wconf 85' lang='lat' dir='ltr'>Minucium</span> <span class='ocrx_word' id='word_1_144' title='bbox 1122 2721 1159 2767; x_wconf 88' lang='lat' dir='ltr'>ea</span> <span class='ocrx_word' id='word_1_145' title='bbox 1193 2703 1340 2778; x_wconf 88' lang='lat' dir='ltr'>crimina,</span> <span class='ocrx_word' id='word_1_146' title='bbox 1375 2721 1455 2785; x_wconf 84' lang='lat' dir='ltr'>quac</span> 
     </span>
     <span class='ocr_line' id='line_1_22' title="bbox 234 2805 1456 2890; baseline -0.002 -19"><span class='ocrx_word' id='word_1_147' title='bbox 234 2805 388 2871; x_wconf 81' lang='lat' dir='ltr'>Caecilius</span> <span class='ocrx_word' id='word_1_148' title='bbox 419 2826 561 2890; x_wconf 89' lang='lat' dir='ltr'>paganus</span> <span class='ocrx_word' id='word_1_149' title='bbox 593 2807 779 2872; x_wconf 88' lang='lat' dir='ltr'>Christianis</span> <span class='ocrx_word' id='word_1_150' title='bbox 812 2807 920 2882; x_wconf 89' lang='lat' dir='ltr'>obicit,</span> <span class='ocrx_word' id='word_1_151' title='bbox 954 2825 990 2869; x_wconf 87' lang='lat' dir='ltr'>ex</span> <span class='ocrx_word' id='word_1_152' title='bbox 1016 2805 1098 2869; x_wconf 89' lang='lat' dir='ltr'>Celsi</span> <span class='ocrx_word' id='word_1_153' title='bbox 1132 2805 1211 2868; x_wconf 93' lang='lat' dir='ltr'>libro</span> <span class='ocrx_word' id='word_1_154' title='bbox 1243 2806 1389 2887; x_wconf 82' lang='lat' dir='ltr'>petivisse</span> <span class='ocrx_word' id='word_1_155' title='bbox 1424 2809 1456 2870; x_wconf 90' lang='lat' dir='ltr'>et</span> 
     </span>
     <span class='ocr_line' id='line_1_23' title="bbox 234 2907 1455 2992; baseline -0.002 -20"><span class='ocrx_word' id='word_1_156' title='bbox 234 2907 355 2972; x_wconf 85' lang='lat' dir='ltr'>Octavii</span> <span class='ocrx_word' id='word_1_157' title='bbox 378 2909 545 2974; x_wconf 84' lang='lat' dir='ltr'>Christiani</span> <span class='ocrx_word' id='word_1_158' title='bbox 576 2911 715 2974; x_wconf 89' lang='lat' dir='ltr'>oratione</span> <span class='ocrx_word' id='word_1_159' title='bbox 739 2909 866 2974; x_wconf 90' lang='lat' dir='ltr'>Celsum</span> <span class='ocrx_word' id='word_1_160' title='bbox 901 2927 1060 2992; x_wconf 85' lang='lat' dir='ltr'>paganum</span> <span class='ocrx_word' id='word_1_161' title='bbox 1090 2909 1277 2991; x_wconf 87' lang='lat' dir='ltr'>impugnare</span> <span class='ocrx_word' id='word_1_162' title='bbox 1311 2907 1455 2973; x_wconf 80' lang='lat' dir='ltr'>voluisse.</span> 
     </span>
     <span class='ocr_line' id='line_1_24' title="bbox 234 3009 1457 3094; baseline 0.002 -21"><span class='ocrx_word' id='word_1_163' title='bbox 234 3009 337 3088; x_wconf 81' lang='lat' dir='ltr'>Quam</span> <span class='ocrx_word' id='word_1_164' title='bbox 367 3011 542 3094; x_wconf 86' lang='lat' dir='ltr'>opinionem</span> <span class='ocrx_word' id='word_1_165' title='bbox 577 3011 778 3076; x_wconf 82' lang='lat' dir='ltr'>Schuenlrius</span> <span class='ocrx_word' id='word_1_166' title='bbox 812 3013 845 3091; x_wconf 77' lang='lat' dir='ltr'>(l.</span> <span class='ocrx_word' id='word_1_167' title='bbox 867 3031 892 3076; x_wconf 92' lang='lat' dir='ltr'>c.</span> <span class='ocrx_word' id='word_1_168' title='bbox 918 3031 948 3094; x_wconf 94' lang='lat' dir='ltr'>p.</span> <span class='ocrx_word' id='word_1_169' title='bbox 970 3012 1047 3094; x_wconf 77' lang='lat'>292)</span> <span class='ocrx_word' id='word_1_170' title='bbox 1080 3012 1228 3094; x_wconf 81' lang='lat' dir='ltr'>gravibus</span> <span class='ocrx_word' id='word_1_171' title='bbox 1263 3011 1457 3092; x_wconf 85' lang='lat' dir='ltr'>argumentis</span> 
     </span>
     <span class='ocr_line' id='line_1_25' title="bbox 235 3113 1457 3196; baseline 0.002 -20"><span class='ocrx_word' id='word_1_172' title='bbox 235 3113 337 3196; x_wconf 90' lang='lat' dir='ltr'>coepit</span> <span class='ocrx_word' id='word_1_173' title='bbox 369 3114 494 3196; x_wconf 90' lang='lat' dir='ltr'>quidem</span> <span class='ocrx_word' id='word_1_174' title='bbox 526 3114 678 3190; x_wconf 85' lang='lat' dir='ltr'>refutare,</span> <span class='ocrx_word' id='word_1_175' title='bbox 711 3133 770 3178; x_wconf 89' lang='lat' dir='ltr'>nec</span> <span class='ocrx_word' id='word_1_176' title='bbox 799 3117 906 3179; x_wconf 86' lang='lat' dir='ltr'>tamen</span> <span class='ocrx_word' id='word_1_177' title='bbox 942 3114 1135 3196; x_wconf 87' lang='lat' dir='ltr'>comparavit</span> <span class='ocrx_word' id='word_1_178' title='bbox 1167 3115 1249 3177; x_wconf 91' lang='lat' dir='ltr'>inter</span> <span class='ocrx_word' id='word_1_179' title='bbox 1277 3133 1310 3177; x_wconf 89' lang='lat' dir='ltr'>sc</span> <span class='ocrx_word' id='word_1_180' title='bbox 1338 3113 1457 3179; x_wconf 90' lang='lat' dir='ltr'>similes</span> 
     </span>
     <span class='ocr_line' id='line_1_26' title="bbox 233 3214 1456 3298; baseline 0.002 -20"><span class='ocrx_word' id='word_1_181' title='bbox 233 3214 318 3278; x_wconf 90' lang='lat' dir='ltr'>locos</span> <span class='ocrx_word' id='word_1_182' title='bbox 342 3215 461 3280; x_wconf 86' lang='lat' dir='ltr'>Octavii</span> <span class='ocrx_word' id='word_1_183' title='bbox 485 3220 516 3279; x_wconf 92' lang='lat' dir='ltr'>et</span> <span class='ocrx_word' id='word_1_184' title='bbox 539 3215 621 3280; x_wconf 89' lang='lat' dir='ltr'>Celsi</span> <span class='ocrx_word' id='word_1_185' title='bbox 643 3217 722 3293; x_wconf 88' lang='lat' dir='ltr'>libri,</span> <span class='ocrx_word' id='word_1_186' title='bbox 746 3217 835 3280; x_wconf 90' lang='lat' dir='ltr'>cuius</span> <span class='ocrx_word' id='word_1_187' title='bbox 858 3216 1005 3297; x_wconf 88' lang='lat' dir='ltr'>reliquias</span> <span class='ocrx_word' id='word_1_188' title='bbox 1029 3216 1173 3298; x_wconf 88' lang='lat' dir='ltr'>Origenis</span> <span class='ocrx_word' id='word_1_189' title='bbox 1197 3219 1306 3280; x_wconf 88' lang='lat' dir='ltr'>contra</span> <span class='ocrx_word' id='word_1_190' title='bbox 1328 3215 1456 3281; x_wconf 88' lang='lat' dir='ltr'>Celsum</span> 
     </span>
     <span class='ocr_line' id='line_1_27' title="bbox 233 3317 1457 3402; baseline 0.004 -21"><span class='ocrx_word' id='word_1_191' title='bbox 233 3317 321 3383; x_wconf 93' lang='lat' dir='ltr'>libris</span> <span class='ocrx_word' id='word_1_192' title='bbox 350 3319 500 3382; x_wconf 80' lang='lat' dir='ltr'>coritineri</span> <span class='ocrx_word' id='word_1_193' title='bbox 530 3321 641 3382; x_wconf 91' lang='lat' dir='ltr'>notum</span> <span class='ocrx_word' id='word_1_194' title='bbox 664 3324 721 3383; x_wconf 89' lang='lat' dir='ltr'>est.</span> <span class='ocrx_word' id='word_1_195' title='bbox 767 3319 811 3382; x_wconf 85' lang='lat' dir='ltr'>Ex</span> <span class='ocrx_word' id='word_1_196' title='bbox 841 3337 878 3382; x_wconf 86' lang='lat' dir='ltr'>ea</span> <span class='ocrx_word' id='word_1_197' title='bbox 907 3321 1013 3382; x_wconf 86' lang='lat' dir='ltr'>autem</span> <span class='ocrx_word' id='word_1_198' title='bbox 1044 3337 1140 3401; x_wconf 91' lang='lat' dir='ltr'>quam</span> <span class='ocrx_word' id='word_1_199' title='bbox 1168 3319 1226 3402; x_wconf 90' lang='lat' dir='ltr'>ipsi</span> <span class='ocrx_word' id='word_1_200' title='bbox 1253 3318 1457 3387; x_wconf 87' lang='lat' dir='ltr'>instituemus</span> 
     </span>
     <span class='ocr_line' id='line_1_28' title="bbox 234 3421 1455 3504; baseline 0 -20"><span class='ocrx_word' id='word_1_201' title='bbox 234 3421 465 3504; x_wconf 87' lang='lat' dir='ltr'>comparatione</span> <span class='ocrx_word' id='word_1_202' title='bbox 500 3421 636 3485; x_wconf 88' lang='lat' dir='ltr'>elucebit</span> <span class='ocrx_word' id='word_1_203' title='bbox 661 3422 731 3486; x_wconf 92' lang='lat' dir='ltr'>illos</span> <span class='ocrx_word' id='word_1_204' title='bbox 759 3422 843 3486; x_wconf 93' lang='lat' dir='ltr'>locos</span> <span class='ocrx_word' id='word_1_205' title='bbox 870 3440 969 3504; x_wconf 89' lang='lat' dir='ltr'>paene</span> <span class='ocrx_word' id='word_1_206' title='bbox 1004 3439 1112 3485; x_wconf 89' lang='lat' dir='ltr'>omnes</span> <span class='ocrx_word' id='word_1_207' title='bbox 1147 3423 1227 3485; x_wconf 88' lang='lat' dir='ltr'>inter</span> <span class='ocrx_word' id='word_1_208' title='bbox 1260 3440 1455 3498; x_wconf 81' lang='lat' dir='ltr'>communae,</span> 
     </span>
     <span class='ocr_line' id='line_1_29' title="bbox 234 3523 1458 3608; baseline 0 -22"><span class='ocrx_word' id='word_1_209' title='bbox 234 3525 288 3604; x_wconf 91' lang='lat' dir='ltr'>qui</span> <span class='ocrx_word' id='word_1_210' title='bbox 321 3526 485 3600; x_wconf 79' lang='lat' dir='ltr'>vocantur,</span> <span class='ocrx_word' id='word_1_211' title='bbox 517 3525 728 3588; x_wconf 88' lang='lat' dir='ltr'>numerandos</span> <span class='ocrx_word' id='word_1_212' title='bbox 756 3544 825 3588; x_wconf 87' lang='lat' dir='ltr'>esse</span> <span class='ocrx_word' id='word_1_213' title='bbox 849 3543 950 3606; x_wconf 88' lang='lat' dir='ltr'>neque</span> <span class='ocrx_word' id='word_1_214' title='bbox 974 3523 1062 3606; x_wconf 87' lang='lat' dir='ltr'>argui</span> <span class='ocrx_word' id='word_1_215' title='bbox 1084 3543 1175 3607; x_wconf 89' lang='lat' dir='ltr'>posse</span> <span class='ocrx_word' id='word_1_216' title='bbox 1198 3525 1333 3588; x_wconf 87' lang='lat' dir='ltr'>alterum</span> <span class='ocrx_word' id='word_1_217' title='bbox 1361 3524 1458 3608; x_wconf 91' lang='lat' dir='ltr'>scn&#39;p-</span> 
     </span>
     <span class='ocr_line' id='line_1_30' title="bbox 234 3627 1455 3709; baseline 0.002 -21"><span class='ocrx_word' id='word_1_218' title='bbox 234 3629 332 3690; x_wconf 89' lang='lat' dir='ltr'>torem</span> <span class='ocrx_word' id='word_1_219' title='bbox 362 3645 397 3690; x_wconf 86' lang='lat' dir='ltr'>ex</span> <span class='ocrx_word' id='word_1_220' title='bbox 426 3627 524 3691; x_wconf 87' lang='lat' dir='ltr'>altero</span> <span class='ocrx_word' id='word_1_221' title='bbox 552 3627 696 3709; x_wconf 85' lang='lat' dir='ltr'>pendere.</span> <span class='ocrx_word' id='word_1_222' title='bbox 751 3630 797 3691; x_wconf 83' lang='lat' dir='ltr'>Ac</span> <span class='ocrx_word' id='word_1_223' title='bbox 823 3647 862 3691; x_wconf 90' lang='lat' dir='ltr'>ne</span> <span class='ocrx_word' id='word_1_224' title='bbox 891 3646 998 3692; x_wconf 92' lang='lat' dir='ltr'>eorum</span> <span class='ocrx_word' id='word_1_225' title='bbox 1030 3627 1172 3708; x_wconf 90' lang='lat' dir='ltr'>quidem,</span> <span class='ocrx_word' id='word_1_226' title='bbox 1207 3647 1284 3709; x_wconf 92' lang='lat' dir='ltr'>quos</span> <span class='ocrx_word' id='word_1_227' title='bbox 1312 3627 1455 3692; x_wconf 89' lang='lat' dir='ltr'>Keimius</span> 
     </span>
     <span class='ocr_line' id='line_1_31' title="bbox 233 3729 1459 3814; baseline 0.001 -23"><span class='ocrx_word' id='word_1_228' title='bbox 233 3729 254 3791; x_wconf 95' lang='lat' dir='ltr'>l.</span> <span class='ocrx_word' id='word_1_229' title='bbox 271 3748 297 3792; x_wconf 93' lang='lat' dir='ltr'>c.</span> <span class='ocrx_word' id='word_1_230' title='bbox 314 3749 342 3812; x_wconf 91' lang='lat' dir='ltr'>p.</span> <span class='ocrx_word' id='word_1_231' title='bbox 360 3729 420 3790; x_wconf 76' lang='lat'>157</span> <span class='ocrx_word' id='word_1_232' title='bbox 438 3749 484 3812; x_wconf 91' lang='lat' dir='ltr'>sq.</span> <span class='ocrx_word' id='word_1_233' title='bbox 506 3729 714 3806; x_wconf 85' lang='lat' dir='ltr'>enumeravit,</span> <span class='ocrx_word' id='word_1_234' title='bbox 742 3730 880 3795; x_wconf 89' lang='lat' dir='ltr'>locorum</span> <span class='ocrx_word' id='word_1_235' title='bbox 904 3729 968 3794; x_wconf 92' lang='lat' dir='ltr'>ullo</span> <span class='ocrx_word' id='word_1_236' title='bbox 991 3730 1166 3794; x_wconf 89' lang='lat' dir='ltr'>necessario</span> <span class='ocrx_word' id='word_1_237' title='bbox 1190 3733 1333 3812; x_wconf 90' lang='lat' dir='ltr'>sequitur</span> <span class='ocrx_word' id='word_1_238' title='bbox 1354 3729 1459 3814; x_wconf 84' lang='lat' dir='ltr'>blina-</span> 
     </span>
     <span class='ocr_line' id='line_1_32' title="bbox 234 3831 768 3914; baseline 0.002 -20"><span class='ocrx_word' id='word_1_239' title='bbox 234 3831 317 3895; x_wconf 89' lang='lat' dir='ltr'>cium</span> <span class='ocrx_word' id='word_1_240' title='bbox 342 3832 425 3897; x_wconf 86' lang='lat' dir='ltr'>Celsi</span> <span class='ocrx_word' id='word_1_241' title='bbox 447 3831 581 3913; x_wconf 86' lang='lat' dir='ltr'>vestigia</span> <span class='ocrx_word' id='word_1_242' title='bbox 602 3832 768 3914; x_wconf 86' lang='lat' dir='ltr'>pressisse:</span> 
     </span>
    </p>

    <p class='ocr_par' dir='ltr' id='par_1_10' title="bbox 260 3933 1261 4018">
     <span class='ocr_line' id='line_1_33' title="bbox 260 3933 1261 4018; baseline -0.001 -19"><span class='ocrx_word' id='word_1_243' title='bbox 260 3933 342 3999; x_wconf 90' lang='lat' dir='ltr'>Cels.</span> <span class='ocrx_word' id='word_1_244' title='bbox 365 3934 446 4018; x_wconf 88' lang='lat' dir='ltr'>apud</span> <span class='ocrx_word' id='word_1_245' title='bbox 471 3934 556 4017; x_wconf 90' lang='lat' dir='ltr'>Orig.</span> <span class='ocrx_word' id='word_1_246' title='bbox 580 3953 606 3998; x_wconf 94' lang='lat' dir='ltr'>c.</span> <span class='ocrx_word' id='word_1_247' title='bbox 629 3933 710 3999; x_wconf 89' lang='lat' dir='ltr'>Cels.</span> <span class='ocrx_word' id='word_1_248' title='bbox 732 3935 747 3998; x_wconf 98' lang='lat' dir='ltr'>I</span> <span class='ocrx_word' id='word_1_249' title='bbox 773 3937 799 3997; x_wconf 92' lang='lat'>1.</span> <span class='ocrx_word' id='word_1_250' title='bbox 1060 3935 1136 3998; x_wconf 82' lang='lat' dir='ltr'>blin.</span> <span class='ocrx_word' id='word_1_251' title='bbox 1161 3935 1208 4011; x_wconf 87' lang='grc'>10,</span> <span class='ocrx_word' id='word_1_252' title='bbox 1232 3937 1261 3998; x_wconf 80' lang='lat'>2.</span> 
     </span>
    </p>

    <p class='ocr_par' dir='ltr' id='par_1_11' title="bbox 233 4033 1460 4532">
     <span class='ocr_line' id='line_1_34' title="bbox 276 4033 1458 4122; baseline 0.002 -22"><span class='ocrx_word' id='word_1_253' title='bbox 276 4038 415 4122; x_wconf 80' lang='grc' dir='ltr'><em>Πρῶτον</em></span> <span class='ocrx_word' id='word_1_254' title='bbox 436 4040 483 4122; x_wconf 73' lang='grc' dir='ltr'>τῷ</span> <span class='ocrx_word' id='word_1_255' title='bbox 507 4033 625 4121; x_wconf 79' lang='grc' dir='ltr'><em>Κέλσῳ</em></span> <span class='ocrx_word' id='word_1_256' title='bbox 648 4035 825 4122; x_wconf 71' lang='grc' dir='ltr'><em>κεφάλαιόν</em></span> <span class='ocrx_word' id='word_1_257' title='bbox 912 4037 975 4103; x_wconf 91' lang='lat' dir='ltr'>Cur</span> <span class='ocrx_word' id='word_1_258' title='bbox 1008 4037 1125 4100; x_wconf 88' lang='lat' dir='ltr'>etenim</span> <span class='ocrx_word' id='word_1_259' title='bbox 1152 4038 1308 4102; x_wconf 90' lang='lat' dir='ltr'>occultare</span> <span class='ocrx_word' id='word_1_260' title='bbox 1343 4042 1374 4102; x_wconf 91' lang='lat' dir='ltr'>et</span> <span class='ocrx_word' id='word_1_261' title='bbox 1403 4038 1458 4103; x_wconf 91' lang='lat' dir='ltr'>ab·</span> 
     </span>
     <span class='ocr_line' id='line_1_35' title="bbox 234 4133 1460 4226; baseline 0.002 -24"><span class='ocrx_word' id='word_1_262' title='bbox 234 4133 303 4202; x_wconf 74' lang='grc' dir='ltr'><strong><em>ἔστι</em></strong></span> <span class='ocrx_word' id='word_1_263' title='bbox 331 4136 513 4223; x_wconf 79' lang='grc' dir='ltr'><em>βουλομένῳ</em></span> <span class='ocrx_word' id='word_1_264' title='bbox 548 4137 715 4222; x_wconf 73' lang='grc' dir='ltr'><strong><em>διαβαλεῖν</em></strong></span> <span class='ocrx_word' id='word_1_265' title='bbox 739 4145 824 4226; x_wconf 80' lang='grc' dir='ltr'><strong><em>Χρι-</em></strong></span> <span class='ocrx_word' id='word_1_266' title='bbox 869 4140 1018 4204; x_wconf 79' lang='lat' dir='ltr'>scandere</span> <span class='ocrx_word' id='word_1_267' title='bbox 1056 4139 1203 4222; x_wconf 83' lang='lat' dir='ltr'>quioquid</span> <span class='ocrx_word' id='word_1_268' title='bbox 1237 4141 1313 4204; x_wconf 90' lang='lat' dir='ltr'>illud</span> <span class='ocrx_word' id='word_1_269' title='bbox 1349 4142 1460 4205; x_wconf 80' lang='lat' dir='ltr'>colunt</span> 
     </span>
     <span class='ocr_line' id='line_1_36' title="bbox 235 4234 1455 4329; baseline 0.005 -26"><span class='ocrx_word' id='word_1_270' title='bbox 235 4234 825 4329; x_wconf 71' lang='grc' dir='ltr'><em>σνιονισμὸν,ὠςοινθῇκαςκρῦβδην</em></span> <span class='ocrx_word' id='word_1_271' title='bbox 868 4260 1057 4325; x_wconf 85' lang='lat' dir='ltr'>magnopere</span> <span class='ocrx_word' id='word_1_272' title='bbox 1088 4243 1246 4318; x_wconf 88' lang='lat' dir='ltr'>nituntur,</span> <span class='ocrx_word' id='word_1_273' title='bbox 1281 4263 1363 4308; x_wconf 91' lang='lat' dir='ltr'>cum</span> <span class='ocrx_word' id='word_1_274' title='bbox 1396 4245 1455 4310; x_wconf 94' lang='lat' dir='ltr'>bc·</span> 
     </span>
     <span class='ocr_line' id='line_1_37' title="bbox 233 4333 1459 4429; baseline 0.005 -24"><span class='ocrx_word' id='word_1_275' title='bbox 233 4333 318 4428; x_wconf 79' lang='grc' dir='ltr'><strong><em>πρὸς</em></strong></span> <span class='ocrx_word' id='word_1_276' title='bbox 339 4335 495 4427; x_wconf 75' lang='grc' dir='ltr'><em>ἀλλήλους</em></span> <span class='ocrx_word' id='word_1_277' title='bbox 516 4343 716 4428; x_wconf 76' lang='grc' dir='ltr'><em>ποιουμένων</em></span> <span class='ocrx_word' id='word_1_278' title='bbox 739 4351 824 4429; x_wconf 84' lang='grc' dir='ltr'><strong><em>Χρι·</em></strong></span> <span class='ocrx_word' id='word_1_279' title='bbox 869 4349 980 4410; x_wconf 84' lang='lat' dir='ltr'>nesta</span> <span class='ocrx_word' id='word_1_280' title='bbox 1009 4364 1157 4428; x_wconf 87' lang='lat' dir='ltr'>semper</span> <span class='ocrx_word' id='word_1_281' title='bbox 1188 4346 1344 4428; x_wconf 86' lang='lat' dir='ltr'>publico</span> <span class='ocrx_word' id='word_1_282' title='bbox 1371 4366 1459 4429; x_wconf 85' lang='lat' dir='ltr'>gau-</span> 
     </span>
     <span class='ocr_line' id='line_1_38' title="bbox 233 4437 1458 4532; baseline 0.004 -23"><span class='ocrx_word' id='word_1_283' title='bbox 233 4447 375 4510; x_wconf 76' lang='grc' dir='ltr'><em>στιανᾱνν</em></span> <span class='ocrx_word' id='word_1_284' title='bbox 405 4437 497 4527; x_wconf 75' lang='grc' dir='ltr'><em>παρὰ</em></span> <span class='ocrx_word' id='word_1_285' title='bbox 528 4439 570 4510; x_wconf 81' lang='grc' dir='ltr'>τὰ</span> <span class='ocrx_word' id='word_1_286' title='bbox 600 4446 823 4532; x_wconf 83' lang='grc' dir='ltr'><em>νενομισμένα,</em></span> <span class='ocrx_word' id='word_1_287' title='bbox 870 4449 1163 4526; x_wconf 86' lang='lat' dir='ltr'>deant,scelera</span> <span class='ocrx_word' id='word_1_288' title='bbox 1183 4455 1336 4513; x_wconf 88' lang='lat' dir='ltr'>secreta</span> <span class='ocrx_word' id='word_1_289' title='bbox 1357 4451 1458 4514; x_wconf 82' lang='lat' dir='ltr'>sint?</span> 
     </span>
    </p>
   </div>
   <div class='ocr_carea' id='block_1_9' title="bbox 234 4583 409 4590">
    <p class='ocr_par' dir='ltr' id='par_1_12' title="bbox 234 4583 409 4590">
     <span class='ocr_line' id='line_1_39' title="bbox 234 4583 409 4590; baseline 0 0"><span class='ocrx_word' id='word_1_290' title='bbox 234 4583 250 4590; x_wconf 74' lang='lat' dir='ltr'>u·</span> <span class='ocrx_word' id='word_1_291' title='bbox 264 4583 327 4590; x_wconf 70' lang='lat'>-——</span> <span class='ocrx_word' id='word_1_292' title='bbox 342 4584 374 4590; x_wconf 81' lang='grc'>..-</span> <span class='ocrx_word' id='word_1_293' title='bbox 402 4585 409 4590; x_wconf 92' lang='grc'>.</span> 
     </span>
    </p>
   </div>
   <div class='ocr_carea' id='block_1_10' title="bbox 304 4651 1069 4720">
    <p class='ocr_par' dir='ltr' id='par_1_13' title="bbox 304 4651 1069 4720">
     <span class='ocr_line' id='line_1_40' title="bbox 304 4651 1069 4720; baseline -0.001 -14"><span class='ocrx_word' id='word_1_294' title='bbox 304 4655 323 4716; x_wconf 94' lang='lat'>¹)</span> <span class='ocrx_word' id='word_1_295' title='bbox 341 4651 442 4706; x_wconf 71' lang='lat' dir='ltr'>Celsus*</span> <span class='ocrx_word' id='word_1_296' title='bbox 462 4651 565 4705; x_wconf 81' lang='lat' dir='ltr'>wabres</span> <span class='ocrx_word' id='word_1_297' title='bbox 584 4651 662 4705; x_wconf 83' lang='lat' dir='ltr'>Wort</span> <span class='ocrx_word' id='word_1_298' title='bbox 707 4651 797 4706; x_wconf 81' lang='lat' dir='ltr'>&#39;l&#39;urici</span> <span class='ocrx_word' id='word_1_299' title='bbox 818 4655 883 4706; x_wconf 80' lang='grc'><strong>1813</strong></span> <span class='ocrx_word' id='word_1_300' title='bbox 900 4668 926 4719; x_wconf 86' lang='lat' dir='ltr'>p.</span> <span class='ocrx_word' id='word_1_301' title='bbox 949 4655 995 4706; x_wconf 75' lang='grc'>151</span> <span class='ocrx_word' id='word_1_302' title='bbox 1015 4669 1069 4720; x_wconf 85' lang='lat' dir='ltr'>sqq.</span> 
     </span>
    </p>
   </div>
   <div class='ocr_carea' id='block_1_11' title="bbox 0 0 1784 5242">
    <p class='ocr_par' dir='ltr' id='par_1_14' title="bbox 0 0 1784 5242">
     <span class='ocr_line' id='line_1_41' title="bbox 0 0 1784 5242; baseline 0 0"><span class='ocrx_word' id='word_1_303' title='bbox 0 0 1784 5242; x_wconf 95' lang='lat' dir='ltr'> </span> 
     </span>
    </p>
   </div>
  </div>
 </body>
</html>
