3560 5242
782 421 821 486 19

192 642 255 708 ium
288 644 461 710 destinatas
490 647 522 709 e't
548 645 717 710 nonnullas
741 645 779 710 de
823 646 957 728 ligiosi
981 643 1155 711 ‘Romani
1193 643 1302 730 qua'm
1340 645 1411 712 mu·

192 747 779 814 matrimoniomulieroulassinemore
824 750 902 830 gni,
947 749 1112 832 ideoque
1149 769 1225 816 non
1263 753 1306 816 ob
1342 751 1410 815 hoe

192 849 312 932 rapuit,
340 850 483 928 violavit,
505 851 629 930 inlusit,
652 853 688 917 et
706 853 778 918 uum
824 851 970 933 magni,
999 853 1089 934 quia
1106 849 1322 937 'religiosi'
1357 855 1412 918 At·

193 970 302 1017 earam
335 955 536 1037 perentibus,
556 954 601 1018 ¹id
628 956 679 1020 est
706 974 779 1020 oum
825 955 899 1037 quin
923 955 1077 1038 quomodo
1093 957 1131 1020 ob
1147 953 1330 1041 religionem
1345 953 1412 1022 mu-

193 1056 307 1120 sooeris
330 1057 394 1121 suis
416 1057 689 1136 bellum'misouit
712 1059 781 1142 pro-
824 1057 893 1140 gni,
928 1059 1041 1140 quibus
1074 1055 1259 1142 magnitudo
1293 1060 1331 1125 de
1364 1061 1413 1124 in-

193 1158 348 1241 pinqnum
376 1161 564 1243 sanguinem
586 1160 676 1226 ludit.
707 1161 781 1243 quid
824 1159 1028 1243 religiositate
1050 1164 1213 1246 provenit?
1257 1162 1298 1227 Ni
1321 1163 1413 1228 fallor

193 1261 413 1344 inreligiosius,
437 1264 513 1346 quid
528 1264 688 1341 auduoius,
705 1265 779 1347 quid
825 1264 924 1340 enim,
958 1283 1050 1329 omne
1078 1283 1210 1348 regnum
1238 1266 1287 1331 vel
1314 1267 1413 1350 impe·

193 1364 263 1448 ipsu
285 1367 410 1430 sceleris
432 1367 622 1432 oonfidentia
636 1368 780 1452 turpius?
824 1369 907 1432 rium
929 1368 1021 1433 bellis
1044 1370 1206 1449 quaeritur
1228 1374 1261 1434 et
1274 1371 1411 1434 vietoriis

194 1470 215 1530 4
236 1468 300 1532 iam
322 1469 471 1534 finitimos
495 1489 569 1552 agro
591 1471 716 1554 pellere,
739 1473 779 1536 ei·
825 1473 1024 1555 propagatur.
1070 1471 1165 1536 Porro
1188 1472 1271 1537 bella
1294 1477 1326 1536 et
1348 1473 1411 1537 vie·

195 1572 310 1636 vitatos
343 1573 501 1655 proximas
534 1577 673 1638 evertere
707 1593 780 1639 oum
825 1575 922 1638 toriae
951 1573 1073 1657 captis
1102 1577 1140 1639 et
1168 1577 1314 1640 eversis
1342 1576 1411 1658 plu-

194 1675 320 1758 templis
349 1678 382 1740 et
404 1677 573 1754 altaribue,
601 1680 708 1761 oaptos
733 1697 783 1742 oo-
825 1679 940 1741 rimam
974 1677 1133 1742 urbibus
1165 1683 1319 1742 constent.
1371 1676 1412 1742 ld

196 1795 279 1858 gere,
302 1778 426 1842 demnis
449 1779 558 1843 alienis
581 1783 613 1845 et
635 1781 782 1846 suissoe·
826 1780 1021 1861 negotium
1053 1781 1135 1844 sine
1173 1781 1326 1845 deorum
1362 1782 1414 1843 in·

195 1881 313 1944 loribus
341 1881 518 1947 adolescere
546 1901 620 1947 oum
647 1883 781 1948 Romulo
825 1882 926 1946 iuria
948 1901 1020 1946 non
1044 1884 1109 1946 est
1143 1883 1304 1948 Eaedem
1319 1887 1415 1948 stra-

196 1984 322 2065 regibus
350 1985 461 2048 ueteris
489 1988 521 2049 et
541 1987 673 2068 posteris
697 1987 783 2052 duel·
826 2003 890 2067 ges
906 1985 1099 2049 moenium
1116 1987 1413 2070 ettemplurum‚

196 2088 254 2152 bus
299 2087 465 2170 discipline
508 2091 685 2154 eommunis
723 2093 782 2154 est.
825 2107 916 2172 peres
939 2088 1077 2153 esedes
1101 2089 1215 2153 uirium
1238 2092 1271 2152 et
1293 2081 1414 2154 seuer-

197 2191 216 2251 b
243 2190 288 2254 ito
317 2190 464 2272 quioquid
497 2191 630 2256 Romani
663 2197 781 2268 tenent,
827 2193 974 2269 dotum,
1003 2209 1060 2255 nee
1089 2191 1256 2256 dissimiles
1285 2193 1413 2274 rapinae

196 2293 313 2368 uolunt,
323 2293 493 2376 possident
506 2295 654 2360 audaciae
666 2296 783 2380 praeda
826 2313 988 2359 sacrarum
1015 2294 1194 2359 divitiarum
1217 2298 1250 2359 et
1270 2295 1416 2378 profane·

196 2400 259 2460 est:
277 2397 423 2479 templu
444 2400 571 2462 omniu
593 2399 634 2464 de
658 2417 783 2463 manu·
825 2417 906 2462 rum.
954 2397 1024 2462 Tot
1050 2398 1173 2478 igitur
1201 2398 1415 2479 sacrilegia

196 2498 286 2576 biis,
322 2501 357 2564 id
396 2503 454 2565 est
491 2501 533 2566 de
567 2503 693 2566 ruinis
727 2521 782 2566 ur·
826 2501 1081 2565 Romanorum
1120 2504 1212 2581 quot
1245 2503 1414 2584 tropaea,

196 2603 317 2679 bium,
349 2603 387 2668 de
419 2605 527 2687 spoliis
560 2605 705 2682 deorum,
744 2607 781 2670 de
827 2605 883 2669 tot
914 2603 956 2668 de
990 2603 1072 2667 deis
1103 2606 1195 2685 quot
1222 2605 1266 2668 de
1293 2607 1415 2687 genti-

196 2706 382 2772 oeedibus
410 2707 677 2774 saoerdotum:
712 2709 781 2773 boo
825 2708 895 2771 bus
916 2707 1115 2791 triumphi,
1131 2709 1189 2771 tot
1210 2709 1414 2773 manubiae

197 2809 398 2874 insultare
431 2813 471 2874 et
503 2810 680 2875 inludere
713 2814 781 2888 est,
826 2813 902 2893 quot
938 2813 1068 2875 manent
1106 2809 1208 2874 adhue
1245 2811 1415 2875 simulacra

197 2913 287 2977 vietis
313 2912 514 2995 religionibus
541 2914 671 2990 servire,
702 2933 783 2997 eop-
826 2913 1068 2996 eaptivorum
1099 2911 1263 2977 deorum.
1312 2913 1352 2977 Et
1375 2905 1413 2977 eb

197 3016 297 3082 tiras
330 3033 383 3080 ess
416 3019 488 3099 post
518 3017 663 3082 viotorias
698 3016 784 3080 ado-
827 3016 969 3080 hostibus
1023 3034 1096 3098 ergo
1147 3015 1212 3080 suis
1257 3008 1415 3080 sustinent

197 3136 290 3182 rure.
323 3136 398 3183 nsm
426 3120 554 3185 adorare
582 3138 663 3201 quse
686 3138 782 3184 manu
827 3117 980 3182 adorari
1007 3123 1039 3183 et
1064 3119 1128 3183 illis
1156 3117 1324 3201 imperium
1346 3118 1413 3182 sine

198 3223 329 3305 ceperis,
363 3222 562 3305 saerilegium
596 3225 646 3286 est
677 3240 784 3287 oonse-
827 3221 888 3286 fine
904 3221 1077 3286 deeernunt
1092 3239 1225 3303 quorum
1240 3221 1341 3302 magis
1363 3221 1414 3283 in-

198 3343 299 3403 orare,
325 3344 389 3390 non
410 3327 550 3390 numina.
597 3325 784 3389 ltotiens
827 3324 948 3389 iarius
993 3343 1088 3406 quam
1133 3322 1323 3388 adolationes
1367 3342 1415 3387 re·

199 3447 287 3511 ergo
302 3428 481 3494 Romanis
503 3429 704 3512 impiatum
726 3431 785 3492 est
827 3445 1011 3492 munerasse
1040 3427 1221 3492 debuerant.
1267 3425 1327 3490 Sed
1360 3425 1415 3507 qui

199 3532 376 3614 quotiens
399 3531 697 3615 triumphatum,
725 3533 785 3595 tot
828 3531 907 3594 nibil
930 3530 1071 3594 sentiunt
1088 3532 1155 3594 tom
1175 3529 1329 3611 impune
1351 3529 1415 3592 lae·

199 3636 242 3701 de
269 3635 345 3699 diis
373 3634 498 3718 spolia
520 3637 613 3717 quot
635 3635 676 3699 de
700 3652 785 3716 gen·
829 3634 947 3697 duntur
983 3651 1079 3715 quam
1110 3632 1228 3696 frustm
1259 3632 1413 3696 ooluntur.

198 3739 308 3804 tibus
340 3741 432 3803 sunt
464 3740 631 3822 tropaea.
663 3738 785 3820 igitur
828 3736 922 3802 Certe
945 3755 1008 3801 non
1031 3737 1135 3820 potest
1149 3733 1223 3798 fidei
1238 3735 1413 3811 convenire,

198 3841 361 3907 Romani
412 3861 483 3907 non
532 3841 615 3906 ideo
671 3840 784 3916 tanti,
829 3843 865 3904 ut
897 3839 1053 3922 roligionis
1087 3837 1205 3903 meritis
1240 3837 1413 3902 excrevisse

200 3945 297 4028 quod
319 3945 505 4027 religiosi,
529 3944 592 4008 sed
615 3945 712 4026 quod
734 3944 784 4006 in·
828 3943 993 4008 videantur
1023 3943 1091 4024 qui,
1123 3943 1160 4005 ut
1188 3941 1413 4022 suggessimus,

198 4067 299 4132 pune
323 4048 515 4129 sacrilegi.
827 4047 1011 4128 religionem
1041 4048 1097 4108 aut
1125 4043 1278 4108 laedendo
1312 4060 1415 4107 ereve-

575 4175 576 4180 ’
827 4152 904 4214 runt
947 4151 1002 4212 aut
1039 4147 1207 4212 eresoendo
1244 4146 1413 4211 laeserunt.

828 4252 933 4316 Etiam
968 4251 1013 4315 illi
1047 4269 1180 4332 quorum
1213 4267 1310 4331 regne
1344 4267 1416 4312 oon·

829 4355 904 4420 ssata
948 4356 1023 4418 sunt
1054 4354 1087 4417 in
1124 4353 1247 4436 imperii
1282 4352 1414 4416 Romani

830 4475 1002 4533 summam,
1040 4476 1113 4521 uum
1149 4475 1186 4520 ea
1224 4456 1415 4530 amitterent,

830 4562 898 4626 sine
916 4559 1118 4642 religionibus
1140 4577 1203 4622 non
1226 4557 1362 4623 fuerunt.

290 4669 353 4736 (lio.
385 4671 422 4734 de
450 4687 484 4732 ru
514 4668 600 4752 publ.
627 4665 677 4729 111
702 4666 749 4741 15,
773 4666 815 4727 24
842 4664 969 4741 lunius,
1005 4665 1173 4746 postquam
1205 4680 1267 4724 non
1295 4661 1416 4726 iustitis

970 4811 972 4818 ,
1169 4764 1204 4818 2*
1290 4805 1292 4812 .
