3568 5238
954 447 995 508 54

371 685 480 748 quam
507 667 634 749 parati
668 671 800 731 essent
833 670 956 731 nonin·
1000 670 1064 732 citu
1099 669 1136 731 ad
1164 669 1348 751 optinendas
1375 669 1453 732 duas
1477 667 1591 748 Hispa-

370 769 467 832 ratis
491 770 640 852 signum
663 769 834 834 dedisset
856 771 954 836 Cati·
1000 772 1069 834 nias
1092 771 1226 834 mittere.
1261 773 1361 835 llere
1385 771 1509 852 cognita
1522 789 1589 832 nir·

370 873 455 936 lina.
500 872 587 937 Piso
605 877 744 949 autem,
778 894 850 938 oum
878 875 956 938 haee
1000 891 1053 936 sus
1092 874 1124 936 in
1159 893 1258 938 nonas
1290 873 1473 938 Februarias
1518 891 1590 936 corr-

370 976 555 1052 dicmentnr,
578 977 761 1059 perierat,
777 977 957 1059 inHispa»
1001 976 1105 1038 silium
1130 976 1232 1040 caedis
1255 977 1497 1046 transtulerant3
1525 977 1589 1038 iam

368 1080 473 1142 niam
507 1080 648 1143 missus
683 1097 700 1142 a
727 1083 864 1144 senatu
893 1099 956 1162 per
1001 1081 1069 1140 tum
1093 1097 1157 1142 non
1180 1079 1363 1143 consulibus
1395 1079 1501 1152 modo,
1533 1078 1586 1140 sed

368 1183 547 1246 honorem
581 1182 806 1263 legationis
836 1186 878 1245 ut
912 1184 955 1247 ab
1000 1179 1157 1262 plerisque
1195 1182 1392 1246 senatoribus
1421 1181 1589 1264 perniciem

369 1284 461 1348 urbe
484 1285 750 1366 ablegaretur;
772 1286 841 1361 ibi,
870 1286 954 1350 dnm
1000 1282 1270 1347 machinabantur.
1322 1283 1467 1362 Quodni
1492 1283 1589 1348 Cati-

368 1386 528 1451 iniurias
565 1389 869 1471 provincialibus
906 1389 956 1452 fa-
999 1384 1078 1448 lina
1112 1389 1350 1450 maturasset
1383 1405 1448 1470 pro
1482 1387 1588 1449 curia

369 1490 429 1565 cit,
452 1490 601 1554 occisus
625 1495 723 1566 erat,
747 1491 954 1572 utquidam
1000 1487 1150 1566 signum
1183 1490 1295 1553 sociis
1330 1490 1430 1562 dare,
1460 1509 1500 1553 eo
1528 1489 1588 1551 die

367 1592 595 1668 credebant,
629 1612 648 1657 a
682 1594 745 1659 Cn.
782 1593 954 1676 Pompeii
999 1593 1087 1671 post
1124 1592 1316 1655 conditam
1354 1593 1485 1654 urbem
1521 1592 1587 1655 Ro-

368 1695 584 1759 clientibus
608 1697 785 1780 Pompeio
808 1715 879 1760 non
902 1698 954 1761 in·
998 1710 1093 1754 mam
1114 1711 1331 1775 pessumum
1353 1693 1502 1757 facinus
1528 1713 1589 1777 pa-

367 1798 457 1862 vito.
998 1798 1143 1858 tratum
1161 1794 1273 1858 toret.
1288 1845 1294 1858 .
1382 1797 1436 1858 19:
1455 1795 1588 1859 Postea

997 1895 1083 1961 Piso
1116 1897 1154 1960 in
1189 1897 1413 1962 citeriorem
1454 1899 1588 1982 Hispa-

997 2001 1095 2063 niam
1119 2004 1304 2082 quaestor
1325 2020 1389 2083 pro
1411 2007 1588 2084 praetore

997 2103 1136 2166 missus
1174 2109 1231 2166 est
1269 2102 1429 2167 adnitente
1464 2103 1588 2176 Crasso,

997 2206 1094 2286 quod
1129 2224 1211 2268 eum
1243 2205 1429 2269 infestum
1465 2207 1589 2269 inimi·

997 2327 1078 2371 cum
1121 2307 1179 2372 Cn.
1232 2308 1414 2392 Pompeio
1452 2328 1589 2390 cogno-

997 2415 1113 2473 verat.
1168 2411 1298 2492 Neque
1321 2415 1589 2475 tamensena-

996 2516 1060 2575 tus
1088 2515 1323 2596 provinciam
1351 2514 1498 2577 invitus
1527 2515 1589 2578 de-

997 2615 1122 2691 derat,
1162 2616 1299 2698 qnippe
1339 2616 1489 2680 foedum
1526 2617 1589 2680 ho-

997 2721 1137 2782 minem
1172 2737 1255 2782 are
1279 2720 1433 2801 publica
1454 2722 1585 2803 procul

997 2841 1078 2884 esse
1102 2822 1254 2886 solebat
1257 2871 1409 2884 .......
1454 2822 1523 2886 Sed
1553 2824 1586 2885 is

996 2923 1082 2987 Piso
1110 2926 1145 2986 in
1181 2927 1382 3007 provincia
1411 2926 1455 2989 ab
1487 2928 1588 3007 equi-

997 3027 1101 3090 tibus
1124 3027 1332 3110 Hispanis.
1351 3077 1357 3088 .
1376 3077 1382 3089 .
1401 3077 1407 3089 .
1431 3031 1586 3093 occisus

996 3131 1062 3192 est.
1122 3129 1218 3193 Sunt
1255 3131 1318 3211 qni
1355 3132 1410 3194 ita
1444 3131 1587 3206 dicant,

995 3232 1157 3314 imperia
1206 3233 1287 3296 eius
1335 3233 1484 3297 iniusta
1528 3255 1588 3296 su-

995 3335 1111 3416 perba
1132 3337 1305 3400 crudelia
1321 3337 1503 3401 barbaros
1524 3356 1588 3399 ne-

995 3439 1167 3518 quivisse
1197 3440 1294 3522 poti,
1339 3439 1409 3502 alii
1455 3442 1587 3503 antem

994 3543 1147 3623 equites
1187 3543 1290 3616 illos
1332 3543 1394 3606 Cn.
1429 3542 1585 3624 Pompei

994 3649 1141 3709 veteres
1185 3645 1361 3727 fidosque
1409 3646 1586 3718 clientis,

994 3748 1189 3812 uoluntate
1221 3750 1302 3812 eius
1326 3749 1501 3812 Pisonem
1525 3767 1587 3830 ag-

994 3869 1155 3930 grossos.

446 4056 654 4120 Consentiunt
675 4058 771 4138 igitur
792 4059 874 4121 inter
898 4077 939 4132 se,
963 4057 1023 4120 nisi
1046 4057 1129 4138 qnod
1143 4058 1296 4121 Asconius
1324 4076 1386 4121 uon
1420 4076 1493 4120 cum
1516 4056 1587 4120 Sal-

361 4159 455 4223 lustio
483 4159 520 4224 de
548 4160 643 4223 caede
673 4161 884 4234 consulum,
919 4179 1014 4241 quam
1046 4159 1181 4223 Catilina
1215 4161 1341 4224 molitus
1372 4162 1427 4235 sit,
1462 4160 1515 4223 sed
1545 4161 1585 4222 de

361 4263 455 4326 caede
479 4265 634 4326 senatus
657 4263 752 4326 verba
775 4262 859 4326 facit.
889 4263 993 4327 Nihilo
1018 4266 1124 4326 autem
1140 4264 1244 4327 minus
1261 4283 1297 4326 ex
1314 4263 1473 4334 Sallustio.
1497 4263 1585 4326 nullo
1630 4277 1634 4284 ·

361 4365 489 4448 quidem
522 4367 612 4446 pacto
634 4385 670 4428 ex
696 4366 782 4430 Livio
813 4366 1023 4430 narrationem
1056 4367 1233 4447 interpretis
1267 4366 1392 4430 llurisse
1431 4385 1466 4430 eo
1501 4385 1586 4428 com-

360 4469 486 4552 probari
507 4471 599 4550 puto,
638 4469 719 4549 quod
743 4488 841 4550 aeque
865 4471 959 4550 atque
984 4468 1154 4533 Sallustius
1177 4475 1404 4550 commemorat
1431 4469 1584 4550 quosdam

361 4571 527 4636 credidisse
551 4571 696 4636 Pisonem
720 4591 738 4636 a
766 4573 822 4637 Cn.
844 4572 972 4654 Pompei
996 4572 1205 4636 clientibus
1229 4573 1408 4656 Pompeio
1432 4592 1503 4636 non
1530 4573 1585 4635 in-

360 4675 440 4738 vito
468 4675 605 4738 occisum
633 4695 716 4750 esse,
754 4677 784 4739 id
808 4675 890 4756 qnod
913 4677 1016 4757 ipsum
1046 4675 1162 4751 obstat,
1185 4695 1225 4739 ne
1253 4677 1290 4739 de
1314 4675 1430 4757 origine
1455 4676 1585 4739 Liriana
