3560 5242
946 392 987 454 46

361 612 530 676 tullianum
558 613 610 692 (ad
633 615 697 676 nat.
719 611 752 676 H
768 614 808 675 12
829 634 859 697 p.
883 615 956 691 202,
974 616 1003 693 i)
1025 633 1090 680 una
1118 634 1191 680 cum
1217 615 1361 681 Cornelio
1383 617 1503 700 Nepote
1524 635 1580 681 no-

359 715 497 778 minatur
535 715 677 790 Cassius,
715 734 809 797 quem
841 715 986 780 Cassium
1019 716 1187 782 Heminam
1224 718 1473 800 intellegendum
1509 737 1580 783 esse

359 817 498 899 plerique
520 822 604 882 recte
625 817 805 900 iudicant1)
841 816 879 882 Id
902 823 1008 884 autem
1031 823 1127 903 caput
1148 819 1328 885 (lollianum
1343 820 1492 885 Varronis
1507 821 1582 885 doo—

359 919 442 983 trina
470 920 662 984 instructum
691 923 786 1002 est,¹)
814 921 865 984 cui
893 925 926 986 et
954 921 1054 986 Cassii
1079 922 1296 987 testimoninm
1324 923 1430 988 deberi
1456 923 1582 988 videtur

359 1024 391 1085 et
420 1021 562 1105 Nepotis,
596 1023 649 1104 qui
678 1023 711 1086 in
738 1022 847 1087 eodem
873 1024 974 1106 capite
1004 1023 1110 1105 (XVII
1125 1026 1176 1100 21,
1193 1027 1245 1106 24)
1255 1029 1282 1106 ³)
1310 1045 1376 1090 000
1405 1044 1480 1091 cum
1511 1025 1580 1109 ipso

361 1122 499 1188 Varrone
533 1125 721 1189 nominatur.
778 1125 890 1208 Itaque
922 1124 1084 1208 probabile
1112 1131 1162 1191 est
1188 1127 1362 1192 Varronem
1390 1147 1426 1193 eo
1455 1146 1579 1210 quoque

359 1227 440 1303 loco,
463 1227 517 1290 ubi
540 1229 580 1291 de
603 1227 739 1293 Saturno
762 1227 947 1311 disputavit,
971 1232 1003 1293 et
1018 1228 1118 1295 Cassii
1141 1231 1358 1295 testimonium
1382 1230 1525 1296 attulisse
1546 1231 1581 1293 et

360 1328 499 1412 Nepotis.
544 1330 607 1394 Tae
628 1330 803 1394 Varronem
824 1330 978 1396 Heminae
1002 1351 1175 1414 cognomen
1198 1332 1340 1397 omisisse
1364 1351 1462 1415 aeque
1485 1336 1580 1414 atque

359 1430 413 1496 illo
435 1432 512 1508 1000,
537 1452 597 1514 quo
621 1432 742 1497 Gellius
764 1451 840 1497 usus
863 1437 927 1497 est:
951 1433 1094 1498 Cassium
1117 1433 1283 1510 Severum,
1312 1435 1365 1517 qui
1388 1434 1581 1498 Tertulliano

360 1533 504 1598 ducentis
532 1534 597 1598 fere
627 1535 718 1598 annis
748 1539 850 1600 aetate
872 1536 1013 1618 superior
1032 1540 1130 1614 esset,
1152 1535 1244 1602 facile
1267 1556 1323 1620 pro
1346 1537 1484 1601 Hemina
1506 1536 1580 1600 sub-

359 1636 490 1700 stituere
513 1637 616 1719 potuit
634 1637 857 1702 Tertullianus.
894 1637 955 1716 Qui
978 1638 1018 1702 ad
1042 1641 1194 1720 quantam
1217 1639 1391 1704 socordiam
1413 1639 1582 1720 neglegen-

361 1738 501 1820 tiamque
528 1739 688 1803 interdum
714 1740 913 1822 plessaeani,
946 1741 1019 1805 inde
1048 1744 1192 1824 apparet,
1221 1742 1303 1823 quod
1325 1743 1415 1825 Apol.
1439 1741 1480 1803 46
1503 1739 1581 1822 Hip·

359 1840 445 1923 piam
469 1842 643 1925 sophistam
666 1861 739 1906 cnm
760 1846 895 1924 tyranno
918 1842 1067 1907 confudit.

445 1943 601 2021 Quoniam
624 1945 818 2008 ostendimus
841 1963 921 2027 quae
944 1945 982 2008 de
1005 1945 1140 2010 Saturno
1163 1950 1332 2010 narrantur
1354 1947 1393 2011 ad
1408 1951 1473 2011 nat.
1489 1944 1522 2008 Π
1538 1948 1580 2008 12

360 2065 389 2129 p.
413 2047 486 2122 202,
510 2049 627 2128 5000,
656 2064 674 2111 a
696 2046 834 2112 Varrone
862 2048 1001 2130 potuisse
1027 2048 1195 2130 proficisci,
1225 2049 1335 2114 eodem
1361 2049 1477 2114 referre
1505 2047 1582 2112 licet

361 2149 496 2213 similem
523 2149 716 2233 Apologetioi
742 2149 862 2227 locum,
890 2169 985 2231 quem
1011 2168 1106 2233 supra
1136 2152 1370 2235 exscripsimus,
1398 2170 1469 2215 cnm
1491 2168 1583 2234 prae-

360 2251 469 2316 sertim
492 2252 635 2316 similiter
658 2270 696 2315 ao
716 2251 926 2316 Tertullianus
950 2252 1094 2316 nonnulli
1116 2253 1281 2336 scriptores
1304 2254 1342 2318 de
1360 2254 1495 2318 Saturno
1518 2251 1582 2316 dis·

359 2354 551 2436 putaverint,
589 2372 724 2436 quorum
760 2355 820 2419 loci
856 2355 943 2436 (cunr
978 2355 1016 2418 ab
1051 2355 1120 2418 aliis
1147 2359 1216 2420 tum
1252 2357 1290 2420 ab
1319 2361 1354 2421 A.
1384 2356 1581 2438 Sobuegloro

360 2456 397 2519 R.
421 2455 458 2521 G.
484 2455 655 2538 1212sq.
679 2457 814 2537 collecti)
842 2458 949 2539 eliqua
980 2476 1017 2521 err
1049 2462 1137 2540 parte
1171 2458 1211 2521 ad
1236 2458 1410 2523 Varronem
1436 2461 1583 2542 spectant

360 2557 412 2639 (01.
435 2559 470 2622 1..
493 2557 622 2623 Preller.
645 2561 682 2623 R.
705 2557 746 2622 M.
769 2560 819 2623 11³
839 2581 870 2644 p.
896 2562 958 2638 12).

446 2661 533 2725 Nihil
547 2662 645 2743 igitur
659 2666 718 2738 001,
741 2681 797 2726 000
812 2681 828 2726 0
845 2661 980 2727 Μ100010
996 2662 1226 2727 Tertullianum
1240 2663 1376 2747 pendere
1391 2667 1580 2747 putemus.⁴)

360 2916 432 2970 inter
450 2931 542 2971 omnes
561 2917 617 2971 lere
635 2917 782 2986 scriptores
800 2915 939 2980 constitit,
958 2920 1080 2971 aetatem
1097 2932 1144 2972 eos
1164 2918 1252 2986 egisse
1270 2917 1312 2972 001
1331 2917 1417 2972 isdem
1436 2917 1493 2972 lere
1511 2922 1579 2972 tern-

361 3001 472 3070 poribus
496 3003 537 3057 001
556 3003 704 3058 Homerum
729 3003 869 3071 aliquanto
891 3001 1087 3070 antiquiorem,
1109 3007 1253 3071 utrumque
1271 3008 1363 3056 tamen
1382 3007 1447 3059 ante
1465 3003 1580 3058 Romam

361 3089 499 3143 conditam
526 3088 636 3151 vixisse,
665 3087 756 3142 Silviis
778 3087 866 3142 Albae
889 3088 1081 3154 regnantibus,
1109 3088 1188 3142 annis
1214 3095 1277 3156 post
1299 3088 1397 3143 bellum
1421 3086 1580 3154 Troianum,

361 3178 394 3228 01
411 3173 552 3229 Cassius
569 3173 603 3227 in
620 3173 730 3241 primo
749 3171 923 3228 annalium
942 3172 976 3227 de
994 3173 1114 3228 Homero
1131 3177 1214 3241 atque
1230 3172 1350 3228 Hesiodo
1368 3171 1498 3242 seriptum
1517 3174 1581 3228 reli-

362 3257 433 3328 quit,
459 3258 520 3327 plus
544 3264 651 3314 centum
676 3265 758 3327 atque
782 3259 937 3326 sexaginta,
960 3263 1027 3312 ante
1044 3258 1158 3314 Romam
1177 3265 1269 3314 autern
1287 3259 1438 3322 conditam,
1457 3263 1488 3313 01
1506 3259 1580 3316 Gor·

361 3344 473 3398 uellus
491 3344 607 3411 Nepos
625 3344 655 3398 in
674 3345 780 3415 prinro
799 3343 956 3398 chronico
975 3345 1008 3398 de
1026 3343 1144 3399 Homero
1162 3344 1236 3406 dicit,
1255 3345 1334 3398 annis
1347 3343 1456 3398 circiter
1467 3350 1576 3399 centum

362 3434 390 3484 01
408 3429 568 3498 sexaginta'.

433 3515 454 3584 ¹)
479 3517 535 3570 Aut
554 3515 676 3570 Cassium
694 3515 822 3570 Severum
844 3514 996 3569 eutalium
1014 3514 1149 3582 quendam
1167 3515 1268 3570 aetatis
1285 3515 1478 3583 imperatorum
1496 3517 1581 3585 scrip·

363 3607 451 3655 torem
468 3600 602 3656 intellexit
620 3601 669 3655 Tb.
689 3601 882 3656 Mommseniue
899 3599 1123 3655 0100001110ιο.ἱ
1140 3615 1166 3668 p.
1181 3600 1231 3653 156
1243 3599 1305 3654 adn.
1323 3601 1383 3654 295.
1413 3601 1472 3656 Nec
1489 3611 1581 3658 tamen

362 3685 504 3754 quiequam
533 3686 639 3750 obstat,
667 3687 809 3754 quominus
830 3686 864 3741 de
887 3685 982 3741 Cassio
1006 3685 1123 3740 Hemina
1146 3685 1310 3752 cogitemus:
1333 3702 1359 3739 v.
1384 3686 1416 3739 Ε.
1444 3685 1581 3742 Robdinm

361 3771 432 3826 Mus.
450 3769 537 3826 Rbeu.
555 3773 670 3828 XXXVI
690 3773 756 3828 1881
774 3788 802 3842 p.
814 3773 873 3828 122.

432 3857 454 3926 ¹)
471 3856 542 3912 Vide
561 3859 592 3914 G.
612 3859 641 3913 F.
662 3859 764 3928 Unger.
782 3859 851 3914 Mus.
870 3857 960 3913 Rben.
980 3857 1082 3911 XXXV
1101 3857 1169 3911 1880
1187 3871 1213 3924 p.
1234 3858 1273 3910 13.

431 3944 453 4010 ⁸)
471 3943 518 3998 ‘lu
538 3943 661 3998 Manlius
679 3943 804 4000 Romae.
822 3984 830 3999 .
849 3985 856 4000 .
875 3943 1015 3998 convictus
1034 3947 1090 4010 est,
1114 3942 1254 3997 consilium
1273 3942 1306 3996 de
1324 3957 1407 4010 regno
1425 3944 1582 4013 occupando

364 4028 460 4092 inisse,
489 4028 687 4098 damnatusque
715 4030 813 4099 capitis
840 4046 855 4084 e
878 4044 945 4084 saxo
969 4027 1099 4096 Tarpeio,
1126 4033 1157 4082 01
1179 4027 1217 4081 M.
1240 4026 1345 4081 Varro
1369 4029 1421 4094 ait,
1449 4043 1581 4098 praeceps

363 4115 460 4184 datus,
488 4119 521 4169 ut
543 4115 724 4170 Cornelius
751 4122 843 4170 autem
865 4115 977 4184 Nepos
1002 4115 1136 4181 scriptum
1163 4112 1285 4180 reliquit,
1311 4114 1479 4170 verberando
1501 4131 1582 4170 neca·

363 4208 407 4257 tus
425 4200 483 4256 eat’.

430 4287 455 4356 ι)
473 4287 594 4342 Ebertus
613 4287 630 4340 l.
648 4302 671 4342 0.
690 4303 716 4355 p.
735 4288 786 4340 321
804 4287 933 4355 opinatur
949 4285 1145 4340 Tertullianum
1164 4285 1277 4340 Minucii
1295 4285 1383 4341 verbis
1401 4285 1582 4343 ι(100001110-

362 4372 498 4441 maniqne’
516 4374 609 4443 (21,1)
629 4372 775 4428 adductum
796 4389 880 4441 0000,
894 4378 924 4428 ut
947 4372 1081 4428 scriberet
1098 4369 1242 4426 ‘Diodorus
1264 4371 1395 4426 Graecus’
1413 4372 1507 4441 (Apol.
1528 4373 1582 4439 10).

362 4459 420 4513 Nec
438 4463 533 4513 tamen
552 4457 667 4516 Octavio
685 4475 753 4528 opus
771 4465 839 4524 erat,
857 4464 888 4513 ut
899 4456 1084 4514 Tertullianus
1102 4471 1192 4511 vocem
1211 4457 1349 4512 ‘Graecus'
1367 4456 1483 4512 adderet
1499 4457 1582 4525 signi·

364 4542 495 4599 ficaturue
514 4543 620 4599 scilicet
636 4560 690 4599 non
707 4545 793 4600 solum
812 4559 829 4596 a
847 4544 957 4600 Latinis
975 4543 1153 4611 scriptoribus
1171 4541 1321 4597 Saturnum
1332 4541 1468 4598 hominem
1480 4541 1583 4597 (1101000

363 4643 422 4684 0000
445 4629 561 4698 (Hartel.
579 4629 595 4683 l.
615 4646 638 4683 c.
656 4645 682 4699 p.
701 4631 772 4698 362).
807 4632 897 4698 Atque
919 4628 991 4684 idem
1016 4628 1127 4699 saepius
1145 4627 1260 4683 Latinos
1284 4642 1301 4681 0
1319 4627 1432 4682 Graecis
1451 4627 1582 4683 secernit:
