3546 5236
776 431 839 497 169

188 643 274 685 eroon
325 623 650 709 Pompeianorum
696 637 778 696 arie
831 651 958 695 sannna
992 631 1072 713 freti
1108 635 1212 698 teredio
1250 635 1419 718 suspendit

188 729 354 794 Cilicam
382 735 463 797 aclis
491 732 549 797 sab
581 735 665 796 mari
687 735 778 816 freni·
832 737 963 801 vincula
982 747 1081 822 pamla
1110 748 1139 803 cl
1167 737 1263 805 lacos
1284 741 1419 824 fluitare

185 833 247 900 tas
267 846 381 921 captae
395 842 493 924 qieasi
504 861 566 924 per
580 841 775 921 indopinern.
831 847 912 908 sinil
931 845 1107 930 relipalqae
1123 855 1253 912 calenas
1268 851 1363 932 rapis
1379 848 1417 911 ab

189 944 273 1008 daos
289 951 393 1008 tomen
409 953 517 1010 aestus
530 947 695 1030 explicuit,
710 969 776 1012 elna
831 949 983 1034 Illyricae
1014 953 1163 1038 scopalis.
1224 975 1278 1018 nec
1306 957 1417 1040 prima

185 1069 268 1134 qaae
291 1049 498 1134 Opiterpinos
519 1052 645 1135 ferebat
669 1056 704 1117 in
725 1075 778 1117 oa·
830 1079 887 1122 nec
914 1059 973 1122 illa
1000 1081 1081 1145 qaae
1113 1063 1259 1146 sequitur
1286 1063 1418 1126 tardata

189 1156 393 1222 distorsit
420 1161 776 1246 memorandumque
830 1167 930 1246 ralis,
958 1167 1014 1231 sed
1042 1169 1140 1232 tertia
1167 1167 1265 1232 moles
1293 1168 1419 1233 laesit

185 1267 326 1346 posteris
350 1266 557 1350 encmplnrn
582 1267 681 1331 dedit.
831 1281 858 1334 el
883 1272 928 1335 od
949 1279 1056 1337 acestes
1079 1275 1219 1339 adducto
1237 1275 1318 1357 fane
1332 1297 1419 1340 seon·

830 1389 863 1444 la
887 1387 941 1444 esi.

829 1486 895 1549 496
912 1488 1016 1550 nescio
1029 1487 1115 1571 qnod
1128 1491 1252 1552 nastris
1268 1507 1418 1571 mapnam

830 1602 858 1656 el
896 1593 1143 1658 memorabile
1177 1595 1261 1677 salis
1299 1615 1418 1658 exem-

824 1701 946 1784 pla-m,
972 1700 1130 1781 Fortuna,
1149 1721 1264 1786 paras.

188 1795 231 1860 35
254 1799 311 1862 sed
330 1800 397 1861 inm
417 1797 581 1863 debitam
597 1819 674 1884 par
694 1799 775 1864 For·
829 1804 909 1870 vla
930 1829 1080 1892 parque
1099 1829 1207 1872 secam
1229 1811 1334 1873 in'clere
1354 1811 1417 1874 dei.

185 1911 268 1967 iana
289 1905 467 1988 flapilanle.

186 2009 231 2073 46
255 2012 447 2076 adnotatam
466 2034 588 2098 qnoque
608 2017 776 2077 commit·
830 2019 891 2081 VII
910 2021 976 2084 470
999 2023 1034 2084 eli
1053 2021 1114 2085 libi
1137 2043 1202 2086 non
1226 2031 1357 2086 mortem
1374 2057 1386 2067 ·
1406 2057 1417 2067 -

187 2121 306 2181 tentis
335 2121 451 2182 aciem
480 2119 628 2184 Crastini
657 2120 775 2204 pilata,
830 2165 881 2208 --‚
910 2129 966 2192 secl
993 2148 1121 2193 sensnm
1144 2138 1221 2213 post
1247 2129 1320 2212 fala
1343 2139 1418 2194 tane

185 2227 245 2308 qai
276 2245 350 2289 enon
382 2227 495 2291 coacto
529 2229 563 2290 in
597 2249 631 2291 os
663 2228 774 2309 plodio
830 2237 1414 2317 dent,Crastinamorli,caiaslorto

187 2333 235 2394 sic
259 2333 346 2396 inter
368 2333 527 2396 cadavera
549 2342 697 2416 reperias
721 2342 774 2396 esi·
830 2365 929 2406 reioaa
948 2343 1135 2408 commisit
1155 2345 1265 2408 lonceo
1280 2343 1416 2408 bellans

826 2452 999 2536 primaque
1036 2449 1237 2515 Thessaliam
1268 2449 1415 2514 Romano

829 2561 988 2641 sanquine
1011 2560 1120 2621 linail.

185 2651 229 2712 56
254 2652 390 2715 aderat
407 2652 535 2736 paellae
552 2649 774 2735 (Cleopatrae)
830 2665 859 2728 X
887 2666 949 2728 105
973 2666 1102 2728 cultus
1127 2667 1234 2728 aclesl
1254 2665 1415 2749 precihus.

183 2758 321 2839 forma.

187 2863 231 2926 60
254 2885 292 2927 ne
308 2865 420 2928 virilia
437 2867 565 2950 (peridem
577 2875 774 2950 portenta,
829 2859 981 2924 VIII4I¹I
999 2869 1104 2923 illlam
1119 2863 1227 2924 omnia
1243 2866 1415 2924 monsirll

187 2969 347 3034 Polleinas
372 2975 465 3055 atqae
490 2971 702 3055 Ganymedes.
832 2971 976 3033 Pellaeae
999 2971 1101 3032 coiere
1125 2970 1248 3033 olannus.

184 3077 229 3140 65
249 3097 406 3160 sparsae
422 3082 775 3164 mapisqnamoppres·
829 3074 905 3138 VIII
920 3075 984 3139 273
1009 3078 1157 3159 sparsit
1181 3079 1289 3158 prolias
1315 3075 1417 3140 Plinr·

186 3205 241 3247 sae
256 3180 553 3268 (Pompeianorum)
570 3189 655 3250 alres
670 3195 772 3250 erant.
828 3183 1051 3250 salianoslras
1062 3201 1156 3266 qaam
1167 3183 1416 3266 sanarerlitopes.

185 3325 297 3372 omnes
336 3307 403 3371 iere
438 3307 491 3390 qui
524 3307 684 3390 insignem
717 3307 800 3373 liuno
833 3305 969 3372 duorum
1001 3306 1191 3390 scriptorum
1225 3324 1417 3370 consensum

185 3413 484 3479 animadverterunt
516 3413 645 3478 Florum
680 3435 719 3480 ex
752 3414 875 3479 Lucani
912 3411 1085 3478 Pharsalia
1123 3411 1244 3476 lumina
1279 3412 1417 3476 orationi

188 3539 268 3585 suae
292 3521 525 3604 interposuisse
549 3529 752 3606 putaverunt
789 3540 983 3604 quemqnam
1003 3527 1112 3584 autem
1127 3539 1248 3601 negare
1262 3539 1326 3583 non
1341 3518 1417 3584 licet

185 3623 256 3690 lieri
267 3627 412 3710 patuisse
423 3635 457 3691 ut
466 3626 582 3693 Florus
593 3627 923 3710 quaedaanncano
933 3632 1140 3710 mutuaretur,
1150 3627 1204 3691 vix
1215 3625 1338 3691 minore
1348 3625 1416 3690 inre

187 3739 355 3815 utrumque
369 3733 557 3818 scriptorem
573 3732 687 3801 eodem
703 3741 835 3800 anctore
848 3753 942 3801 usam
957 3753 1030 3801 esse
1045 3731 1282 3813 contendas¹⁵).
1311 3739 1415 3797 utrum

209 3877 400 3886 ---.—-.--.

184 3963 386 4021 demonstravit
406 3967 438 4020 H.
454 3966 591 4034 Sauppins
611 3967 640 4020 in
655 3969 748 4021 Indice
761 3969 915 4022 schomrum
931 3971 1145 4034 Gottinoensn'am
1160 3969 1333 4020 litmnaram
1349 3971 1418 4020 onai

186 4058 260 4107 1871.
297 4055 391 4110 Orosio
410 4059 505 4110 antem
523 4055 709 4124 antiquiorem
728 4056 828 4110 codicis
847 4057 872 4110 N
893 4057 1078 4110 recensionem
1102 4073 1159 4110 esse
1178 4057 1415 4126 Zangemeisterue

183 4143 307 4198 ostendit
325 4145 408 4213 praei.
428 4144 494 4200 edIt.
514 4145 603 4200 Orosii
622 4162 648 4213 p.
670 4145 768 4200 XXVI.

279 4249 313 4317 ¹³)
336 4253 368 4305 6.
389 4251 502 4306 Baierus
526 4252 555 4306 in
579 4253 812 4308 commentatione
832 4256 870 4306 De
891 4255 969 4306 Lioio
988 4253 1094 4306 Laconi
1112 4255 1141 4305 in
1161 4257 1281 4306 carmine
1300 4256 1331 4306 cle
1349 4255 1416 4308 tello

183 4343 260 4394 cirili
277 4349 385 4394 auctore
403 4340 561 4396 Snidniciae
579 4359 652 4396 anno
674 4344 741 4396 1874
764 4343 864 4396 emissa
881 4360 907 4410 p.
923 4347 984 4410 ttsq.
1004 4341 1077 4395 Flori
1092 4347 1121 4395 et
1134 4341 1236 4394 Lucani
1255 4359 1415 4396 consensum

185 4430 227 4482 ita
245 4429 366 4500 explicat
385 4434 417 4484 ut
435 4434 584 4498 utrumqne
600 4431 677 4485 Livio
696 4449 775 4485 nsum
790 4448 847 4485 esse
861 4430 945 4485 dicat.
974 4436 1116 4499 praeterea
1131 4439 1205 4484 errat
1220 4431 1293 4498 qnod
1308 4431 1415 4486 Livium

185 4517 298 4572 unicum
323 4519 427 4574 Lucani
451 4523 592 4574 auctorem
615 4523 699 4589 putat
721 4520 760 4590 (p.
785 4521 841 4584 46).
885 4521 935 4573 hoc
958 4519 1032 4573 enim
1055 4536 1150 4574 verum
1174 4537 1231 4574 csse
1255 4525 1283 4574 et
1306 4525 1418 4590 propter

183 4624 281 4662 causas
308 4625 391 4677 supra
419 4607 570 4664 afferendas
604 4615 633 4663 et
664 4610 737 4677 qnod
769 4613 852 4678 poeta
882 4609 1084 4664 eruditissimus
1115 4609 1174 4663 sine
1205 4609 1289 4664 dnbio
1326 4612 1418 4681 plnres

184 4695 331 4766 scriptores
355 4703 463 4752 secutus
486 4701 529 4752 est
552 4699 588 4764 (v.
613 4697 674 4751 adn.
703 4699 756 4766 16),
783 4699 861 4752 nullo
885 4698 964 4753 modo
987 4697 1117 4753 credibile
1144 4703 1193 4754 est.
1237 4699 1295 4768 ipse
1322 4705 1416 4756 nutem
