3560 5242
810 398 848 460 57

217 619 301 684 cium
325 620 433 684 autem
456 619 648 684 Tertulliano
671 622 831 684 auctorem
853 639 915 685 non
938 619 1036 684 brisse
1058 619 1135 684 milri
1160 618 1288 701 quidem
1311 620 1433 682 certum

215 723 346 786 ridetur.
384 721 595 786 Tertullianus
618 723 702 788 enim
724 723 861 806 primum
875 722 1069 798 Homerum,
1093 723 1250 806 epicorum
1273 725 1437 804 poetarum

195 825 408 909 principem,
432 824 544 889 deinde
566 824 695 908 lyricos,
718 828 787 889 turn
810 825 947 907 tragicos
970 827 1003 890 et
1024 825 1168 902 comicos,
1191 826 1347 907 postremo
1370 823 1438 906 plri-

205 927 364 1011 losopbos
397 928 545 1010 respexit,
575 945 670 1010 quam
700 927 953 992 distributionem
981 927 1139 992 Minucius
1168 929 1261 1010 plane
1289 927 1437 1006 neglexit.

206 1029 253 1093 ·In
277 1029 437 1094 nonnullis
459 1048 549 1112 porro
572 1030 720 1113 exemplis
742 1030 965 1113 persequendis
981 1030 1194 1095 Tertullianus
1217 1029 1367 1113 copiosior
1389 1029 1439 1092 est

216 1133 370 1207 Minuci03
399 1133 533 1206 accedit,
563 1132 645 1215 quod
669 1132 720 1196 bic
742 1133 919 1216 exemplum
942 1133 1121 1216 Aesculapii
1144 1131 1276 1196 fulmine
1298 1131 1438 1214 percussi

217 1237 343 1300 omnino
376 1253 440 1299 non
474 1235 592 1299 attulit.
644 1234 711 1298 Nec
739 1253 811 1298 vero
839 1235 1063 1319 Aesculapium
1091 1255 1127 1299 ex
1154 1233 1290 1298 Pindaro
1319 1232 1440 1297 addidit

218 1339 368 1421 exemplis
393 1337 475 1420 apud
491 1337 665 1401 Minucium
689 1336 819 1419 repertis
834 1318 1061 1411 Tertullianum
1085 1337 1144 1401 boc
1160 1338 1243 1401 enim
1261 1337 1439 1419 exemplum

218 1460 289 1505 cum
314 1441 366 1505 alii
390 1444 458 1504 tum
482 1439 695 1513 Philodemus,
718 1439 864 1504 Clemens
887 1440 1126 1516 Alexandrinus,
1149 1438 1305 1503 Amobius
1328 1439 1440 1502 simili-

217 1544 277 1607 bus
298 1543 375 1608 locis
398 1543 440 1622 (r.
464 1562 491 1625 p.
516 1543 555 1604 56
578 1541 649 1606 adn.
674 1543 703 1604 8.
729 1543 757 1604 3.
782 1543 814 1622 o)
837 1545 962 1625 praeter
984 1543 1046 1606 alia
1069 1541 1212 1623 exempla
1233 1541 1279 1604 ita
1301 1558 1439 1605 comme·

217 1648 429 1718 moraverunt,
452 1649 488 1709 ut
511 1645 550 1709 ad
565 1644 737 1708 Pindarum
760 1663 869 1708 omnes
892 1648 1105 1728 provocarent.
1143 1644 1255 1726 Itaque
1278 1643 1438 1726 probabile

217 1749 267 1811 est
294 1746 522 1811 Tertullianum
552 1746 730 1829 Aesculapii
762 1747 940 1830 exemplum
967 1765 1031 1812 una
1059 1766 1131 1811 eum
1161 1747 1289 1829 reliquis
1313 1745 1352 1808 ab
1378 1763 1439 1808 uno

218 1851 345 1914 auctore
368 1853 551 1913 mutuatum
575 1867 653 1913 esse.
691 1849 739 1913 Ad
755 1849 891 1913 eundem
906 1853 1067 1915 auctorem
1083 1869 1156 1914 com
1174 1849 1236 1913 alia
1251 1847 1438 1922 rettulerim,

217 1953 285 2014 tum
314 1951 408 2026 illud,
438 1951 520 2034 quod
543 1950 756 2014 Tertullianus
787 1956 895 2016 narrat
917 1952 1053 2016 Martem
1083 1951 1234 2015 tredecim
1257 1969 1382 2014 menses
1405 1951 1437 2013 in

217 2054 350 2118 vinculis
373 2053 480 2118 fuisse.
526 2053 612 2117 Haec
635 2054 718 2117 enim
741 2054 837 2118 verba
859 2053 1049 2118 conferenda
1071 2057 1146 2118 sunt
1169 2072 1242 2117 oum
1266 2053 1438 2118 Clementis

218 2156 422 2220 Alexandrini
444 2155 639 2238 Protreptico
661 2157 703 2234 (2,
721 2157 790 2237 29):
814 2158 926 2220 roiaov
948 2154 985 2220 de*
1001 2151 1148 2242 Ὅμηρος
1163 2153 1321 2220 δεδέσθαι
1340 2151 1440 2242 φησὶν

218 2253 276 2321 s’rrl
305 2260 409 2342 μῆνας
436 2253 656 2343 τρισκαίδεκα.
705 2259 772 2324 Nec
802 2278 875 2324 vero
906 2277 942 2322 ex
970 2259 1123 2324 hocloco
1153 2262 1210 2322 aut
1231 2277 1267 2322 ex
1291 2259 1351 2322 alio
1373 2258 1437 2321 ullo

218 2360 368 2435 efficitur,
402 2363 438 2424 ut
465 2360 678 2425 Tertullianus
711 2362 743 2424 in
777 2361 979 2445 Apologetico
1009 2361 1173 2426 scribendo
1204 2360 1436 2443 Protrepticum

217 2463 395 2546 inspexerit.

303 2565 395 2631 Unde
417 2565 515 2648 igitur
538 2585 595 2630 sua
618 2565 725 2630 hausit
747 2567 960 2649 Minucius?¹)
1005 2565 1106 2646 Quem
1130 2569 1183 2648 qui
1209 2567 1346 2630 Homero
1369 2583 1440 2648 par·

217 2671 283 2732 tem
306 2669 519 2751 exemplorum
543 2669 669 2732 illorum
691 2669 804 2733 debere
827 2672 954 2753 putant,
978 2673 1014 2734 ut
1036 2669 1199 2734 Kuebnius
1224 2669 1258 2744 (l.
1280 2687 1305 2732 c.
1328 2688 1356 2751 p.
1375 2669 1438 2746 13),

217 2771 420 2835 vehementer
454 2775 567 2836 errant.
621 2771 709 2834 Haeo
742 2771 825 2836 enim
853 2774 996 2856 exempla
1023 2791 1042 2836 a
1070 2772 1273 2856 scriptoribus
1302 2769 1439 2834 blinucio

176 2857 180 2867 ¹
217 2874 316 2938 multo
344 2874 568 2938 vetustioribus
596 2875 768 2956 composita
794 2893 863 2938 esse
886 2894 981 2958 supra
1009 2875 1143 2940 diximus
1171 2873 1212 2958 (p.
1237 2874 1277 2936 56
1302 2873 1372 2937 adn.
1395 2874 1437 2956 8).

216 2976 283 3040 Nee
305 2976 412 3042 Cicero
435 2976 486 3055 (de
509 2979 572 3040 nat.
596 2977 677 3041 deor.
699 2977 716 3040 Ι
741 2977 790 3054 16,
812 2978 869 3050 42;
895 2976 929 3040 11
951 2979 1002 3054 28,
1027 2979 1082 3050 70;
1113 2979 1151 3042 de
1174 2978 1233 3042 dir.
1255 2977 1289 3042 Π
1313 2978 1361 3054 10,
1385 2975 1437 3060 25)

215 3079 345 3142 Minucii
384 3083 491 3144 auctor
528 3079 713 3144 iudicandus
752 3081 815 3156 est,
853 3080 927 3160 quia
957 3080 1114 3145 Minucius
1149 3081 1250 3144 multo
1284 3080 1439 3163 copiosius

216 3181 355 3265 disputat
386 3201 481 3264 quam
516 3183 576 3245 ille.
632 3179 786 3260 Quoniam
815 3181 913 3264 igitur
941 3182 1019 3247 baec
1047 3185 1189 3266 exempla
1216 3183 1437 3247 ecclesiasticis

215 3285 418 3367 potissimum
442 3284 644 3368 scriptoribus
672 3285 701 3348 in
730 3284 847 3348 deliciis
871 3285 966 3349 luisse
989 3305 1085 3368 supra
1108 3285 1314 3361 ostendimus,
1335 3284 1440 3348 Minu·

216 3387 282 3450 ciris
306 3407 429 3469 quoque
452 3408 488 3452 ex
512 3389 675 3471 apologeta
698 3387 834 3470 quodam
857 3387 979 3452 videtur
994 3388 1140 3471 pendere,
1164 3407 1235 3453 cum
1252 3387 1436 3470 praesertim

216 3489 312 3552 etiam
340 3490 444 3554 locum
474 3490 563 3554 illum
586 3489 800 3564 Platonicum,
829 3490 918 3553 cuius
940 3491 1096 3554 Minucius
1119 3492 1207 3555 initio
1229 3491 1289 3555 loci
1312 3489 1350 3554 de
1375 3509 1438 3571 quo

217 3591 321 3671 agitur
358 3593 550 3656 mentionem
585 3592 672 3670 lecit,
710 3593 748 3656 ad
783 3591 965 3675 scriptorem
1000 3593 1157 3676 quendam
1188 3593 1436 3657 ecclesiasticum

215 3691 412 3756 referendum
436 3713 504 3759 esse
528 3695 696 3759 viderimus
720 3701 762 3778 (p.
780 3695 820 3758 26
837 3701 904 3777 sq.).
941 3695 1153 3760 Tertullianus
1177 3699 1283 3760 autem
1306 3693 1434 3758 Minucii

216 3797 325 3858 auctor
352 3815 413 3859 noo
442 3797 514 3872 luit,
544 3798 696 3880 siquidem
726 3797 864 3861 hicnon
895 3801 1020 3862 tantum
1043 3797 1080 3861 de
1103 3797 1263 3862 nonnullis
1287 3797 1436 3880 exemplis

213 3897 305 3979 plura
326 3898 422 3961 verba
444 3899 517 3963 tecit
540 3918 636 3981 quam
659 3900 727 3975 ille,
755 3899 810 3964 sed
833 3901 928 3964 etiem
951 3900 1111 3975 Herculis,
1141 3900 1293 3972 Vulcani,
1323 3901 1435 3964 Martis

215 4003 247 4064 et
279 3999 409 4064 Veneris
447 4002 604 4074 adulterii,
645 4001 837 4086 Ganymedis
875 4003 1019 4086 exempla
1054 4003 1151 4067 babet
1188 4021 1206 4066 a
1242 4003 1435 4067 Tertulliano

215 4103 339 4166 omissa.
394 4109 481 4180 Quae
513 4123 584 4167 cum
614 4123 632 4167 a
661 4106 788 4182 ceteris,
820 4123 899 4187 quae
927 4107 959 4169 in
984 4105 1112 4170 Octavio
1140 4110 1435 4182 commemorantur,

214 4304 282 4342 mus.
306 4317 336 4328 -
363 4289 488 4344 Ceterum
509 4288 540 4342 iis
559 4289 635 4354 loeis,
658 4289 806 4358 dequibus
825 4307 895 4344 nunc
913 4291 1012 4360 agitur,
1032 4307 1117 4360 neque
1135 4307 1153 4345 a
1171 4291 1290 4346 Minucio
1310 4307 1397 4358 neque
1416 4307 1433 4345 a

215 4373 383 4427 Tertulliano
412 4375 479 4428 ullus
503 4389 595 4426 eorum
619 4374 780 4442 scriptorum
805 4377 1019 4431 Christianorum
1045 4377 1207 4445 compilatus
1231 4385 1289 4444 est,
1319 4395 1432 4445 quorum

214 4459 288 4513 locos
306 4475 388 4527 supra
407 4459 598 4526 congessimus.

284 4548 307 4604 ¹)
333 4544 442 4599 loitiurn
466 4545 516 4598 loci
537 4544 684 4598 Minuciani
703 4560 762 4598 cum
781 4545 846 4600 Tac.
865 4546 935 4601 Dial.
954 4549 989 4600 29
1008 4547 1131 4615 (¹lalurlis
1150 4557 1178 4601 et
1197 4547 1355 4619 erroribus')
1375 4549 1433 4602 iure

213 4631 365 4697 composuit
384 4635 456 4684 rtem.
478 4629 661 4686 Baehrensius
679 4630 720 4684 ed.
740 4630 804 4685 Tac.
824 4632 894 4687 Dial.
916 4633 987 4702 Lips.
1008 4635 1072 4688 1881
1093 4651 1118 4702 p.
1138 4637 1179 4688 85.
