3480 5230
793 394 834 458 43

708 484 917 496 ο--ι-ι

208 623 329 689 statuit.
340 623 366 708 ¹)
432 627 535 708 Atque
573 611 781 708 ὑπεξαίρεσις
819 628 874 693 illa
912 627 951 693 ab
994 625 1038 691 eis
1078 647 1200 712 quoque
1236 632 1319 699 inter
1355 653 1423 700 ora·

204 731 298 800 tionis
319 733 424 818 partes
445 733 572 819 reoepte
594 733 656 811 est,
680 753 757 816 quos
776 733 977 802 Philodemus
1003 733 1082 801 rhet
1101 735 1147 802 IV
1166 739 1222 804 ool.
1245 741 1284 806 21
1301 741 1424 828 impug-

204 841 276 904 nat:
311 828 393 903 erut
418 834 482 924 μὴν
509 831 539 904 oi
567 833 629 921 μὲν
654 841 721 904 τῶν
747 842 910 926 σοφιστῶν
936 829 996 919 τδις
1023 831 1131 921 κωνδις
1156 839 1277 931 φρένας
1298 839 1423 928 ἔχοντες

205 936 241 1010 οὐ
264 940 429 1033 περὶτῶν
456 940 489 1009 ἐν
520 939 621 1008 παντὶ
649 939 857 1031 προβλήματι
879 936 1064 1029 προοιμίων
1085 943 1141 1011 καὶ
1164 943 1340 1037 διηγήσεων
1366 948 1422 1017 καὶ

205 1043 347 1115 πίστεων
369 1045 424 1114 καί
446 1041 681 1135 δπεξαιρέσεων
701 1045 756 1112 καὶ
771 1043 936 1132 ἔπιλόγων
950 1040 1078 1127 ἑαυτοῖς
1093 1043 1216 1117 οἴονται
1233 1050 1420 1140 προσήκειν,

203 1142 286 1217 ἀλλὰ
312 1157 378 1218 τῶν
404 1148 505 1239 ἐντῷ
528 1150 700 1238 πολιτικῷ.
744 1151 959 1217 Volkmaunus
982 1152 1014 1228 ss.
1037 1171 1063 1216 o.
1085 1175 1114 1238 p.
1139 1155 1213 1236 125)
1237 1159 1346 1223 oenset
1366 1159 1422 1224 illa

201 1275 283 1321 nous
314 1258 467 1322 voeabula
498 1275 517 1321 a
540 1256 651 1322 Stoiois
674 1275 741 1321 esse
763 1255 918 1340 profesta;
949 1255 1004 1319 sed
1030 1255 1245 1324 testimonium
1271 1278 1329 1326 nao
1354 1261 1420 1346 ipse

201 1359 332 1446 protulit
353 1379 411 1425 neo
434 1380 490 1442 ego
513 1359 650 1445 proferre
673 1378 810 1442 possum.

285 1464 333 1530 De
355 1463 544 1549 prooemio
567 1465 673 1528 autem
696 1465 727 1528 et
750 1462 788 1527 de
810 1462 1038 1528 narratione
1059 1482 1161 1547 pauea
1183 1463 1316 1530 dioenda
1338 1469 1421 1530 sunt.

202 1567 376 1633 Stoicorum
405 1567 527 1633 videtur
551 1567 711 1651 proprium
735 1558 826 1649 ἔργα
849 1560 1026 1650 προοιμίου
1049 1568 1196 1643 statuere,
1219 1570 1256 1631 ut
1270 1569 1420 1646 attentus,

199 1670 387 1749 benevolus,
421 1671 528 1735 dooilis
560 1669 713 1736 effioietur
745 1668 846 1733 iudex.
860 1671 886 1749 ²)
942 1668 1046 1734 Semel
1079 1667 1157 1734 haee
1190 1671 1305 1737 locutio
1338 1672 1420 1756 apud

199 1773 400 1839 Aristotelem
440 1792 561 1856 quoque
597 1772 744 1837 occurrit:
785 1761 1037 1856 ἀναγκαιότατον
1072 1765 1164 1859 ἔργον
1198 1769 1419 1858 offensioni)

199 1875 349 1941 Doctrina
370 1876 440 1960 ipse
463 1877 527 1941 iam
549 1875 681 1940 Isocrati
709 1876 783 1940 nota
810 1874 920 1957 στοαί)
944 1874 1029 1938 Nihil
1051 1877 1127 1940 oerti
1143 1874 1240 1940 statui
1254 1878 1359 1960 potest
1381 1878 1419 1943 de

198 1969 255 2043 illa
264 1980 438 2062 partitione,
452 1999 489 2046 er
502 1998 565 2062 qua
577 1979 736 2044 exordium
746 1977 779 2041 in
791 1970 964 2063 προοίμιον
976 1978 1009 2042 et
1022 1971 1141 2063 ἔίγσδον
1149 1978 1418 2063 (insinuationem)

198 2083 327 2160 secedit,
344 2102 440 2165 quam
462 2084 526 2148 iam
549 2082 581 2147 in
602 2081 815 2162 Hermagorae
836 2082 903 2144 arte
919 2080 1016 2146 fuisse
1031 2081 1097 2146 reri
1112 2084 1160 2146 est
1176 2081 1324 2168 simile.⁵)
1351 2083 1418 2149 Neo

198 2185 312 2250 eortius
329 2186 496 2269 quiequam
509 2183 701 2269 exploratum
715 2187 764 2249 est
776 2183 814 2248 de
827 2185 1106 2249 controversiarum
1119 2185 1237 2267 figuris,
1248 2185 1286 2251 de
1303 2185 1417 2268 quibus

197 2289 408 2371 Hermagoras
434 2289 466 2354 in
489 2288 647 2373 prooemio
669 2287 835 2353 traotando
858 2285 1038 2369 disputarit,
1061 2287 1100 2352 de
1123 2283 1243 2373 ἐνδόξῳ
1265 2284 1416 2375 σχήματι,

196 2381 379 2482 ἆμφιδόξιρν,
418 2385 606 2478 παραδόξῳ,
646 2383 803 2476 ἅδόξηι.1)
858 2388 978 2468 Quibus
1017 2390 1069 2455 alii
1109 2392 1254 2474 quintum
1289 2393 1417 2458 sohema

196 2495 377 2561 adieoerunt
399 2489 794 2581 δυσπαρακολούθητον.)

281 2598 541 2664 Partitionem
563 2591 750 2684 (διαίρεσιν)
773 2596 832 2662 etsi
853 2616 917 2661 uon
939 2596 1023 2662 inter
1037 2599 1145 2682 partes
1168 2598 1318 2664 orationis
1341 2618 1416 2665 enu-

194 2703 298 2766 merat
318 2701 572 2778 Fortunatianus
595 2703 703 2766 tamen
725 2700 821 2765 rerba
843 2699 881 2764 de
904 2719 941 2765 ea
962 2700 1038 2766 feeit
1060 2704 1103 2785 (p.
1122 2701 1183 2764 115
1199 2699 1268 2782 H.):
1292 2702 1414 2779 „omnis

194 2805 321 2888 partitio
352 2805 452 2888 qualis
486 2807 557 2870 est?
591 2806 647 2869 eut
678 2805 793 2880 nostra,
827 2822 907 2885 qnae
940 2799 1222 2891 προηγουμένη
1252 2799 1415 2891 διαίρεσις

195 2907 317 2986 dieitur,
347 2909 403 2973 aut
429 2909 604 2986 adversarii,
637 2925 715 2990 quae
743 2896 932 2991 ἀναγκαία
959 2899 1119 2992 διαίρεσις
1146 2906 1335 2984 nominatur,
1352 2912 1415 2996 vaut

193 3011 380 3090 eommunis,
403 3029 483 3094 quas
504 3004 630 3098 μικτή
650 3011 754 3095 potest
769 3009 859 3074 diei.“
902 3010 994 3074 Hane
1010 3005 1198 3095 διαιρέσεως
1212 3011 1413 3095 partitionem

192 3113 453 3180 Fortunatienum
475 3134 537 3180 non
553 3116 657 3200 ipsum
673 3111 828 3177 inuenisse
844 3113 978 3190 constat,
1000 3110 1153 3194 siquidem
1169 3113 1301 3179 eandem
1316 3113 1414 3179 tradit

192 3216 403 3296 Quintilianus
431 3217 489 3300 (IV
512 3219 539 3296 5,
568 3219 611 3299 1).
662 3215 730 3281 Neo
760 3217 867 3281 tamen
900 3234 937 3280 ex
963 3214 1058 3280 Fabio
1093 3233 1152 3280 sua
1176 3216 1411 3300 transcripsisse

191 3320 451 3386 Fortunatianum
473 3321 602 3387 Graecis
629 3319 700 3396 illis,
723 3318 836 3401 quibus
857 3319 964 3396 utitur,
984 3319 1145 3383 voeabulis
1168 3319 1411 3384 demonstratur.

190 3421 336 3487 Proieotu
356 3423 452 3506 igitur
467 3425 516 3490 est
530 3422 608 3488 haee
623 3421 798 3488 doetrinae
817 3421 945 3487 Graeeis
959 3421 1022 3486 iam
1039 3423 1112 3486 ante
1130 3419 1314 3500 Quintiliani
1327 3425 1412 3488 aeta·

191 3528 257 3591 tem
271 3525 462 3592 florentibus.
500 3525 603 3606 Quam
618 3525 701 3609 quod
715 3543 817 3607 neque
833 3523 1016 3590 Cornificius
1031 3513 1134 3606 neque
1150 3524 1257 3591 Ciosro
1275 3543 1412 3592 oomrne·

190 3631 330 3708 morant,
370 3629 493 3695 dubites
530 3631 638 3695 utrum
671 3629 796 3694 omnino
828 3647 892 3693 non
923 3627 1068 3693 noverint
1101 3648 1141 3693 an
1170 3628 1411 3714 repudiaverint

191 3731 273 3798 Sane
300 3732 421 3817 respuit
442 3732 625 3800 Cornificius
652 3733 747 3797 etiam
777 3748 916 3812 eaquae
938 3729 1046 3796 Oioero
1069 3731 1159 3796 affert
1182 3731 1410 3798 distributionis
1460 3797 1463 3804 ,

189 3854 312 3918 genera,
334 3835 531 3914 breuitatem,
555 3834 790 3911 absolutionem,
812 3833 1017 3916 pauoitatem;
1040 3832 1106 3916 ipse
1130 3833 1226 3899 alium
1249 3836 1409 3900 auotorem

189 3941 317 4005 seoutus
340 3939 607 4006 enumerationem
631 3940 663 4004 et
682 3937 906 4022 expositionem
926 3936 1047 4001 statuit.
1057 3938 1083 4017 8)
1127 3937 1283 4020 Equidem
1302 3937 1410 4021 opinor
1482 3985 1484 3992 .

258 4085 349 4153 1)(11ο.
369 4089 402 4146 de
420 4090 472 4147 inv.
491 4091 506 4147 I
525 4094 567 4146 97.

256 4172 278 4236 1)
297 4171 438 4232 Fortunat.
449 4192 475 4244 p.
487 4178 551 4242 108;
570 4178 644 4244 Suip.
654 4175 725 4232 Viet.
735 4193 760 4244 p.
770 4177 822 4229 322
833 4174 880 4240 Η.;
900 4174 961 4229 Rus.
972 4174 1020 4244 Ip.
1030 4176 1081 4230 463
1091 4175 1150 4245 Sp.;
1164 4179 1250 4231 Aaou.
1260 4173 1292 4229 11
1302 4191 1328 4245 p.
1340 4178 1354 4230 l
1364 4175 1408 4230 W.

255 4257 278 4324 1)
296 4273 341 4312 ars
359 4260 428 4316 rhet.
448 4260 495 4315 III
513 4265 546 4317 14
564 4279 588 4332 p.
607 4265 666 4327 211,
683 4265 718 4316 23
736 4262 829 4317 Roem.

255 4344 277 4408 ⁴)
298 4341 376 4398 Dion.
394 4347 457 4401 Hal.
476 4347 511 4402 de
529 4349 591 4419 Lys.
611 4365 632 4405 o.
653 4350 694 4404 17.
815 4377 819 4384 -

253 4429 277 4496 ⁵)
295 4427 394 4486 Geruli.
413 4431 476 4504 163
496 4433 551 4488 cro.
570 4434 605 4488 de
622 4433 676 4489 inv.
695 4433 770 4489 120.

254 4513 276 4577 ο)
294 4514 359 4569 Aur.
372 4519 442 4587 Aug.
459 4537 488 4589 p.
508 4520 557 4573 147
575 4518 608 4574 Η.

255 4597 437 4753 {iiiiii
456 4604 687 4758 111,ῗέιίίίιί
705 4601 843 4745 tud
861 4604 902 4758 t:
