3548 5256
809 387 865 473 ee*

218 596 245 662 B
270 598 312 664 23
335 597 450 684 ἄλλην
476 601 557 685 δρῦν
580 604 645 685 βα·
699 604 734 671 S:
757 604 873 692 ἄλλην
895 607 976 691 δρῦν
1000 607 1181 689 βαλάνιζε·
1209 603 1335 670 ἐπὶτῶν
1359 601 1441 670 ἑνδε-

218 712 356 782 λάνιζε·
381 709 507 776 ἐπὶτῶν
530 711 644 778 ἐνδελε-
698 715 799 800 λεχως
821 710 973 778 αἱτοίιντων
1000 736 1027 779 τι
1051 711 1071 797 ἢ
1094 715 1175 797 παρὰ
1196 723 1253 777 των
1277 708 1371 777 αῦτῦν
1394 711 1442 776 ατί

218 829 283 902 χιῦς
296 839 321 882 τι
334 815 489 885 αἰτοῦντων
507 825 643 904 περὶτῶν
698 823 920 908 δανειζομένων·
958 817 1050 906 (ἐπεὶ)
1062 817 1086 906 ¹)
1125 821 1265 903 βαλάνοις
1301 821 1374 892 ἔζων
1408 823 1443 884 τὸ

218 921 311 990 αῦτιῦν
339 922 373 1012 (ἢ
400 931 483 1011 παρὰ
508 940 565 994 τῶν
588 926 643 992 αθ·
697 931 822 995 παλαιὸν
846 926 873 993 οἱ
887 927 1041 1013 ἄνθρωποι
1054 932 1107 992 καί
1125 929 1301 1010 βαλανιστᾰς
1315 925 1444 994 ἐκάλουν

216 1056 271 1098 των
285 1032 338 1119 Α).
362 1033 461 1121 ἐπειδὴ
475 1039 532 1122 γὰρ
545 1038 643 1119 βαλά-
696 1039 763 1110 τοῦς
786 1039 888 1123 μισθῷ
911 1039 959 1102 τὸν
982 1040 1096 1120 καρπὸν
1117 1043 1218 1100 τοῦτον
1237 1036 1442 1118 συλλέγοντας·

215 1162 277 1214 νοις
290 1143 547 1220 ἔίωντδπαλαιόν,
561 1149 642 1208 σκω-
697 1149 772 1229 πρὸς
802 1149 894 1209 τοίνυν
925 1145 993 1217 τοῦς
1024 1151 1275 1228 περισκοποῦντος
1313 1141 1342 1206 εἴ
1368 1165 1443 1217 τινες

216 1270 334 1322 πτοντες
346 1251 414 1324 τοῦς
422 1257 581 1336 παριόντας
590 1256 643 1316 καὶ
697 1249 754 1317 εἷεν
769 1249 813 1336 (ἐν
828 1254 878 1337 τῇ)
901 1247 966 1336 δρυῒ
981 1252 1111 1334 βάλανοι,
1135 1247 1163 1315 οἱ
1176 1255 1327 1336 παριόντες
1342 1251 1442 1332 ἔλεγον

215 1367 466 1441 περισκοποῦντος
488 1361 542 1431 τὰς
565 1361 642 1444 δρῦς,
697 1363 896 1442 σπωπτοντες,
933 1355 1029 1445 ἄλλην
1064 1359 1131 1442 δρῦν
1167 1359 1310 1442 βαλάνιζ.
1363 1355 1445 1422 Fast

216 1462 269 1536 οῦς
291 1469 343 1528 καὶ
366 1467 513 1549 βαλάνους
531 1461 642 1550 (βαλα-
695 1463 842 1530 wdrtlieh
866 1465 985 1530 ebenso
1009 1463 1035 1528 P
1059 1465 1142 1529 1141
1167 1460 1233 1528 und
1255 1464 1288 1529 Μ
1302 1471 1315 1525 Ι
1328 1461 1371 1537 ιζ.

215 1573 314 1645 νιστὰς
345 1569 387 1658 Α)
425 1571 563 1646 ἐκάλουν,
601 1572 643 1646 ὡς

216 1683 327 1764 μισθοῦ
353 1687 441 1744 τοῦτο
464 1684 643 1763 πράττοντας

215 1789 247 1849 τὸ
283 1791 378 1871 παρὸν
413 1784 578 1873 ἐπεφώνουν
614 1785 642 1850 οἱ

215 1896 325 1965 ταυτας
348 1895 480 1981 ἔχοντες.

215 2141 299 2208 Β56
313 2140 503 2226 Ἀνάγυρον
522 2153 641 2207 κινεῖν·
698 2141 733 2205 S:
762 2139 956 2226 Ἀνάγυρον
993 2154 1117 2208 κινεῖν·
1153 2146 1296 2229 παροιμία
1331 2145 1442 2227 κινήσω

214 2254 356 2336 παροιμία
369 2255 479 2334 κινήσω
491 2254 541 2314 τὸν
551 2250 642 2313 Ἀνά-
695 2253 743 2313 τὸν
763 2246 929 2333 Ἀνίιριρον
952 2251 1001 2314 διὰ
1023 2254 1055 2313 τὸ
1080 2251 1207 2322 δυοιῦδες
1230 2254 1318 2337 φυτὸν
1335 2245 1442 2313 αὐτόθι

215 2379 297 2440 ριρον
329 2353 376 2422 ἐπὶ
402 2369 458 2421 τιῦν
489 2361 642 2422 κινοῦντων
698 2359 840 2441 μῦεσθαι·
869 2359 928 2422 ἔστι
955 2359 987 2421 δὲ
1013 2358 1109 2443 δῆμος
1132 2354 1278 2428 Ἀττικός.
1311 2353 1440 2427 ἄλλως.

213 2467 273 2529 τινὰ
311 2464 359 2530 ἐπί
395 2477 481 2549 κακῷ
523 2463 639 2530 ἑαυτῶν.
696 2461 744 2528 ἐπὶ
767 2475 822 2528 τῶν
838 2467 990 2529 κινοῦντων
1011 2467 1073 2529 τινὰ
1087 2463 1134 2528 ἐπί
1157 2475 1198 2549 τῷ
1217 2461 1326 2528 ἑαυτῶν
1339 2475 1440 2546 κακῷ·

215 2568 380 2657 Ἀνίιγυρος
402 2575 459 2656 γὰρ
475 2569 560 2658 Κρὴς
578 2571 641 2636 ἐπι·
696 2569 859 2654 Ἀναγυρος
890 2573 947 2656 γὰρ
978 2569 1060 2658 ἥρως
1091 2569 1249 2657 ἐπιχώριος
1283 2571 1352 2642 τοὺς
1378 2565 1441 2653 (ἐκ)

213 2681 327 2764 χὼριος
349 2681 417 2751 τοῦς
440 2688 641 2759 γειτονοῦντας
696 2685 828 2756 γειτόνων
852 2675 931 2762 αὐτῷ
945 2675 1098 2751 οἰκοῦντας
1121 2675 1156 2742 ἐκ
1170 2680 1293 2762 βάθρων
1306 2675 1442 2761 ἀνεστρέ-

213 2783 641 2873 ἐκβάθρωνάνίστρεψενίᾶνέ-
697 2792 782 2872 ψατο,
814 2785 914 2871 ἐπειδὴ
937 2789 971 2849 τὸ
995 2782 1092 2871 ἡρῷον
1120 2781 1208 2849 αυτοῦ
1231 2779 1347 2868 ὑβρίσαι
1371 2782 1441 2848 ἐπε-

213 2898 317 2978 τρεψεν
326 2891 379 2978 Α),
389 2892 491 2979 ἐπειδὴ
501 2897 534 2958 τὸ
544 2889 642 2978 ἡρῷον
696 2897 848 2979 χείρησαν.
894 2890 967 2974 vgl.
990 2890 1124 2959 PH55.
1148 2889 1181 2954 M
1195 2898 1208 2952 I
1222 2889 1271 2957 σε’.

215 2995 305 3064 αὐτοῦ
314 2995 431 3084 ι”ιβρίοαι
441 2999 641 3086 ἐπεχείρησαν.

303 3213 367 3279 Die
394 3212 662 3295 Ueberlieferung
689 3211 722 3276 in
750 3211 772 3277 S
799 3211 842 3278 iet
870 3210 941 3278 hier
967 3211 1039 3277 eine
1066 3210 1294 3278 vortreffliehe.
1339 3210 1442 3284 ἄλλως

216 3319 302 3403 neigt
323 3318 406 3404 klar,
434 3318 513 3386 dass
537 3319 594 3385 der
617 3317 789 3385 Versaeeer
811 3317 882 3384 hier
905 3318 984 3383 zwei
1008 3316 1144 3396 Quellen
1168 3318 1358 3399 benutnte’)
1403 3318 1441 3382 In

215 3427 305 3493 ABV
329 3425 402 3493 sind
430 3426 483 3492 die
511 3425 628 3492 beiden
650 3425 878 3508 Erkliirungen
905 3423 1272 3509 zusammengeworfen3
1301 3424 1442 3491 anchin

215 3534 241 3599 P
273 3533 347 3600 sind
378 3533 426 3600 sie
457 3532 545 3600 nieht
576 3532 719 3600 deutlich
751 3530 1129 3615 eueeinandergehalten.
1176 3531 1198 3598 S
1224 3529 1345 3597 etimmt
1371 3531 1442 3599 hier

215 3660 268 3706 am
296 3640 409 3708 besten
437 3639 496 3706 mit
521 3640 562 3724 M,
595 3660 655 3705 nur
682 3640 752 3723 gibt
781 3638 890 3706 dieser
924 3637 978 3704 die
1004 3636 1123 3704 beiden
1149 3637 1377 3722 Erkidrungen
1408 3638 1442 3704 in

214 3747 444 3831 umgekehrter
470 3746 692 3830 Reihenfolge.
738 3745 786 3812 Zu
814 3745 872 3813 der
900 3753 1008 3813 ersten
1036 3745 1221 3829 Erkldrnng
1249 3745 1441 3830 (1118)ng

215 3854 355 3941 Hesyeh.
378 3853 596 3940 Ἀναγυράσιος
619 3852 684 3919 und
708 3853 873 3940 Ἀνάγυρον
895 3865 993 3928 κινεῖν,
1021 3851 1112 3920 Suid.
1136 3852 1353 3938 Ἀναμιράσιος
1374 3852 1442 3920 und

215 3961 388 4048 Ἀνάγυρος.

308 4299 329 4368 ¹)
347 4301 399 4356 Die
416 4302 456 4356 im
475 4302 565 4358 Codex
583 4303 746 4358 unlesberen
768 4303 825 4358 und
843 4321 898 4357 von
915 4301 970 4356 mir
992 4303 1141 4372 ergdnnien
1159 4300 1255 4356 Worie
1278 4299 1335 4354 und
1352 4299 1439 4356 Buch-

215 4389 312 4444 steben
330 4390 393 4445 sind
410 4391 440 4446 in
458 4391 545 4447 runde
563 4391 724 4447 Klammern
743 4391 969 4462 eingeschloeeen.

307 4512 329 4584 ’β
352 4515 458 4572 Εῦοιιτο
480 4515 542 4570 sind
568 4515 598 4570 in
621 4516 683 4572 dem
706 4515 874 4587 Spriehwort
895 4513 917 4588 ἡ
940 4512 1037 4567 Φανίου
1060 4513 1131 4586 θύρα
1157 4514 1225 4571 αντεὶ
1247 4515 1441 4587 Erkldmngen

215 4603 409 4662 unvermitielt
427 4605 516 4662 neben
534 4603 667 4662 einander
684 4605 809 4678 gestelii:
829 4606 885 4678 vgl.
905 4607 933 4662 M
952 4617 978 4662 11
992 4603 1032 4668 ις’.
1070 4605 1121 4662 DV
1139 4616 1165 4662 11
1178 4605 1222 4660 84.
