3598 5226
726 417 937 512 Q—

224 641 409 726 asperius,
436 642 513 706 nihil
536 641 691 707 durius“
703 643 725 724 ¹)
748 643 781 706 et
802 641 930 707 Mallius
952 643 1067 709 Theod.
1089 663 1120 727 p.
1144 642 1215 722 597,
1231 642 1271 707 26
1287 642 1333 707 K:
1357 660 1444 720 „ma-

223 746 309 809 trum
332 745 584 830 antispasticum,
615 746 661 810 ita
682 746 719 810 ut
740 745 984 812 choriambicum
1008 749 1049 828 (v.
1072 764 1167 830 supra
1189 766 1219 830 p.
1244 747 1335 828 106),
1359 763 1444 811 sua-

223 848 357 913 vitatis
390 849 422 912 in
450 868 494 914 se.
510 849 589 914 nihil
615 849 760 927 haberet,
793 849 853 914 nisi
880 852 937 915 aut
963 849 1116 934 dactylico
1143 851 1199 914 aut
1227 849 1360 915 iambico
1381 847 1443 914 fine

223 951 474 1017 terminatorum
518 952 566 1017 Id.
588 972 617 1035 p.
641 953 711 1031 599,
733 952 838 1017 2th
863 971 955 1031 „cum
979 1001 986 1016 .
1010 1000 1018 1016 .
1041 1001 1048 1016 .
1070 955 1209 1018 metrum
1235 954 1268 1019 et
1293 952 1445 1018 choriam-

222 1054 329 1119 bicum
353 1058 385 1120 et
407 1056 646 1139 antispasticum
671 1058 703 1120 et
724 1056 861 1121 ionicum
882 1074 901 1120 a
922 1057 1038 1122 maiore
1055 1103 1063 1119 .
1079 1104 1087 1118 .
1103 1103 1111 1119 .
1126 1056 1171 1121 ita
1193 1056 1325 1142 propriis
1340 1057 1445 1121 conte-

223 1160 338 1222 rnntur
352 1158 494 1242 pedibus,
516 1161 561 1238 ut,
584 1159 643 1224 nisi
658 1158 891 1224 conclusionem
913 1158 1038 1225 aliunde
1059 1159 1222 1242 accipiant,
1244 1159 1444 1242 inelegans

223 1265 318 1343 atque
341 1261 538 1328 horridum
561 1263 617 1340 sit,
641 1309 648 1326 .
672 1309 680 1325 .
703 1310 710 1326 .
732 1261 869 1327 ionicum
896 1261 1055 1328 aminare
1084 1281 1141 1328 sno
1165 1281 1199 1328 se
1226 1261 1305 1348 pede
1327 1263 1372 1328 ita
1394 1279 1443 1328 ex·

223 1366 299 1449 plet,
322 1368 359 1430 ut
380 1366 632 1431 additamentum
653 1384 716 1431 non
744 1365 885 1448 requirat
906 1365 1068 1430 aliorum.“

307 1469 373 1534 Nos
397 1471 524 1554 quidem
538 1467 698 1534 Heliodori
721 1468 771 1533 vel
794 1467 983 1552 quicumque
1005 1469 1072 1535 eius
1094 1472 1203 1535 auctor
1225 1471 1274 1535 est
1295 1469 1445 1554 (usupra

222 1591 252 1654 p.
276 1571 328 1654 36)
351 1573 526 1638 doctrinam
547 1571 708 1656 aspernati
730 1573 833 1636 metra
855 1571 1100 1656 antispasticaa
1127 1572 1233 1656 lyricis
1256 1574 1354 1657 poetis
1377 1591 1445 1639 sae-

223 1674 350 1758 pissime
372 1678 524 1760 usurpata
558 1675 668 1762 (bnon.
691 1676 763 1758 post
784 1673 931 1741 Caesium
956 1695 987 1758 p.
1011 1677 1083 1754 274,
1108 1677 1147 1739 15
1169 1676 1213 1741 K:
1249 1677 1446 1762 ‚antispasti-

223 1797 281 1842 con
304 1826 312 1841 .
336 1825 343 1842 .
368 1826 395 1856 .,
429 1779 512 1844 unde
542 1779 647 1862 plnres
677 1778 752 1842 meli
784 1778 1044 1862 componuntun‘)
1077 1779 1256 1862 logaoedica
1287 1781 1443 1865 appellare

222 1880 451 1959 consuevimus,
485 1882 660 1964 dequibus
685 1882 750 1945 iam
772 1899 882 1964 pauca,
915 1901 996 1964 quae
1018 1882 1132 1961 inveni,
1167 1883 1445 1950 testimonimum

224 1983 386 2050 allaturus.

402 2223 404 2227 ¹
506 2243 525 2323 ξ
548 2243 599 2305 27.
643 2242 695 2308 De
717 2243 893 2308 versibus
916 2241 1160 2326 logaoedicis.

308 2412 452 2478 Indolem
475 2414 570 2479 simul
592 2417 624 2478 et
645 2433 760 2479 nomen
782 2414 1032 2498 logaoedicorum
1054 2413 1210 2497 explicent
1231 2415 1358 2480 ‘scholia
1379 2416 1443 2481 He-

223 2515 427 2599 phaestionea
447 2517 485 2582 A‘
508 2537 537 2600 p.
562 2517 633 2594 163,
658 2518 697 2581 13
719 2517 759 2581 W
782 2544 824 2573 =
848 2518 907 2581 141
929 2517 991 2582 St:
1013 2509 1217 2602 λογαοιδικὸυ
1238 2516 1384 2582 καλεῖται
1405 2509 1445 2583 τὸ

223 2615 357 2704 μέτρον·
381 2610 525 2686 desdende
545 2617 606 2703 μὲν
627 2610 683 2685 διὰ
704 2611 761 2685 τὸν
783 2615 948 2700 δάκτυλον,
973 2611 1090 2706 ἐπειδὴ
1112 2610 1287 2708 εὔρυθμος,
1318 2612 1446 2706 λογικὸν

223 2719 260 2785 δὲ
291 2718 347 2787 διὰ
372 2712 429 2788 τὸυ
455 2725 618 2809 τροχαῖον,
652 2720 706 2789 διὸ
732 2721 788 2789 καὶ
815 2717 847 2788 οἱ
874 2719 1014 2788 nahmi
1042 2718 1208 2811 κέχρηνται
1232 2714 1360 2810 αὐτῷ’),
1391 2718 1445 2790 ὅτε

223 2821 361 2890 θέλουσι
387 2823 512 2909 τρέχειν
538 2821 644 2912 lo‘yov·
671 2822 804 2912 τοιαύτη
827 2822 906 2912 dtr}
934 2821 1085 2914 ῥητορικὴ
1110 2822 1332 2914 καταλογάδην
1353 2815 1444 2894 οὖτα.

308 2929 406 2995 Paulo
433 2930 538 2995 minus
564 2930 729 3014 perspicua
751 2933 827 2994 sunt
848 2949 928 3012 quae
956 2929 1065 2995 scribit
1092 2929 1325 2996 Choeroboscns
1347 2931 1444 3016 Ereg.

221 3031 254 3095 in
275 3031 376 3116 Heph.
399 3054 430 3118 p,
455 3034 505 3111 72,
529 3033 569 3096 12
591 3032 637 3097 H:
675 3024 865 3118 λογαοιδικὰ
886 3024 916 3097 d’
940 3029 1136 3120 duhidqonv,
1160 3025 1277 3120 ἐπειδὴ
1299 3027 1332 3099 ἔν
1356 3055 1445 3101 τισιν

223 3126 282 3198 ἴσα
304 3126 458 3222 ἀμέτροις
480 3135 631 3201 δοκοῦσιν
650 3129 695 3214 ὦς
717 3131 776 3200 ἐπὶ
798 3132 894 3221 λόγου
916 3127 997 3202 εἶναι
1019 3127 1094 3200 dccv
1114 3127 1204 3215 τινὸς
1224 3133 1355 3222 μέτρου,
1388 3129 1445 3203 διὰ
1488 3157 1491 3164 “

222 3228 262 3300 τὸ
284 3227 466 3324 ἔρρυθμον,
500 3240 648 3322 qnoniam
676 3240 871 3305 desideratur
892 3240 959 3304 eius
982 3239 1125 3306 vocabuli
1145 3240 1261 3324 partis,
1291 3260 1371 3323 qnae
1398 3243 1447 3306 est

222 3339 393 3421 -ootdsxo'v,
416 3343 499 3407 iusta
521 3343 692 3427 explicatio.
736 3343 904 3408 Praeterea
927 3343 1007 3425 quod
1031 3332 1199 3429 ἔρρυθμον
1213 3342 1445 3410 Choeroboscus

223 3447 360 3510 metrum
383 3446 475 3524 dixit,
503 3447 559 3510 aut
582 3446 620 3511 de
641 3447 696 3511 illa
716 3447 939 3528 inaequalitate
962 3445 1123 3529 cogitauit,
1145 3464 1226 3528 qnae
1249 3445 1446 3529 dactylomm

223 3566 297 3612 cmn
317 3550 472 3614 trochaeis
493 3549 697 3633 permixtione
725 3549 872 3627 efficitm,
907 3552 964 3614 aut
986 3548 1023 3613 de
1046 3548 1173 3614 licentia
1201 3549 1234 3614 in
1255 3549 1355 3633 primo
1377 3569 1445 3616 ver-

223 3669 317 3716 suum
339 3653 590 3737 logaoedicorum
613 3653 691 3735 pede
714 3652 937 3718 conformando
959 3652 1057 3736 poetis
1080 3671 1237 3718 concessa.

309 3755 630 3839 Hendecasyllabi
660 3756 744 3822 leves
773 3755 959 3821 videbantur
989 3773 1058 3821 esse
1089 3758 1121 3821 et
1152 3756 1249 3838 agiles
1280 3758 1312 3821 et
1343 3756 1381 3820 ob
1412 3755 1444 3822 id

222 3857 326 3940 ipsum
348 3877 411 3924 non
433 3859 538 3923 minus
560 3860 627 3924 ioco
650 3862 682 3924 et
701 3859 787 3924 lusui
809 3877 905 3943 quam
932 3858 1077 3924 lasciviae
1099 3860 1132 3924 et
1154 3858 1346 3944 petulantiae
1369 3878 1443 3924 con·

223 3963 343 4026 venire:
367 3985 385 4019 a
409 3961 583 4028 Martianus
605 3961 680 4046 (lap.
691 3962 721 4026 V
731 3983 761 4046 p.
774 3963 845 4034 171,
862 3963 879 4025 7
896 3963 987 4045 Eyss.
999 3988 1043 4016 =
1057 3962 1150 4027 Rhet.
1164 3962 1326 4040 mindib,
1339 3962 1379 4025 18
1393 3961 1442 4027 H:

224 4063 374 4142 „incurrit
396 4066 492 4130 etiam
521 4067 577 4146 (so.
601 4065 708 4132 Cicero
730 4065 818 4130 Verr.
840 4065 889 4128 Π1
912 4066 930 4147 5
953 4066 1008 4146 43)
1034 4064 1067 4130 in
1088 4065 1347 4151 hendecasyllabi
1366 4065 1444 4151 pha·

223 4168 312 4233 lseoii
343 4169 618 4251 petulantiam,
650 4169 727 4234 dum
758 4168 834 4234 dicit
864 4169 1029 4234 ‘successit
1057 4168 1115 4234 tibi
1137 4169 1252 4236 Lucius
1274 4168 1442 4235 Metellus:

293 4428 314 4495 1)
334 4425 408 4480 ldem
431 4425 526 4481 scribit
544 4426 578 4482 de
600 4429 687 4481 metro
705 4425 791 4481 ionico
809 4440 827 4480 a
848 4424 952 4480 minore
970 4423 1038 4480 haee
1061 4439 1088 4492 p.
1106 4425 1148 4490 95,
1166 4425 1184 4476 5
1202 4423 1241 4482 a:
1270 4425 1440 4494 „trimetrum

224 4553 270 4567 ...
290 4511 538 4582 hypercatalectnm
556 4529 609 4568 non
626 4511 746 4582 reperias
763 4526 868 4581 pumm,
887 4510 993 4580 qnando
1011 4511 1040 4566 in
1056 4509 1111 4565 fine
1128 4510 1299 4579 authpertus
1316 4513 1442 4581 occurrit,

223 4597 292 4654 unde
312 4597 359 4668 [ob
376 4591 513 4668 bonicias
531 4598 633 4654 viatur
655 4597 856 4667 asperitas.“

292 4685 314 4754 ¹)
332 4685 484 4742 Pronomen
502 4683 577 4752 αὐτῷ
595 4684 764 4740 referendum
782 4689 825 4740 est
842 4682 877 4740 nd
895 4687 1037 4754 τροχαῖον,
1055 4699 1109 4739 non
1127 4683 1163 4739 ed
1180 4679 1364 4756 λυγαιιδοιόν.
