3598 5226
929 351 992 414 104

854 436 1065 446 ———-..

347 597 408 642 usu
432 581 538 642 autern
562 595 669 640 versus
697 575 894 641 anacreontei
916 575 949 640 in
971 576 1065 640 rebus
1087 577 1229 642 tristibus
1252 577 1331 642 baec
1353 578 1452 642 tradit
1474 579 1570 644 schol.

347 681 492 765 Aeschyl.
520 681 624 766 Prom.
652 679 728 766 128:
764 672 781 742 ὁ
810 667 939 766 ῥυθμὸς
965 669 1224 766 Ἀνακρεόντειός
1254 676 1326 746 ἐστι
1357 678 1573 764 κεκλασμένος

348 780 433 870 πρὸς
464 774 503 848 τὸ
536 777 741 868 θρηνητικόν.
779 777 969 868 ἐπεδήμησε
1000 773 1061 869 γὰρ
1093 783 1135 869 τῇ
1158 773 1292 870 Ἀττικῇ
1323 779 1461 870 Κριτίου
1490 780 1573 870 ἐρῶν

347 884 402 951 καί
425 879 552 972 ἠρέσθη
574 881 646 950 λίαν
661 887 733 963 σοῖς
752 879 865 966 μέλεσι
880 888 936 948 τοῦ
956 889 1110 972 τραγικοῦ
1125 883 1296 970 (Welcker:
1317 883 1451 970 μέλεσιν
1476 879 1574 952 αὐτοῦ

349 986 367 1055 ὁ
393 986 564 1077 τραγικός).
592 985 729 1074 ἐχρῶντο
757 984 794 1051 δὲ
820 977 930 1066 αίσοῖς
960 979 1015 1052 οὐκ
1041 984 1073 1052 ἐν
1101 987 1203 1053 παντί
1223 985 1320 1076 τόπην
1342 980 1413 1053 ἀλλ’
1443 986 1477 1054 ἐν
1501 994 1573 1070 τοῖς

348 1095 569 1181 θρηνητικοῖς.
579 1094 603 1174 1)
1035 1173 1037 1178 Ι

433 1197 481 1260 De
504 1196 799 1279 gallicmborum
820 1195 935 1259 nature
958 1193 1003 1258 sic
1025 1193 1144 1260 iudicat
1166 1194 1285 1260 Marius
1308 1197 1423 1261 Victor.
1446 1217 1476 1281 p.
1500 1197 1571 1277 154,

351 1299 390 1363 18
413 1300 443 1364 K
450 1322 457 1374 3
488 1298 744 1384 „golliambicum
773 1296 855 1380 quod
882 1300 995 1362 vocant
1025 1299 1165 1362 metrum
1197 1297 1336 1363 emollite
1367 1317 1404 1363 ac
1436 1302 1574 1370 tremula
1692 1333 1697 1336 ·

348 1403 562 1468 modulatione
596 1401 796 1478 formatum“,
825 1401 862 1465 de
891 1399 1018 1465 nominc
1041 1399 1126 1464 idem
1155 1420 1183 1484 p.
1207 1402 1257 1480 95,
1280 1403 1322 1464 24
1344 1403 1375 1466 Κ
1397 1405 1454 1481 (=
1474 1403 1572 1470 Iubae

350 1505 464 1588 fragm.
500 1506 586 1569 120*
609 1505 651 1586 H)
678 1505 756 1569 haec
782 1503 893 1568 tradit:
927 1506 1084 1581 „metrum
1115 1552 1123 1567 .
1155 1553 1163 1572 .
1194 1554 1202 1569 .
1230 1504 1476 1587 galliambicnm,
1511 1508 1574 1574 dic-

350 1611 419 1673 tum
453 1610 543 1692 quasi
582 1605 714 1672 Γάλλων
749 1599 879 1689 ἰἀμβοι,
911 1607 942 1670 id
975 1609 1024 1672 est
1053 1606 1236 1684 maledicta,
1274 1609 1388 1690 quibus
1418 1629 1574 1676 nonnum-

352 1732 447 1794 quam
477 1713 720 1793 conriciantur.“
766 1708 854 1788 Quae
887 1711 924 1773 ut
957 1709 1041 1774 baud
1076 1709 1239 1775 dissimilia
1272 1714 1348 1776 sunt
1375 1713 1572 1797 explicationi

352 1817 497 1894 nominis,
522 1835 617 1899 quam
640 1815 776 1898 legimns
800 1811 883 1896 apud
906 1813 1156 1878 Chocroboscum
1172 1813 1302 1896 Enegcs.
1318 1815 1350 1879 in
1366 1816 1467 1900 Heph.
1479 1836 1510 1899 p.
1522 1819 1574 1895 81,

355 1921 395 1982 re
417 1921 448 1982 rr
478 1921 564 2003 (194,
593 1919 634 1982 eo
657 1917 725 2000 up
759 1909 866 1980 ἰστέον
893 1908 943 1981 ὅτι
971 1917 1068 1980 τοῦτο
1091 1906 1129 1981 τὸ
1156 1906 1217 1980 ἀπ’
1246 1911 1418 1997 ἐλάσσονος
1446 1908 1575 1985 ratisb

350 2019 477 2108 λέγεται
512 2014 731 2103 ἀνακλώμενον
763 2015 819 2083 καὶ
849 2010 1041 2105 μητρῳακὸν
1070 2015 1126 2083 καί
1159 2016 1393 2103 μαλλιαμβικὸν
1420 2013 1490 2088 ἀπὸ
1518 2025 1574 2086 τοῦ

351 2122 428 2204 σούς
457 2120 607 2203 Γάλλους,
640 2117 754 2189 ὅέστι
784 2118 859 2200 τούς
892 2117 1063 2201 κιναίδους,
1096 2115 1262 2206 ἰαμβίζειν
1294 2121 1350 2187 καὶ
1384 2116 1490 2207 ὑμνεῖν
1516 2123 1575 2211 τὴν

351 2222 447 2292 Ῥέαν
476 2219 560 2292 κατὰ
586 2218 646 2313 τὴν
671 2217 798 2312 ἀγοράν,
830 2225 874 2289 ita
896 2225 973 2290 setis
995 2225 1149 2291 recedunt
1171 2227 1210 2290 ab
1233 2244 1278 2304 ea,
1306 2246 1401 2309 qnam
1424 2230 1575 2312 praebent

354 2332 484 2396 ‘scholio
510 2331 763 2415 Hephaestionec
784 2329 820 2393 A'
848 2349 878 2412 p.
904 2328 974 2406 194,
999 2329 1039 2393 15
1061 2329 1101 2392 W
1126 2328 1201 2409 (sere
1224 2355 1267 2384 =
1289 2330 1402 2394 Tricha
1432 2332 1505 2409 298,
1527 2334 1574 2415 bl:

354 2425 586 2520 γαλλιαμβικὸν
613 2483 620 2497 .
644 2484 651 2500 .
673 2481 682 2497 .
705 2427 839 2518 ἐκλήθη,
870 2427 944 2496 ἐπεί
972 2427 1141 2514 λελυμένον
1168 2427 1240 2496 ἐστὶ
1266 2424 1305 2498 τὸ
1327 2429 1459 2519 μέτρον·
1483 2429 1514 2499 οἱ
1538 2431 1574 2499 δὲ

358 2534 477 2602 Γάλλοι
501 2532 729 2621 διαβάλλονται
752 2529 797 2614 (ὃς
818 2531 957 2621 θήλειαν
978 2529 1074 2602 νόσον
1096 2529 1231 2616 thrones.

441 2743 553 2826 Itaque
582 2763 655 2808 curn
681 2743 773 2807 ionici
802 2741 943 2807 omnium
969 2741 1083 2808 iudicio
1112 2741 1176 2807 sint
1196 2741 1360 2821 lenissimi,
1388 2745 1576 2810 verisimilli-

354 2866 444 2912 mum
468 2849 517 2911 est
539 2845 777 2926 Quintilianum,
806 2865 878 2910 cunr
906 2846 1023 2910 diceret
1048 2843 1094 2908 IX
1117 2846 1147 2922 4,
1172 2846 1230 2909 78:
1259 2845 1452 2931 „Thucydidi
1474 2849 1575 2920 <istud

356 2951 399 3032 (id
422 2951 471 3013 est
492 2967 601 3014 vorsus
621 2967 694 3032 pars
709 2949 860 3033 posterior
875 2949 906 3013 in
922 2947 1041 3032 periodi
1056 2945 1228 3031 olausula))
1248 2939 1330 3035 ὑπὲρ
1355 2942 1454 3034 ἥμισυ
1469 2953 1576 3037 Κᾶρες

358 3049 523 3139 ἐφάνησαν
546 3053 619 3134 (18)
636 3071 672 3117 ex
686 3052 870 3117 mollissimo
885 3052 1106 3135 rhythmorum
1122 3069 1235 3134 genere
1255 3050 1397 3131 cncidit‘,
1421 3053 1574 3136 cogitasse

357 3157 395 3221 dc
420 3156 521 3240 specie
545 3156 650 3238 aliqua
671 3155 810 3240 rhythmi
825 3155 919 3221 ionici
928 3155 964 3239 ²),
987 3154 1094 3236 itaque
1110 3155 1241 3238 pedibus
1258 3148 1432 3240 ἓξασηῗμοις
1448 3157 1576 3222 schema

356 3259 435 3323 illud
458 3259 651 3342 syllabarum
680 3260 736 3323 aut
757 3259 816 3325 hoc
837 3258 928 3324 modo
952 3276 1019 3323 esse
1044 3257 1302 3323 discernendum:
1335 3307 1350 3327 ε
1370 3307 1405 3336 ι,
1429 3313 1451 3322 -
1468 3308 1483 3326 .
1502 3308 1517 3326 ε
1541 3308 1575 3338 -,

362 3413 376 3431 .
394 3412 409 3431 .
429 3411 444 3430 ι
458 3417 483 3425 -
498 3410 531 3438 ι,
556 3365 592 3426 ut
614 3361 828 3445 pyrrhichium
850 3365 1014 3445 tamquam
1030 3361 1162 3426 alteram
1177 3362 1270 3426 ionici
1285 3379 1305 3426 a
1321 3362 1437 3427 maiore
1452 3365 1576 3446 partem

359 3467 559 3531 choriambus
588 3463 657 3548 (pro
685 3464 863 3531 ditrochaeo
891 3465 942 3530 rel
964 3483 1019 3548 pro
1041 3462 1142 3530 ionico
1166 3483 1185 3529 a
1205 3464 1323 3528 maiore
1345 3465 1466 3549 positus
1476 3469 1504 3547 1)
1528 3485 1577 3531 sc-

358 3573 484 3652 quatur,
515 3569 731 3635 choriambum
756 3569 888 3652 excipiat
915 3568 1112 3634 ditrochaeus
1139 3566 1223 3633 thesi
1249 3569 1349 3652 priore
1377 3569 1490 3647 soluta,
1521 3571 1577 3633 aut

428 3848 452 3912 ²)
471 3844 511 3900 Dc
529 3842 607 3900 initio
626 3843 707 3899 buius
724 3860 826 3912 verens,
845 3857 924 3912 quam
937 3842 1052 3897 Bassum
1063 3844 1101 3910 (p.
1112 3843 1172 3906 961,
1184 3841 1264 3910 2411)
1282 3847 1391 3897 secutus
1410 3860 1462 3898 non
1480 3843 1576 3899 ionicis

357 3933 453 3987 metris
476 3931 647 3993 adnumerat,
675 3931 742 3986 hacc
770 3931 887 3986 adnotat
908 3928 1018 3984 Mallius
1047 3927 1180 3983 Theodor.
1203 3944 1230 3996 p.
1249 3929 1309 3994 593,
1328 3930 1361 3984 24
1382 3928 1418 3984 K:
1442 3934 1573 3998 „metrum

361 4017 504 4072 iambicum
532 4021 720 4072 tetrametrum
749 4016 871 4085 coloten,
898 4013 967 4084 qnod
995 4013 1214 4069 anacreonticum
1240 4013 1348 4082 dicitnr,
1378 4016 1576 4080 ..marine

358 4103 390 4156 fit
413 4118 583 4168 sonorum,
611 4103 635 4156 si
659 4103 762 4170 primus
785 4118 833 4172 pce
855 4104 1024 4169 anapaestus
1048 4103 1175 4169 ponatur,
1200 4104 1262 4168 post
1285 4101 1338 4155 duo
1362 4101 1455 4171 iambi,
1478 4101 1576 4157 deinde

306 4207 309 4212 ·
358 4189 491 4258 syllaba.“

427 4277 452 4344 ¹)
470 4276 537 4330 cnm
560 4274 585 4329 h.
603 4275 621 4328 l.
641 4273 674 4329 de
697 4274 821 4345 rhythmo
850 4276 961 4342 agatur,
989 4289 1043 4330 non
1064 4273 1098 4329 de
1129 4274 1262 4342 iunctura,
1285 4288 1381 4342 perum
1407 4274 1577 4330 considerate

358 4362 511 4416 iuncturam
539 4361 682 4415 verborum
707 4360 735 4414 in
762 4360 823 4416 loco
842 4359 1016 4430 Thucydideo
1043 4360 1193 4416 molliorem
1220 4375 1279 4416 essa
1306 4359 1375 4415 dixit
1400 4359 1490 4428 Bless,
1514 4359 1577 4415 Att.

360 4447 468 4501 Bereds.
494 4445 506 4498 l
524 4448 587 4501 216:
607 4487 638 4514 „.
658 4490 663 4500 .
684 4489 689 4502 .
709 4462 748 4502 uo
767 4447 796 4501 in
813 4445 862 4500 der
880 4445 953 4501 Tbat
971 4445 1059 4502 ueder
1076 4445 1177 4501 Hiatus
1194 4447 1262 4502 noch
1276 4446 1514 4528 zusammenstcse
1525 4463 1577 4501 ron

360 4533 548 4586 Consonanten
574 4531 752 4588 rorkommt.“
782 4533 868 4588 Recte
893 4533 980 4588 locum
1008 4533 1205 4602 interpretatur
1233 4531 1387 4588 Volkmann
1413 4533 1531 4587 ‘Rheton
1550 4531 1578 4586 d.

361 4617 495 4672 Griecbcn
513 4635 538 4674 u.
558 4617 699 4674 Roemer’2
715 4634 742 4688 p.
760 4620 819 4674 446.
