3480 5230
178 599 220 666 ad
243 596 472 686 philosophum
489 589 656 686 pertinere
678 601 860 688 professum
884 619 966 670 esse.
1000 603 1071 672 Hoc
1093 609 1273 673 extremum
1297 630 1395 692 quam

173 726 346 790 perperam
356 703 587 772 Harueckerus
600 727 640 772 ex
651 705 853 785 Quintiliano
866 706 1037 793 collegerit
1048 731 1099 777 me
1112 710 1296 779 ostendisse
1307 718 1396 798 puto.

175 809 240 876 Sed
264 807 391 876 accedit
418 808 519 878 aliud.
565 810 671 890 Quies
705 810 925 894 Hermagoras
955 812 1112 880 eodemne
1143 815 1297 898 temporis
1324 837 1394 881 mo-

174 917 295 996 mento,
318 934 384 997 quo
408 912 516 980 thesin
540 913 680 983 oratoris
703 935 774 980 esse
797 913 954 996 declarat,
972 937 1045 983 eam
1069 917 1111 982 ab
1135 922 1266 985 oratore
1289 941 1394 985 remo·

172 1017 331 1082 tissimam
360 1037 431 1084 esse
461 1017 561 1086 dicit'l
607 1017 701 1098 Quod
731 1039 804 1084 eum
838 1017 953 1084 fecisse
986 1019 1061 1102 quis
1095 1020 1226 1087 credet?
1268 1022 1395 1089 Deinde

173 1119 337 1204 quomodo
350 1121 498 1190 cumbae
513 1121 676 1188 sententia
690 1142 870 1204 congruere
886 1121 1393 1210 existimatHarneckerus,quae

171 1223 366 1290 Plutarchus
399 1225 455 1294 rit.
490 1224 601 1310 Pomp.
634 1247 660 1291 c.
695 1233 736 1293 42
771 1224 886 1289 tradit:
921 1223 1144 1306 Ποσειδώνιος
1177 1225 1214 1292 δὲ
1246 1226 1302 1294 καὶ
1334 1223 1393 1316 τὴν

172 1321 327 1415 ἀκρόασιν
348 1319 518 1416 ἀνέγραψα
541 1317 579 1416 ἣν
599 1323 689 1412 ἔσχεν
712 1321 767 1394 ἐπ’
784 1319 879 1394 αἰτοῦ
894 1325 978 1414 πρὸς
992 1323 1188 1419 Ἑρμαγόραν
1201 1321 1258 1398 τὸν
1273 1330 1393 1420 ῥήτορα

171 1429 250 1518 περὶ
277 1436 335 1518 τῆς
365 1425 455 1498 καθ’
490 1426 579 1500 ὅλου
608 1431 804 1522 ζητήσεως
832 1425 1102 1516 ἇντιταξάμεοοςῖ
1150 1433 1223 1500 Sive
1253 1434 1392 1501 Herma·

170 1555 282 1618 goram
298 1536 468 1602 Temnium
490 1537 597 1620 ipsum
620 1536 851 1619 intellegimus,
875 1537 942 1600 sive
959 1555 1033 1600 cum
1048 1535 1254 1603 Harueckero
1270 1531 1391 1626 Ἕρμα-

168 1633 293 1725 μόραοι
314 1635 435 1728 ῥήτορα
449 1639 633 1718 scribimus,
656 1660 721 1723 quo
737 1639 807 1704 iure
823 1637 1021 1704 Posidonius
1038 1642 1153 1704 contra
1169 1639 1391 1724 Hermagorae

170 1741 366 1808 sententiam
388 1765 536 1828 pugnare
559 1743 676 1828 potuit,
701 1741 822 1827 quippe
846 1741 902 1824 qui
925 1746 959 1806 et
981 1741 1050 1826 ipse
1067 1779 1107 1789 -
1124 1764 1165 1808 ex
1187 1741 1390 1810 Harueckeri

168 1847 334 1911 sententia
356 1883 397 1896 -
419 1843 477 1934 τήν
497 1838 577 1913 καθ’
605 1841 683 1913 ὅλου
712 1843 845 1933 ζήτησιν
877 1864 942 1908 non
971 1865 1043 1910 esse
1071 1845 1211 1910 oratoris
1239 1845 1390 1916 doceret?

100 2017 102 2020 ,
167 1946 202 2011 Si
242 1948 488 2016 Harueckerum
532 1951 715 2034 sequimur,
760 1947 843 2014 nihil
887 1946 978 2012 aliud
1022 1947 1221 2030 relinquitur
1254 1949 1317 2014 nisi
1352 1956 1390 2014 ut

167 2056 321 2134 putemus
353 2054 563 2126 Posidonium
591 2053 700 2120 thesin
734 2052 785 2118 vel
819 2049 979 2116 infinitam
1014 2051 1239 2134 quaestionem
1272 2058 1389 2118 contra

167 2153 392 2239 Hermagorae
419 2156 575 2222 iudicium
608 2157 732 2222 oratori
763 2154 928 2221 tribuisse.
974 2153 1067 2234 Quod
1094 2175 1154 2238 per
1181 2175 1216 2220 se
1242 2177 1308 2222 non
1337 2163 1389 2222 est

164 2257 350 2327 verisimile.

255 2362 335 2426 Tum
359 2364 522 2447 quomodo
546 2364 633 2430 idem
649 2363 877 2446 Hermagoras,
902 2362 958 2446 qui
982 2383 1022 2428 ex
1037 2359 1239 2426 Harueckeri
1263 2365 1308 2446 (p.
1332 2365 1387 2446 72)

166 2467 331 2532 sententia
352 2459 394 2532 τὰ
417 2459 571 2535 πολιτικὰ
596 2464 763 2557 ζητήματα
786 2466 927 2530 oratoris
950 2463 1122 2530 materiam
1145 2463 1239 2544 dicit,
1267 2464 1386 2547 quihus

167 2564 337 2656 ζητήματα
363 2569 531 2660 φιλόοοῳα
560 2572 626 2637 sint
659 2570 810 2656 opposita
839 2569 894 2656 (cf.
919 2567 981 2634 VH
1007 2589 1038 2652 p.
1069 2574 1116 2634 15.
1142 2574 1213 2636 112.
1241 2575 1300 2636 114
1325 2590 1385 2654 sq.;

164 2669 212 2735 IV
237 2693 269 2754 p.
303 2681 343 2742 62
374 2675 447 2757 W.),
482 2675 539 2758 qui
569 2672 735 2763 ζητήματα
766 2669 925 2738 πολιτικά
958 2669 1038 2736 nibil
1073 2669 1206 2736 differre
1239 2671 1311 2738 vult
1343 2672 1384 2738 ab

164 2766 335 2856 ὑποθέσει,
357 2775 454 2845 θέσιν
476 2798 496 2842 a
520 2775 679 2866 ζητήματι
701 2773 893 2864 φιλοσόφῳ,
923 2773 1096 2858 quomodo,
1126 2773 1269 2857 inquam,
1298 2775 1384 2840 idem

164 2873 265 2942 θέσιν
286 2884 321 2944 et
341 2874 504 2947 ὑπόθεσιν
525 2885 562 2945 ut
578 2887 689 2964 partes
706 2875 886 2966 ζητήματος
901 2877 1072 2944 πολιτικοῦ
1087 2881 1234 2942 statuere
1249 2879 1384 2961 potest?

165 2978 371 3066 Quamquam
393 2982 453 3048 boc
468 2983 517 3049 ita
537 2983 703 3068 explicare
726 2981 837 3046 studet
853 2979 1092 3060 Harueckerus,
1115 2985 1153 3044 ut
1175 2984 1269 3062 putet
1290 2980 1384 3062 illud,

165 3082 256 3166 quod
278 3084 498 3171 Hermagoras
521 3086 601 3152 dicit
625 3085 752 3173 ζήτημα
773 3081 949 3166 πολιτικόν,
972 3082 1095 3166 optime
1118 3082 1270 3166 amplecti
1285 3082 1385 3150 θέσιν

164 3190 199 3250 et
225 3178 391 3254 ὑπόθεσιν
418 3210 456 3256 eo
480 3211 577 3254 sensu
604 3193 793 3271 usurpatas,
822 3207 887 3270 quo
922 3184 1108 3251 rhetoribus
1137 3185 1205 3252 fere
1233 3187 1384 3252 omnibus

164 3287 235 3353 eius
257 3291 377 3357 aetatis
399 3292 459 3357 illa
488 3292 647 3358 voeabula
669 3290 794 3356 usitata
822 3295 927 3358 erant.
973 3289 1036 3355 Sed
1063 3289 1171 3372 qualis
1199 3287 1298 3354 fuerit
1325 3289 1383 3355 illa

163 3392 359 3477 pervulgata
380 3395 469 3460 notio
492 3395 609 3461 horum
631 3392 863 3460 vocabulorum
887 3412 951 3458 non
975 3392 1125 3475 explicat.

249 3495 425 3563 Praeterea
435 3498 542 3576 miror,
554 3498 643 3582 quod
659 3495 888 3563 Harueckerus
901 3495 1011 3561 omisit
1033 3515 1106 3560 eum
1123 3501 1299 3575 auctorem,
1323 3496 1379 3578 qui

161 3595 340 3680 plurimum
356 3600 443 3666 valet
457 3601 500 3666 ad
516 3599 601 3668 hanc
617 3600 841 3686 quaestionem
858 3597 1113 3680 disceptandam,
1126 3597 1292 3664 Aurelium
1309 3599 1382 3664 dico

161 3701 388 3783 Augustinum.
418 3704 516 3771 Cuius
532 3703 728 3770 rhetoricam
744 3703 810 3768 iam
826 3701 1032 3787 Pideritius¹l
1049 3700 1090 3764 ad
1106 3699 1270 3766 rhetorica
1288 3722 1383 3783 prae·

163 3809 261 3887 cepta
273 3805 495 3891 Hermagorae
518 3807 721 3874 restituenda
736 3806 901 3886 adhibuit3
925 3824 1125 3888 quamquam
1145 3808 1230 3885 sunt,
1253 3805 1286 3867 in
1310 3805 1381 3887 qui·

161 3905 224 3971 hus
241 3910 400 3975 erraverit
414 3910 462 3975 vir
479 3910 698 3976 doctissimus.
736 3909 837 3974 Putat
859 3907 945 3973 euim
961 3907 1195 3990 Hermagoram
1213 3904 1380 3995 ζητήματα

162 4010 295 4094 quidem
320 4011 475 4079 πολιτικά
496 4019 534 4078 ut
556 4013 727 4079 materiam
751 4011 874 4077 oratori
903 4008 1073 4090 tribuisse,
1101 4015 1211 4074 tamen
1238 4009 1272 4072 in
1301 4009 1380 4074 defi·

162 4114 288 4182 uitione
314 4115 498 4182 rhetoricae
525 4116 784 4182 additamentum
817 4113 850 4180 e'v
878 4113 1038 4201 πολιτικῷ
1062 4109 1222 4200 ζητήματι
1251 4112 1315 4194 (rel
1344 4118 1381 4177 ut

162 4219 362 4302 posteriores
385 4218 541 4285 dixerunt
562 4217 596 4285 ἐν
618 4219 779 4307 πολιτική
801 4213 996 4306 πράγματι),
1027 4215 1113 4298 quod
1143 4214 1276 4297 quidam
1299 4216 1379 4281 Her-

162 4341 314 4405 magorae
337 4321 421 4388 falso
443 4322 599 4402 tribuant,
623 4322 664 4387 de
684 4321 849 4386 industria
865 4319 1022 4399 omisisse,
1046 4339 1086 4382 ne
1109 4316 1206 4381 nimis
1230 4319 1379 4401 augustis

163 4424 318 4491 cancellis
340 4427 511 4492 materiam
536 4426 700 4493 oratoriae
728 4425 810 4490 artis
839 4420 1134 4489 circumscriberet:
1163 4419 1266 4485 voluit
1294 4421 1378 4486 euim

230 4633 256 4702 ¹)
274 4631 316 4686 De
334 4631 504 4706 Hermagora
520 4633 636 4700 rhetore,
654 4629 822 4690 Horsleldiae
841 4630 915 4687 1839.
