3480 5230
908 321 949 390 30

823 407 1034 418 ———

322 549 512 622 Cornificius
539 555 573 616 et
595 548 707 616 Cicero
734 543 1011 614 circumstantiam
1047 542 1179 610 silentio
1214 549 1442 629 praetereunt,
1476 543 1551 611 nisi

323 657 411 744 quod
434 655 597 722 elementa
619 651 780 737 quaedam
802 651 854 715 rel
876 649 1022 714 membra
1045 654 1139 731 quasi
1163 647 1361 714 narrationis
1389 647 1552 728 afferunt,

322 781 408 845 quae
435 759 608 824 maximam
635 760 763 840 partem
790 753 889 820 etiam
927 748 1151 840 περιστάσεως
1176 749 1279 840 μόρια
1307 755 1392 817 sunt.
1442 753 1553 818 Velut

323 861 516 930 Cornificius
537 861 564 944 (Ι
591 863 642 943 15)
656 855 865 923 verisimilem
880 855 962 921 dicit
975 854 1046 921 fore
1062 854 1295 936 narrationem,
1318 855 1346 919 si
1361 857 1553 940 respexeri-

322 987 394 1032 mus
410 985 532 1032 morem
548 963 734 1047 opinionem
748 961 898 1025 naturam
914 966 1044 1042 tempus
1060 979 1233 1042 personam
1246 978 1380 1024 causam
1392 958 1513 1026 locum.
1527 967 1552 1042 ¹)

324 1074 431 1153 Atque
453 1089 511 1133 sex
534 1066 696 1133 clementa
717 1061 916 1153 διηγήματος
939 1067 1115 1128 occurrunt
1136 1061 1231 1129 nobis
1247 1061 1347 1129 etiam
1363 1062 1450 1146 apud
1466 1085 1552 1148 pro-

325 1177 584 1258 gymnasmatum
607 1167 794 1252 scriptores.
803 1169 827 1249 ¹)

411 1291 603 1358 Praeierant
635 1287 777 1374 quodam
810 1286 908 1352 modo
936 1285 1064 1353 Stoicos
1092 1292 1126 1352 et
1151 1287 1388 1372 Hermagoram
1417 1288 1552 1354 Aristo·

325 1398 421 1478 teies,
466 1416 539 1460 cum
581 1393 694 1459 decem
738 1390 813 1456 illas
857 1389 1039 1474 categorias
1070 1395 1232 1456 statueret
1263 1396 1340 1472 (cat.
1369 1412 1396 1457 c.
1424 1395 1479 1476 4),
1507 1413 1552 1457 ac

326 1498 555 1582 multomagis
578 1496 627 1562 illi
650 1495 764 1580 quiqui
788 1491 929 1574 fuerunt,
951 1494 1008 1577 qui
1032 1493 1234 1572 Quintiliano
1257 1499 1343 1560 teste
1366 1493 1471 1579 (1116,
1489 1499 1551 1579 25)

326 1625 441 1670 novem
463 1601 638 1680 elementa,
660 1597 695 1662 id
717 1602 769 1662 est
791 1600 948 1679 στοιχεῖα,
979 1603 1171 1681 posuerunt:
1201 1593 1398 1685 πρόσωπον,
1420 1595 1550 1687 χρόνον,

326 1705 440 1788 τόπον,
469 1701 587 1790 καιρόν,
613 1702 744 1790 πρᾶξιν,
775 1691 929 1786 ἀριθμόν,
952 1694 1065 1782 αἴτιον,
1093 1697 1226 1788 τρόπον,
1259 1693 1413 1789 ἀφορμὰς
1438 1697 1552 1792 ἔργων.

328 1809 449 1877 Eadem
466 1807 536 1874 fore
552 1807 698 1887 στοιχεῖα
718 1801 814 1869 affert
833 1803 1008 1888 Dionysius
1024 1804 1096 1870 Hal.
1113 1804 1153 1869 de
1169 1804 1242 1888 Lys.
1258 1825 1285 1869 c.
1305 1813 1358 1872 15:
1378 1801 1551 1894 οὐδὲνγὰρ

329 1909 443 1992 ἁπλῶς
464 1905 599 1989 Λυσίας
621 1903 818 1995 παραλείπει
841 1909 915 1973 τῶν
939 1903 1144 1989 στοιχείων
1164 1943 1183 1955 -
1198 1945 1216 1956 -
1238 1899 1273 1973 οἰ·
1294 1901 1337 1973 τὰ
1364 1907 1550 1996 πρόσωπα,

329 2010 364 2082 ου’·
386 2007 427 2081 τά
450 2011 638 2102 πράγματα,
672 2002 729 2077 οὐκ
754 2003 855 2090 αὐτὰς
878 2001 937 2088 τάς
967 2007 1112 2099 πράξεις,
1136 2002 1173 2076 οὗ
1194 2007 1338 2098 τρόποις
1359 2009 1414 2078 καί
1437 2007 1552 2092 αίτίας

329 2113 442 2200 αὐτῶν,
467 2109 502 2183 οὖ
525 2111 661 2200 καιρούς,
691 2105 726 2178 οὗ
739 2110 881 2200 χρόνους,
904 2104 941 2178 οὗ
958 2110 1090 2192 τόπους.
1125 2113 1211 2194 Illos,
1234 2114 1291 2198 qui
1306 2115 1389 2181 haec
1404 2123 1552 2199 στοιχεῖα

330 2219 501 2300 vocabant,
524 2223 655 2283 secutus
677 2221 728 2282 est
749 2217 848 2282 etiam
871 2214 1060 2281 Theodorus
1083 2215 1268 2298 Gadareus,
1291 2219 1348 2302 qui
1371 2219 1467 2285 addit
1490 2225 1552 2285 τοῦ

331 2319 560 2412 πράγματοςά)
594 2317 801 2402 Singularum
825 2318 943 2385 deinde
969 2315 1190 2406 περιστάσεως
1210 2321 1354 2404 partium
1380 2326 1448 2387 tam
1471 2323 1551 2387 sub-

331 2428 406 2492 tiles
428 2423 611 2490 afferuntur
633 2443 653 2488 a
675 2421 912 2488 Fortunatiano
936 2420 1119 2504 divisiones,
1142 2429 1179 2488 ut
1201 2422 1327 2490 Stoicos
1349 2423 1550 2513 διαιρέσεων,

331 2522 607 2618 άντιδιαιρίσεων,
637 2520 894 2614 ὑποδιαιρέσεων
919 2524 1084 2591 studiosos
1109 2525 1206 2592 facile
1230 2547 1398 2612 agnoscas.
1442 2529 1551 2595 Unam

333 2639 421 2699 certe
443 2629 759 2715 partemaifirmare
781 2649 914 2711 possum
943 2629 1122 2695 secundum
1158 2625 1344 2696 Stoicorum
1371 2639 1552 2716 praecepta

333 2756 404 2802 esse
429 2734 577 2816 diuisam,
600 2737 773 2814 „causam“
795 2732 878 2797 dico.
902 2730 1059 2798 Similiter
1073 2733 1159 2798 enim
1175 2740 1274 2818 atque
1289 2733 1551 2801 Fortunatianus

332 2837 435 2905 tradit
456 2837 574 2904 Sextus
596 2835 778 2920 Empiricos
801 2835 928 2901 Stoicos
960 2841 1090 2901 secutus
1116 2837 1209 2902 varia
1236 2831 1341 2904 a't'rra:
1373 2835 1552 2919 συνεκτικά,

332 2936 491 3020 συναίτια,
516 2936 695 3028 συνεργάά)
731 2941 838 3024 Atque
861 2939 1047 3005 Alexander
1069 2940 1212 3023 Aphrod.
1235 2940 1275 3005 de
1298 2940 1367 3007 fato
1388 2962 1420 3025 p.
1438 2950 1478 3011 72
1494 2941 1552 3010 Or.

264 3071 268 3076 ·
334 3045 453 3112 Stoicis
476 3043 652 3128 opprobrio
675 3044 742 3122 dat,
765 3042 854 3125 quod
882 3048 1004 3129 σμῆνος
1034 3037 1148 3109 αἰτίων
1174 3043 1396 3131 καταλέγουσι,
1421 3043 1463 3112 τά
1490 3043 1553 3129 μὲν

334 3144 610 3236 προκαταρκτικά,
642 3137 684 3211 τά
714 3143 751 3212 δὲ
778 3142 943 3229 συναίτια,
969 3143 1070 3212 τὰδὲ
1092 3141 1218 3228 ἑκτικά,
1250 3139 1292 3213 τά
1314 3148 1351 3214 δὲ
1373 3145 1550 3230 συνεκτικά,

333 3244 376 3322 τὰ
397 3248 435 3317 δὲ
455 3241 534 3317 dato
556 3275 598 3317 τι.

419 3345 527 3420 Etian'r
550 3353 725 3419 subtiliora
746 3353 882 3438 praebet
905 3355 1174 3431 Fortunatianus;
1198 3354 1354 3422 discernit
1376 3356 1461 3421 euim
1483 3357 1551 3441 pri·

334 3478 422 3526 mum
445 3451 554 3522 αἰτίαν
576 3449 737 3545 ὀρεκτικήν
745 3461 770 3540 ⁶)
793 3463 826 3523 et
847 3455 998 3548 τεχνικήν.
1008 3459 1034 3544 ⁶)
1072 3458 1159 3538 Quas
1180 3457 1311 3524 easdem
1328 3457 1442 3526 Cicero
1463 3460 1552 3526 norit

404 3697 674 3770 ι)ι1.01σ.(1οῖιιν.
694 3697 766 3753 129.

404 3785 544 3854 ²)Aphth.
563 3783 590 3839 11
608 3801 633 3854 p.
651 3785 698 3853 aa
717 3783 811 3840 Theon
829 3786 855 3841 11
872 3803 899 3856 p.
918 3787 951 3842 18
968 3789 1015 3856 Sp.

404 3874 425 3942 ¹)
444 3872 477 3928 ci.
495 3872 561 3927 Aur.
579 3872 650 3941 Aug.
667 3887 694 3942 p.
713 3872 761 3926 141
781 3871 815 3925 Η.

402 3963 425 4027 ⁴)
444 3959 574 4030 Pyrrham
592 3957 633 4013 111
652 3959 686 4012 15
701 3974 729 4028 p.
748 3959 797 4012 122
814 3959 846 4014 Β.

406 4048 428 4114 ⁶)
446 4045 530 4101 Velut
554 4045 609 4112 ira,
635 4043 733 4100 odium.
778 4043 810 4098 ci.
835 4045 913 4114 Diog.
939 4045 971 4100 1..
1000 4045 1052 4100 VII
1080 4047 1143 4100 113:
1188 4046 1324 4114 ἐπιθυμία
1351 4049 1428 4098 ἐστὶν
1454 4043 1553 4119 aare

334 4131 428 4204 ὄρεξιν.

403 4221 425 4286 ⁰)
443 4237 575 4286 τιχνιιιην
591 4216 702 4273 exhibet
719 4216 803 4273 codex
820 4217 968 4274 Beruensis
985 4216 1053 4273 satis
1077 4217 1172 4273 bonus.
1209 4217 1262 4273 Sed
1285 4233 1371 4287 neque
1394 4235 1428 4275 ex
1452 4221 1553 4276 litteris

335 4306 363 4363 in
386 4306 509 4361 Parisino
536 4311 565 4360 et
591 4304 807 4360 Darmstadiensi
835 4304 944 4360 traditis
972 4304 1131 4361 vocabulum
1153 4303 1285 4374 τεχνικήν
1311 4305 1370 4362 elici
1397 4311 1498 4376 potest,
1524 4312 1555 4363 et

336 4394 418 4462 notio,
437 4408 506 4461 quaa
524 4393 596 4447 inest
613 4391 641 4447 in
660 4392 742 4447 verbo
760 4389 898 4460 τεχνικήν,
916 4406 1012 4459 parum
1031 4398 1098 4460 apta
1116 4397 1159 4447 ert
1177 4391 1210 4446 ad
1229 4408 1345 4447 sensum.
1381 4394 1412 4446 In
1434 4393 1555 4449 editione

335 4480 456 4550 principe
479 4485 507 4534 ot
528 4479 555 4534 in
574 4479 687 4547 vulgata
709 4479 810 4544 legitur
832 4475 957 4550 λογικήν,
981 4477 1017 4532 ad
1042 4493 1149 4532 sensum
1176 4495 1229 4533 non
1256 4479 1357 4548 inepto,
1384 4495 1434 4534 nec
1461 4485 1554 4535 nmen

335 4565 508 4624 consentiunt
524 4566 634 4622 littorea
657 4565 786 4622 traditae.
822 4565 895 4621 Voce
918 4565 1158 4636 „ratiocinativus“
1183 4565 1273 4621 reddit
1292 4567 1385 4623 Cicero
1402 4565 1448 4638 (de
1466 4565 1519 4622 ius.
1538 4564 1553 4622 1
