3634 5240
819 363 860 425 89

733 450 943 458 ---...-

230 602 305 647 cum
320 585 516 666 pentameter
532 602 626 666 quem
641 587 755 648 vocant
768 585 885 664 babeat
895 575 1040 667 μαλακὸν
1059 589 1185 667 πνεῦμα
1202 587 1259 658 (sic
1274 585 1451 652 Hermesia·

231 704 292 748 nar
315 686 423 751 Leont.
447 688 559 768 fragm.
581 707 609 751 v.
625 688 681 761 36;
705 688 783 768 elegi
807 691 882 752 sunt
905 689 1045 770 „engui‘
1069 689 1198 753 Horatio
1221 689 1258 752 de
1281 693 1347 754 arte
1369 692 1450 772 poet.

232 808 259 851 v.
284 789 334 864 77,
359 790 482 865 ,1313311
505 789 613 855 Ovidio
638 793 705 853 hm.
728 789 766 852 Il.
784 792 879 870 1,21),
902 794 1040 854 metrum
1063 791 1236 870 elegiacum
1252 793 1450 874 aptissimum

234 895 292 964 est,
321 911 381 973 quo
410 893 625 974 significentur
655 894 750 957 animi
781 893 910 957 affectus
940 894 1003 957 sive
1035 913 1174 958 maerore
1209 896 1356 958 commoti
1386 895 1450 958 sive

233 1013 355 1058 amore:
381 995 549 1072 „Versibus
564 995 727 1078 impariter
740 997 854 1060 iunctis
871 997 1065 1077 querimonia
1086 999 1232 1079 primum,
1255 997 1332 1060 Post
1354 998 1450 1060 etiam

233 1098 355 1161 inclusa
382 1101 432 1162 est
458 1099 521 1162 voti
551 1099 708 1162 sententia
734 1103 907 1182 compos“¹)
936 1100 1057 1178 (Horat.
1082 1100 1119 1162 de
1143 1103 1210 1164 arte
1233 1103 1314 1182 poet.
1339 1099 1450 1180 theg).

233 1200 343 1280 Ipsum
368 1204 475 1264 autem
499 1201 626 1282 elegiaci
648 1221 757 1265 versus
781 1222 894 1266 nomen
918 1222 989 1266 cum
1013 1203 1188 1266 derivatum
1212 1203 1253 1266 sit
1276 1203 1314 1265 ab
1338 1195 1451 1285 ἕλεγος,

233 1303 315 1384 quod
335 1303 417 1366 idem
438 1303 502 1366 fere
518 1304 602 1368 valet
617 1307 711 1386 atque
726 1306 859 1388 θρῆνος,
875 1325 937 1369 non
952 1305 1044 1388 pauci
1060 1305 1105 1367 rei
1119 1306 1268 1368 metricae
1285 1305 1451 1386 scriptores

234 1406 326 1468 metri
353 1407 490 1469 nominis
519 1407 669 1487 originem
703 1407 885 1490 explicaturi
915 1409 1028 1472 docent
1054 1427 1122 1471 esse
1152 1408 1256 1489 elegos
1285 1410 1373 1490 aptos
1397 1411 1452 1470 aut

236 1508 397 1582 ‚tristibus
422 1557 428 1569 .
453 1556 460 1570 .
485 1557 491 1570 .
515 1509 634 1573 modis“
658 1511 797 1590 (Terent.
812 1511 912 1574 Maur.
929 1531 957 1575 v.
976 1511 1071 1588 1800)
1096 1512 1152 1574 aut
1175 1510 1329 1587 „maerori
1343 1509 1452 1572 rebus·

237 1629 297 1691 que
320 1611 482 1676 tristibus“
506 1612 596 1690 (Mar.
620 1612 735 1676 Victor.
758 1632 787 1695 p.
813 1615 927 1688 11018
950 1613 1008 1692 Κ);
1032 1631 1127 1694 quare
1152 1613 1233 1687 „iere
1251 1661 1258 1674 .
1275 1661 1281 1675 .
1299 1660 1306 1674 .
1322 1611 1451 1675 defunc-

235 1716 339 1775 torum
361 1713 472 1779 laudes
494 1715 553 1779 hoc
569 1715 707 1779 carmine
722 1716 1075 1798 conprehendebautur“
1101 1713 1216 1798 (Dium.
1232 1737 1261 1798 p.
1278 1716 1349 1788 484,
1365 1715 1406 1776 23
1421 1713 1452 1776 Κ

235 1816 303 1878 coll.
333 1815 444 1898 fragm.
468 1817 543 1881 Bob.
566 1839 595 1900 p.
619 1819 692 1891 624,
717 1819 757 1880 19
780 1819 810 1881 Κ
845 1819 902 1900 [ε
934 1818 1031 1882 Iubae
1065 1818 1174 1899 fragm.
1211 1819 1276 1880 50*
1299 1817 1373 1898 Η]);
1411 1816 1451 1880 cl.

235 1918 329 1981 otiam
351 1919 471 1984 Bedam
493 1941 522 2003 p.
539 1923 610 1997 243,
624 1921 640 1981 7
654 1919 701 1982 K:
724 1922 848 2001 „elegos
871 1941 1007 2002 namque
1028 1920 1159 1984 miseros
1180 1921 1340 2002 appellant
1354 1919 1453 2001 philo-

236 2021 334 2102 sophi,
363 2024 397 2086 et
424 2022 517 2086 huius
544 2024 716 2087 modulatio
744 2026 890 2089 carminis
923 2025 1108 2087 miserorum
1140 2022 1351 2105 querimoniae
1381 2040 1453 2084 con-

236 2123 347 2204 gruit“.

324 2225 488 2308 Lugubres
516 2226 753 2315 (θρηνητικαές)
781 2250 849 2294 esse
878 2230 983 2311 elegos
1010 2229 1121 2293 Graeci
1149 2247 1271 2310 quoque
1295 2246 1454 2292 commen-

236 2328 307 2390 tarii
331 2329 368 2392 de
392 2349 424 2393 re
448 2332 580 2395 metrica
603 2333 716 2396 docent
738 2334 788 2410 (cf.
810 2353 835 2397 e.
855 2353 884 2414 g.
907 2333 1034 2396 Heliam
1056 2331 1245 2395 Monachum
1267 2351 1296 2414 p.
1320 2330 1380 2393 175
1404 2330 1452 2392 ed.

239 2429 453 2506 Studemund;
477 2434 576 2498 Isaac.
599 2434 683 2498 Mon.
706 2457 736 2519 p.
762 2437 833 2512 186,
846 2439 886 2499 22
899 2457 966 2518 sqq,
988 2463 1030 2490 =
1053 2434 1209 2497 Ps.-Drac.
1234 2435 1304 2512 101,
1317 2436 1357 2496 28
1380 2453 1454 2514 sqq;

237 2533 474 2617 Ps-Hephaest.
498 2539 516 2619 ᾗ
541 2537 597 2601 381
617 2558 646 2621 p.
671 2540 727 2613 07;
749 2539 976 2621 Ps.·hloschop.
999 2559 1028 2620 p.
1052 2539 1116 2618 48).

515 2797 606 2876 §20-
651 2797 703 2860 De
725 2796 902 2880 rhythmo
926 2796 1179 2877 anapaestico.

322 2951 520 3031 huapaestus
547 2969 619 3013 cum
643 2950 760 3033 etipse
784 2951 825 3014 sit
847 2949 1077 3030 aequabilitatis
1100 2951 1269 3032 particeps,
1299 2968 1317 3012 a
1338 2949 1456 3030 Diouy·

237 3050 282 3114 sio
305 3050 378 3114 Hal.
401 3052 496 3114 simul
519 3072 590 3116 cum
614 3053 737 3135 dactylo
759 3054 926 3135 probatur:
950 3053 1143 3135 compverb.
1159 3072 1185 3115 c.
1200 3053 1236 3114 17
1249 3074 1278 3136 p.
1291 3052 1352 3113 220
1365 3051 1453 3114 Sob:

236 3144 419 3239 ἀμφότεραί
440 3175 475 3238 ya
496 3158 562 3219 τῶν
585 3152 673 3218 πάνυ
694 3155 817 3219 καλῶν
839 3150 868 3219 oi
891 3149 1017 3240 ῥυθμοί
1037 3157 1069 3218 et
1090 3156 1182 3239 paulo
1205 3173 1299 3237 supra
1326 3158 1369 3236 (p.
1392 3155 1455 3214 224

237 3257 340 3339 Scap:
374 3248 577 3335 ἀνάπαιστος
600 3306 607 3321 .
630 3306 637 3320 .
662 3307 668 3321 .
694 3255 942 3345 σεμνότητα.
968 3307 974 3320 .
999 3306 1006 3319 .
1030 3252 1094 3336 ἔχει
1117 3253 1254 3342 πολλήν,
1286 3254 1340 3320 καὶ
1372 3249 1455 3319 ἔνθα

237 3357 287 3422 δεῖ
307 3355 478 3444 μέγεθος
500 3363 688 3446 περιθεῖναι
706 3364 774 3439 τοῖς
796 3357 987 3446 πράγμασιν
1003 3351 1022 3444 ἢ
1045 3357 1167 3437 πάθος,
1184 3356 1368 3444 ἐπιτήδειός
1384 3355 1455 3422 ἐστι

238 3460 568 3546 παραλαμβάνεσθαι.
614 3465 800 3529 Terentiano
816 3465 925 3528 Mauro
949 3464 1075 3544 quidem
1099 3467 1173 3526 sunt
1188 3467 1227 3538 (v.
1243 3465 1337 3543 1813)
1361 3481 1456 3540 „ana-

237 3567 377 3648 paestico
406 3567 487 3646 (scil.
511 3568 646 3631 dimetro
668 3565 862 3647 catalectico)
891 3567 1017 3630 dulcia
1038 3569 1173 3640 metra“,
1207 3567 1281 3646 quia
1315 3566 1455 3640 „ludicra

238 3669 404 3746 carmina“‚
438 3671 543 3752 qualia
575 3673 665 3735 erant
690 3671 839 3744 Anniani,
871 3669 921 3732 his
953 3669 1092 3733 versibus
1127 3670 1270 3751 componi
1303 3669 1454 3742 solebant,

237 3790 346 3835 uerum
380 3773 554 3837 secundum
588 3773 800 3855 fragmentum
833 3775 905 3856 post
937 3771 1083 3836 Caesium
1116 3791 1144 3854 p.
1175 3773 1311 3850 274,14
1339 3771 1370 3834 Κ
1407 3773 1455 3834 est

240 3876 479 3957 „anapaesticon
501 3879 558 3951 (so.
575 3880 688 3958 genus)
706 3925 713 3938 .
730 3925 737 3938 .
755 3924 761 3938 .
778 3878 888 3958 aptum
910 3875 1011 3939 choris
1034 3877 1067 3938 et
1081 3875 1217 3956 tragicae
1241 3873 1454 3956 dignitatis

242 4166 296 4222 Ubi
321 4165 575 4221 animadvertendus
594 4172 635 4221 est
658 4166 741 4219 ctiam
760 4181 824 4218 usus
843 4164 967 4219 vocabuli
983 4169 1107 4235 μείουρος
1134 4163 1200 4217 eatis
1219 4163 1345 4216 recedens
1368 4163 1402 4216 ab
1421 4177 1455 4216 ea

240 4253 357 4320 notione,
378 4269 432 4321 quc
450 4253 595 4320 scriptores
614 4251 719 4305 metrici
737 4251 802 4304 illud
821 4251 909 4304 solent
927 4263 1066 4318 usurpare.

310 4340 333 4405 ¹)
352 4338 427 4394 Couf.
445 4339 509 4392 Hor.
529 4353 610 4392 carm.
629 4336 783 4390 leaenis:

344 4425 433 4492 ,,ΑΙο1,
451 4439 485 4477 ne
504 4423 595 4478 doleas
613 4423 673 4491 plur
693 4422 774 4476 nimio
792 4437 893 4477 memor

343 4510 448 4564 lumitie
467 4509 598 4579 Glycerae
617 4524 670 4563 neu
687 4508 854 4563 miserabiles

345 4597 479 4652 Decantes
498 4596 589 4664 elegos
608 4597 677 4649 etc.“
716 4595 803 4665 (quem
823 4595 908 4649 locum
927 4593 1023 4648 laudat
1041 4593 1184 4647 Diomedes
1203 4611 1228 4661 p.
1250 4593 1309 4646 484.
1320 4593 1354 4645 26
1373 4592 1418 4654 K).
