3634 5240
852 403 893 467 83

771 492 981 501 ————.—-.

253 613 309 687 τὸν
337 616 442 710 ἡρῷον
469 620 554 708 (καί)
579 624 603 707 ¹)
636 622 804 704 δάκτυλον,
840 624 916 712 περὶ
948 611 984 690 οὗ
1010 625 1064 690 καί
1092 622 1187 712 λόγον
1216 625 1315 712 φησίν
1341 617 1476 692 ἀκοῦσαι

255 721 418 808 Δάμωνος
438 723 494 790 καί
517 722 674 792 δάκτυλόν
695 751 731 813 γε
751 728 806 794 καὶ
822 723 926 814 ἡρῷον
945 728 1205 811 διακοσμοῦντος,
1230 725 1474 812 ἐνδεικνύμενος,

254 821 298 906 ὥς
319 817 382 914 ἀρα
403 823 461 895 τόν
483 831 627 894 τοιοῦτον
649 824 777 915 ῥυθμὸν
791 825 914 916 ἡγεῖται
938 828 1178 918 κοσμοιιότητος
1200 833 1231 912 (l.
1246 829 1475 919 κοσμιότητος)

254 921 336 996 εἶναι
359 923 531 1016 ποιητικὸν
552 930 607 998 καί
632 926 841 1020 ὁμαλιότητος
867 936 900 1016 (l.
925 929 1137 1021 δμαλότητος)
1161 933 1214 999 καί
1236 933 1476 1001 τῶντοιούτων

253 1023 438 1119 ἀγαθῶνῑ),
473 1031 508 1098 ἐκ
539 1033 576 1100 δέ
607 1026 802 1122 ἀμφοτέρων
830 1029 1068 1102 ἀποτελεῖσθαι
1099 1030 1158 1123 τὴν
1190 1029 1294 1122 ψυχὴν
1321 1033 1390 1121 ἱίμα
1415 1037 1476 1121 μέν

253 1129 427 1224 εύκίνητον,
466 1132 535 1220 ἅμα
571 1136 609 1203 δέ
645 1130 788 1225 ἠρεμίαν.
835 1144 938 1204 ταῦτα
975 1138 1012 1205 δὲ
1050 1132 1148 1226 ἀμφω
1185 1140 1291 1218 καλῶς
1327 1133 1476 1227 ἀλλήλοις

253 1237 476 1326 σνγκραθέντα
508 1235 664 1305 παιδείαν
688 1239 746 1328 την
777 1237 822 1322 οῖς
855 1234 991 1328 ἀληθῶς
1022 1241 1202 1308 ἐντιθέναι·
1240 1242 1307 1307 δεῖν
1328 1240 1390 1330 γὰρ
1420 1242 1473 1308 καί

253 1337 287 1405 έν
316 1347 363 1429 τῷ
395 1341 560 1430 Πολιτικῷ
593 1344 635 1428 (λ)
667 1365 747 1430 φησι
773 1343 855 1429 μήτε
880 1339 918 1410 τὸ
944 1339 1107 1434 εὐκίνητον
1137 1343 1237 1428 μόνον
1265 1339 1473 1432 ἀναιρεῖσθαι

251 1447 314 1509 τῶν
335 1437 435 1532 ἠθῶν,
460 1437 637 1532 ὀξύρροπον
658 1439 736 1512 καθ’
760 1439 839 1512 αὑτὸ
861 1446 915 1512 καί
939 1439 1079 1513 ἀστατον
1098 1440 1142 1528 όν,
1165 1441 1246 1534 μήτε
1267 1440 1306 1513 τὸ
1321 1441 1476 1534 ἠρεμαῖον

252 1539 350 1634 ἀργόν
372 1546 425 1613 καί
449 1540 586 1634 ἀδρανὲς
608 1543 752 1634 ὑπάρχον
773 1548 917 1637 θατέρου
937 1549 1163 1636 χωριζόμενον.
1194 1543 1294 1636 ἀμφω
1315 1547 1421 1615 τοίνυν
1442 1545 1474 1616 οῖ

250 1649 370 1737 ῥυθμοί
393 1647 452 1737 τὴν
475 1643 676 1738 ἀμφοτέρων
703 1655 737 1735 (l.
760 1646 965 1740 ἀμφοτέρων)
992 1650 1193 1740 μετριιότητα
1217 1653 1248 1738 (l.
1269 1650 1474 1740 μετριότητα)

250 1753 462 1840 προξενοῦσιν
484 1746 633 1840 ἀλληλοις
657 1753 929 1839 συμπλεκόμενοι.
972 1757 1051 1821 Ibid.
1073 1777 1101 1821 v.
1119 1759 1175 1820 53:
1198 1758 1261 1820 τῶν
1282 1754 1318 1821 δέ
1340 1760 1475 1841 ῥυθμῶν

249 1847 288 1920 τὸ
320 1859 352 1939 (l.
375 1848 446 1938 τὸν)
475 1855 537 1939 μέν
560 1854 712 1924 ἐνόπλιον
738 1851 793 1923 οῦκ
819 1854 867 1938 εἰς
888 1850 927 1924 τδ
954 1857 1121 1924 παιδεύειν
1147 1855 1227 1923 νέων
1251 1855 1368 1940 ηωχάς,
1403 1852 1473 1922 ἀλλ’

249 1953 296 2036 είς
325 1951 365 2026 τὸ
399 1957 538 2045 ἐξορμᾶν
574 1954 621 2039 είς
651 1959 711 2039 τὰς
741 1953 923 2044 πολεμικὰς
959 1957 1097 2047 πράξεις
1129 1959 1336 2045 παρέχεσθαι
1367 1956 1475 2046 χρείαν

249 2055 462 2150 ὑπειληφέναι
485 2064 542 2147 (sc.
559 2060 722 2128 Πλοίτωνα
737 2057 927 2150 ἡγούμεθα),
950 2062 1005 2129 καί
1019 2056 1058 2130 τὸ
1075 2055 1177 2146 ὄνομα
1198 2064 1309 2145 λαβεῖν
1324 2061 1475 2128 ἐντεῦθεν
1547 2063 1549 2068 ’

249 2155 305 2229 τὸν
328 2163 465 2253 ῥυθμόν.
492 2162 590 2249 μόνον
612 2165 649 2231 δέ·
671 2158 727 2231 τὸν
748 2163 903 2232 δόκτιλον
924 2166 979 2232 καί
1003 2163 1108 2253 ἡρῷον
1135 2160 1306 2253 ἁρμόττειν
1335 2165 1473 2230 παιδευ-

250 2266 376 2350 ομένοις
407 2264 567 2347 καὶὸλως
593 2264 650 2333 τὸν
672 2273 712 2357 τῇ
744 2265 869 2356 ἰσότητι
897 2267 1130 2352 κεκοσμιμένον
1158 2272 1190 2347 (l.
1214 2266 1472 2354 κεκοσμημένον).

248 2367 302 2436 διό
322 2395 380 2456 μοι
404 2373 508 2438 δοκεῖν
530 2375 562 2454 (l.
585 2371 685 2452 δοκεῖ)
708 2371 761 2436 καί
785 2368 868 2436 οῖτω
893 2367 1000 2437 εἰπεῖν
1024 2369 1181 2454 Δάμωνος
1203 2362 1340 2436 ἀκοῖται
1361 2372 1473 2435 τοῦτον

250 2472 507 2559 διακοσμοῦντος
527 2467 583 2540 τὸν
605 2466 733 2560 ῥυθμόν
755 2470 799 2552 ιός
820 2470 866 2553 είς
888 2473 1132 2561 κατακόσμησιν
1146 2469 1188 2551 ὡς
1211 2465 1345 2559 ἀληθῶς
1362 2495 1472 2538 σιντε-

247 2576 355 2642 λοῦντι
387 2580 421 2658 (l.
445 2578 669 2661 συντελοῦντα)
700 2581 759 2664 τῆς
789 2578 872 2664 ζωῆς
899 2577 952 2643 καί
986 2574 1204 2642 παιδευτικόν.
1233 2573 1312 2659 μίαν
1338 2564 1392 2641 οίν
1413 2571 1472 2663 ἀρ-

250 2676 373 2762 μονίαν,
389 2673 447 2767 τὴν
469 2677 593 2768 διόριον,
614 2679 669 2745 καί
685 2675 813 2766 ῥυθμὸν
833 2679 896 2761 ἕνα,
913 2673 970 2746 τὸν
989 2677 1187 2760 δακτυλικόν,
1204 2672 1301 2744 αύτὸν
1320 2676 1474 2767 ἐγκρίνειν

250 2777 326 2868 ἡμῖν
336 2781 463 2848 λεκτέον
474 2785 543 2861 τοῖς
556 2781 722 2848 παιδεύειν
732 2781 866 2867 μένουσι
880 2787 913 2860 (l.
927 2781 1093 2866 μέλλουσι)
1106 2785 1261 2869 ποιηταῖς
1272 2779 1471 2868 έμπρέπειν·

252 2883 389 2972 καὶγὰρ
412 2882 482 2951 ἔστι
503 2883 634 2965 τούτοις
660 2882 810 2952 κοινωνία
832 2878 915 2951 κατὰ
936 2879 992 2951 τὸν
1013 2888 1070 2971 της
1092 2880 1242 2970 ἰσότητος
1264 2882 1365 2970 λόγον.

336 2990 418 3054 Item
440 2991 569 3054 heroum
593 2993 625 3054 et
646 2991 758 3074 pedem
782 2993 814 3053 et
828 3009 953 3054 versum
976 2990 1122 3054 laudibus
1139 2988 1272 3053 efferunt
1287 2993 1470 3072 Anonymus

251 3093 394 3156 Ambros.
416 3113 444 3175 p.
458 3093 529 3168 225,
545 3094 584 3156 14
597 3093 658 3158 St:
682 3085 773 3157 ἀλλοι
789 3141 796 3155 .
814 3141 842 3157 ..
858 3091 940 3178 φασὶ
956 3089 1112 3156 δάκτυλον
1128 3083 1349 3177 ὀνομασθῆναι
1366 3082 1469 3170 αύτόν,

250 3186 369 3280 ἐπειδὴ
401 3196 542 3279 κρᾶσιν
570 3186 734 3282 ἀρίστην
767 3189 829 3275 ’ἔχει
864 3187 991 3272 ὁποῖις
1024 3180 1116 3272 οἶκτος
1143 3185 1235 3280 παρὰ
1261 3187 1317 3279 τὴν
1344 3191 1469 3277 έξοχήν;

250 3299 380 3362 ‘scholia
414 3297 664 3382 Hephaestionea
690 3301 726 3363 A'
755 3321 783 3382 p.
813 3301 883 3376 161,
904 3300 942 3360 15
970 3297 1010 3359 W
1038 3325 1079 3351 =
1108 3298 1167 3359 137
1198 3297 1256 3361 St:
1286 3293 1470 3361 σύντονον

250 3403 345 3466 τοῦτο
360 3403 415 3483 (sc.
431 3397 470 3467 τὸ
486 3395 600 3488 ἡρῷον)
623 3393 642 3486 ί)
664 3399 718 3466 καὶ
739 3394 901 3487 ε’ύρωοτον
915 3396 954 3466 τὸ
974 3397 1090 3483 μέτρον
1106 3394 1220 3484 ὥσπερ
1236 3397 1290 3464 καὶ
1307 3393 1338 3463 οῖ
1354 3394 1469 3485 ἥρωες

250 3503 464 3585 Hermogenes
486 3527 516 3588 p.
541 3506 612 3580 376,
637 3507 655 3568 3
676 3505 715 3568 W
738 3533 780 3559 =
802 3505 874 3582 406,
899 3506 938 3566 18
966 3503 1035 3586 Sp:
1071 3551 1077 3565 .
1102 3551 1110 3566 .
1134 3552 1140 3565 .
1163 3494 1203 3567 τὸ
1226 3498 1319 3588 φύσει
1337 3497 1470 3564 πόντων

249 3596 414 3690 ἀριστον
434 3603 553 3693 μέτρον
575 3613 630 3686 (sc.
654 3608 791 3690 epicum)
814 3655 820 3666 .
844 3656 851 3670 .
875 3630 899 3680 .;
923 3606 1057 3670 Ioannes
1074 3605 1133 3670 Sic.
1151 3607 1290 3670 adhunc
1306 3607 1408 3669 locum
1424 3604 1469 3666 VI

250 3711 323 3785 488,
341 3711 381 3772 32
402 3710 457 3772 W:
480 3702 519 3775 τὸ
540 3706 737 3786 δακτυλικόν,
762 3699 780 3774 ὃ
804 3707 934 3773 ποίνιων
956 3700 1120 3792 ἀριστον
1142 3707 1284 3793 liparam
1302 3707 1468 3771 Diomedes

249 3832 278 3894 p.
293 3813 365 3888 495,
378 3813 417 3874 27
430 3813 476 3876 K:
496 3833 621 3892 „versus
637 3814 778 3877 heroicus
795 3813 821 3876 is
838 3814 1026 3895 dignitate
1043 3812 1163 3894 primus
1182 3815 1230 3875 est
1250 3814 1282 3875 et
1296 3811 1406 3894 plenae
1419 3829 1467 3872 ra·

248 3915 341 3978 tionis
367 3915 557 3997 perfectione
585 3917 731 3981 firmatus
760 3935 796 3980 ac
824 3917 919 3979 totius
948 3914 1158 3996 gravitatis
1187 3915 1301 3977 honore
1325 3911 1467 3976 sublimis

248 4018 411 4100 multaque
426 4021 666 4102 pulchritudinis
683 4038 800 4083 renus
810 4021 886 4082 tute
907 4017 1093 4101 praeclarus,
1114 4016 1165 4098 qui
1184 4019 1290 4080 ...ita
1302 4035 1354 4080 sex
1370 4015 1468 4095 regio·

246 4121 340 4184 nibus
369 4121 434 4186 suis
463 4123 629 4206 spondium
654 4123 768 4204 pedem
799 4121 1021 4204 dactylumque
1050 4118 1219 4196 custodiat,
1250 4123 1287 4183 ut
1323 4118 1467 4199 dactylus

317 4313 338 4378 ¹)
356 4310 398 4364 Ex
416 4309 455 4364 eis
474 4325 543 4377 quac
566 4314 713 4376 sequuntur
737 4312 853 4378 apparet
878 4308 999 4360 l’roclum
1019 4323 1071 4360 non
1091 4321 1167 4360 secus
1191 4309 1274 4372 atquc
1300 4305 1386 4372 ipsum
1406 4303 1467 4358 Plo·

248 4402 338 4450 ionem
358 4395 514 4449 distinxisse
531 4393 624 4467 ἡρῷον
642 4397 675 4462 (-
688 4395 721 4464 -)
740 4401 768 4448 ct
787 4391 923 4446 δάκτυλον
941 4395 1005 4464 (Ἧι
1025 4393 1067 4461 u);
1086 4409 1109 4445 r.
1128 4407 1210 4459 supra
1229 4409 1254 4460 p.
1274 4393 1307 4444 79
1325 4405 1363 4456 sq.

258 4494 259 4497 ’
315 4483 339 4547 ¹)
359 4481 398 4536 Cf.
425 4480 545 4535 scholion
573 4481 606 4534 sd
634 4481 703 4534 Plat.
732 4481 811 4550 Reip.
841 4480 881 4534 lll
907 4479 959 4532 400
976 4479 1010 4531 B:
1041 4476 1055 4530 ὁ
1083 4473 1113 4528 δέ
1137 4476 1227 4548 ἡρῷον
1254 4473 1385 4530 δάκτυλον
1407 4476 1466 4544 (sie)

247 4565 358 4632 ἁπλοῦς,
380 4565 560 4636 κοσμιότητος
577 4565 718 4632 ποιητικός
743 4571 789 4618 καί
807 4563 985 4636 ὁμαλότητοε,
1013 4561 1219 4630 παιδευομένοις
1241 4562 1404 4630 προσήκων,
1433 4559 1468 4616 cis

249 4651 355 4722 ἰσότητι
373 4657 579 4722 κεκοσμημένον,
599 4651 634 4708 τῖε
652 4656 682 4703 ἐν
698 4653 740 4718 τηῖ
757 4653 793 4708 εἰς
809 4653 897 4704 ταῦτα
916 4649 1091 4719 ὑπομνήματι
1109 4645 1230 4718 Πρόκλος
1247 4654 1336 4717 φησίν.

1220 4735 1254 4788 6*
