3514 5244
806 442 847 504 67

213 637 419 699 odntooentenr
443 643 472 699 et
493 639 623 700 uulnere
639 657 754 719 parrana
772 645 890 700 natent
905 638 1037 700 delaissa
1052 638 1215 700 lacontern.
1240 633 1442 719 probandum

214 748 264 808 θεῖ
288 741 375 824 quod
398 741 612 808 intolerabilis
640 740 801 826 particula
829 742 1037 809 adversativa
1070 742 1242 828 participio
1275 743 1308 807 in
1336 764 1357 827 p
1387 740 1443 805 ad-

213 849 299 916 iecta
314 849 407 915 deest
421 849 454 914 in
468 849 509 934 M,
533 869 669 932 quocum
685 850 720 934 P,
745 850 773 916 si
788 849 885 915 fidem
899 849 1020 916 habere
1043 849 1120 915 licet
1142 849 1285 915 FIekerti
1304 849 1441 932 silentio,

215 956 302 1022 facit.
329 993 363 1004 -
392 956 468 1020 VIII
492 959 521 1038 2,
547 959 588 1023 15
618 963 694 1022 ante
721 977 837 1022 nomeu
869 958 944 1023 Com
971 958 1004 1022 M
1032 958 1121 1024 solus
1149 976 1345 1042 praenomen
1373 957 1430 1022 ,Μ
1434 1005 1442 1019 .

214 1064 364 1131 servavit.
388 1100 432 1111 —
456 1063 603 1130 similiter
625 1065 657 1128 X
684 1069 709 1148 l,
737 1068 776 1130 18
807 1071 883 1130 ante
913 1085 1028 1131 nomen
1055 1066 1170 1130 Caesar
1192 1063 1278 1130 idem
1303 1064 1445 1129 litteram

216 1173 251 1236 T.
276 1171 382 1256 habet,
407 1192 447 1236 ex
472 1192 536 1255 qua
560 1171 629 1236 sinc
654 1171 751 1236 dubio
778 1173 811 1237 0.
842 1171 1014 1238 efficienda
1044 1181 1102 1239 est.
1148 1180 1226 1238 nota
1254 1172 1339 1237 euim
1370 1177 1444 1238 snut

215 1279 248 1344 O.
278 1279 430 1345 Caesaris
459 1279 639 1362 Caligulae,
674 1300 768 1363 quem
799 1280 1054 1365 intellegendum
1086 1300 1159 1346 θεεθ
1191 1280 1323 1365 Lipsius
1356 1285 1444 1348 recte

213 1386 343 1472 monuit,
376 1394 492 1471 argute
520 1386 617 1472 dicta,
646 1387 761 1470 quibus
789 1388 894 1472 ipsum
923 1408 1050 1472 quoque
1079 1387 1237 1454 Senecam
1265 1387 1445 1471 exagitavit

214 1497 255 1576 (v.
280 1493 410 1560 Sueten.
436 1494 469 1559 G.
495 1493 598 1578 Galig.
621 1491 688 1580 53).
716 1531 749 1542 -
779 1494 826 1560 IX
850 1497 879 1580 3,
903 1499 924 1562 9
953 1495 986 1559 in
1012 1495 1045 1559 M
1070 1494 1139 1560 solo
1164 1494 1331 1579 scriptura,
1360 1513 1444 1577 qnae

212 1601 357 1686 proxime
382 1601 425 1666 ad
448 1621 558 1666 veram
582 1601 717 1685 accedit,
746 1612 800 1668 crat
822 1605 1029 1686 decipimur
1051 1610 1114 1667 runt
1129 1605 1303 1687 fallimur
1326 1601 1445 1685 legitur

213 1705 256 1792 (v.
279 1730 311 1793 p.
335 1711 380 1776 40
408 1709 482 1774 adn.
506 1712 570 1786 20).
599 1747 635 1756 -
662 1709 694 1773 X
718 1711 747 1794 2,
772 1713 813 1775 28
848 1710 973 1776 Seneca
1002 1711 1062 1777 sub
1090 1709 1185 1775 linem
1210 1711 1370 1794 epistulae
1393 1709 1444 1776 his

212 1817 320 1882 verbis
347 1816 505 1881 Lucilium
535 1816 723 1900 alloquitur:
757 1820 803 1881 luis
831 1825 859 1881 le
885 1819 1115 1900 capitoliont'lnrs
1142 1841 1248 1883 recreo
1271 1827 1300 1882 et
1321 1821 1443 1882 Interim

213 1925 350 2007 epistulis
376 1928 492 1989 nostris
518 1927 693 1989 onerando.
723 1928 820 1990 ueniet
847 1927 970 2010 ulipnod
997 1933 1123 2010 ternpus,
1151 1929 1233 2010 (μισεῖ
1254 1948 1311 1990 nos
1333 1929 1444 1991 iterata

212 2025 367 2114 tappetae
382 2035 514 2098 misceat.
549 2031 614 2096 dici
628 2032 682 2097 vix
702 2038 811 2116 potest
835 2051 931 2116 quam
954 2033 1098 2118 Ineptum
1122 2033 1164 2099 sit
1188 2041 1220 2098 et
1243 2039 1444 2118 quantopere

214 2137 375 2204 claudicet
398 2139 529 2204 verbum
553 2141 726 2204 vincando.
774 2139 861 2223 quod
889 2161 960 2205 cum
984 2141 1017 2205 in
1039 2139 1072 2204 M
1095 2147 1170 2226 post
1199 2143 1306 2206 Veniat
1328 2180 1372 2188 —
1396 2141 1443 2206 sie

214 2245 298 2308 enirn
322 2245 408 2310 male
432 2246 585 2332 scriptum
610 2255 660 2312 est
683 2251 882 2331 proveniet
905 2286 949 2293 —
972 2247 1108 2330 legatur,
1132 2268 1171 2312 ex
1195 2247 1257 2313 hac
1275 2248 1444 2334 archetypi

214 2415 368 2480 lectione:
393 2347 643 2501 olirdd'ddodrtum
667 2437 741 2484 csse
764 2424 851 2502 puto.
884 2415 1012 2482 accedit
1026 2416 1113 2500 quod
1126 2417 1159 2481 in
1174 2418 1200 2481 P
1215 2437 1278 2483 nou
1294 2421 1445 2502 nlipncsl

213 2531 329 2608 tenrpnrs
348 2529 446 2610 extat,
468 2523 527 2590 sed
546 2526 749 2608 aliqnando
770 2533 896 2610 ternpus.
922 2525 970 2590 sic
985 2524 1083 2608 igitur
1099 2525 1256 2590 Senecam
1271 2525 1442 2611 scripsisse

212 2629 388 2696 verisImile
417 2637 510 2716 puto:
545 2640 572 2696 et
599 2636 722 2697 interna
750 2634 886 2718 epistulis
913 2636 1061 2697 nostris.
1092 2636 1210 2698 cerulei
1242 2635 1441 2718 ailqnondo

212 2745 329 2823 tcnrpns
352 2758 419 2822 eqn

302 2863 440 2948 deniqne
468 2870 558 2930 extat
586 2865 703 2932 elassis
732 2866 892 2948 quaedam
917 2865 1072 2949 codicum,
1101 2865 1192 2931 cuius
1221 2866 1296 2950 qnia
1319 2865 1440 2938 multae
1454 2880 1654 2922 tremonem

212 2970 368 3036 lectiones
401 2971 434 3035 in
466 2971 550 3037 alios
583 2971 682 3037 libros
714 2972 827 3038 illatae
860 2980 946 3057 sunt,
984 2973 1050 3038 iam
1082 2974 1214 3058 saepius
1246 2973 1441 3040 mentionem
1482 2942 1624 3056 Ῑζοξῐριῖχῗ

214 3075 322 3144 facere
345 3083 477 3142 coaetus
506 3097 585 3143 sum.
631 3078 836 3144 innotuerunt
868 3087 976 3145 autern
1008 3078 1114 3144 adhuc
1143 3080 1212 3145 cius
1241 3082 1441 3166 exemplaria
1524 3067 1588 3124 Be.

214 3184 344 3250 saeculo
360 3183 484 3248 decimo
501 3193 615 3268 quarto
628 3184 856 3273 vetustiora⁶¹¹)
868 3207 931 3251 non
945 3188 1038 3272 plura
1052 3207 1148 3270 quarn
1162 3186 1266 3252 codex
1275 3189 1439 3255 Beruen-

215 3290 269 3356 sis
288 3293 363 3357 484
387 3289 478 3378 (olim
492 3292 580 3358 Petri
595 3293 757 3374 Danielis)
782 3293 815 3358 in
832 3294 954 3359 formae
967 3294 1128 3362 maximae
1147 3297 1341 3364 membranis
1356 3296 1439 3363 binis

214 3398 370 3464 columnis
394 3399 524 3465 saeculo
550 3399 675 3466 decimo
699 3400 794 3467 tertio
819 3408 972 3468 exaratus
997 3402 1207 3486 (arietent,
1230 3424 1260 3468 v.
1280 3403 1439 3468 eiusPro-

214 3507 366 3588 lepontenc
389 3528 419 3591 p.
434 3508 477 3572 53
495 3514 527 3574 et
542 3507 782 3593 edit.p.xxl1,
808 3509 971 3592 Cutolopns
994 3512 1130 3574 codicum
1153 3513 1357 3574 llerrrensianr
1379 3534 1438 3576 res.

213 3621 241 3676 et
263 3618 428 3696 praefatus
458 3623 503 3679 est
530 3617 569 3679 II.
594 3617 703 3698 llupen
730 3617 857 3682 Bernae
884 3619 968 3684 1875
996 3638 1042 3682 nr.
1065 3620 1144 3698 484)
1174 3627 1206 3682 θῖ
1229 3617 1440 3684 Vaticanus

213 3720 374 3803 reginae
396 3723 494 3788 1544
515 3725 605 3804 (ante
618 3721 865 3810 Petavianus⁶⁵)
884 3725 1148 3790 membranaceus
1168 3724 1290 3791 formae
1304 3732 1441 3808 quartae

214 3827 344 3893 saeculo
372 3827 512 3914 scriptus
541 3829 665 3897 decimo
698 3830 793 3896 tertio
823 3829 862 3918 (Θ
885 3831 1050 3910 Fickerti).
1097 3831 1258 3918 duplicem
1282 3833 1441 3898 iacturam

212 4043 303 4078 omncs
326 4024 483 4094 apponitur,
507 4025 618 4081 omnino
641 4027 750 4081 nullum
774 4027 894 4083 affertur.
931 4028 960 4083 id
983 4032 1077 4084 tamen
1100 4029 1228 4100 displicet
1246 4030 1275 4084 in
1295 4029 1394 4086 codicis
1412 4031 1441 4084 M

213 4115 357 4184 scriptura,
377 4113 452 4182 quod
471 4119 536 4169 ante
555 4135 672 4172 amorem
691 4117 747 4172 iarn
766 4120 890 4172 libldr'nr's
909 4120 1013 4174 mentio
1033 4121 1107 4174 sacta
1121 4124 1169 4176 θεῖ,
1198 4139 1283 4190 cluere
1298 4121 1330 4176 G.
1344 4121 1439 4176 Stude-

213 4204 331 4258 mundus
350 4207 517 4260 abdomini
543 4223 591 4276 pro
609 4209 750 4262 libidini
773 4207 819 4275 (cf.
840 4209 901 4263 San.
921 4209 954 4262 dc
973 4211 1060 4264 benef.
1080 4210 1132 4263 Vll
1151 4211 1194 4276 26,
1213 4212 1241 4278 4)
1268 4211 1441 4266 scribendum

213 4309 270 4346 csse
288 4293 412 4349 coniecit.

304 4382 374 4448 ⁰⁴le
397 4385 602 4450 recentioribus,
629 4389 661 4441 ut
683 4405 770 4442 unum
793 4389 949 4458 exemplum
969 4389 1090 4454 afferam,
1116 4389 1152 4443 ad
1170 4389 1285 4444 eandem
1303 4389 1441 4446 familiam

213 4473 334 4544 pertinet
361 4473 482 4528 Fickerti
510 4475 753 4546 V(indcbonensis)
781 4479 883 4533 saeculi
910 4479 984 4544 XIV,
1016 4497 1099 4548 quem
1132 4497 1157 4548 p.
1182 4479 1259 4533 XXII
1289 4479 1440 4548 descripsit.

213 4563 325 4634 propius
344 4566 438 4618 autem
458 4564 493 4618 ad
512 4561 533 4614 Θ
552 4583 636 4633 quam
655 4565 691 4620 ad
709 4567 732 4620 B
749 4567 875 4622 inclinat.

305 4651 341 4721 ⁰³)
360 4651 390 4706 in
409 4653 529 4722 paginae
542 4653 648 4722 primae
662 4656 789 4726 margine
802 4657 930 4712 inferiore
945 4659 1077 4728 leguntur
1090 4659 1170 4714 haee:
1191 4661 1345 4714 Alexander·
1359 4663 1442 4716 Pauli

213 4745 288 4811 filius
305 4747 434 4812 petunr'ns
453 4745 566 4798 Senator
581 4747 751 4812 parisienses
769 4747 829 4815 (sic)
848 4767 919 4804 anno
938 4753 1012 4804 1⁶50.

1246 4839 1281 4893 5*
