3634 5240
959 403 1000 466 80

864 485 1074 494 .———.-..--

358 631 433 709 sunt
460 623 624 729 {periitne-e,
657 623 780 726 quibds’
802 645 835 708 hi
855 647 920 708 tres
936 641 1051 726 [heroi]
1067 641 1162 726 pedes
1177 641 1210 704 in
1227 641 1379 725 principia
1393 641 1578 706 continuan-

358 747 468 810 dorum
491 747 658 811 rerborum
681 747 758 810 satis
781 748 891 812 decore
915 747 1067 819 cadunt“;
1092 743 1178 810 Orat.
1197 745 1274 808 192:
1298 746 1372 827 „qui
1389 743 1446 825 (so.
1460 743 1577 807 Aristo·

357 849 448 927 teles)
470 849 588 915 iudicat
610 850 741 914 heroum
763 868 930 914 numerum
954 848 1152 930 grandiorem
1175 867 1272 930 quam
1296 846 1452 912 desideret
1474 846 1578 910 soluta

359 953 484 1016 oretio“.
528 951 641 1034 Itaque
665 953 853 1017 vocabulum
875 953 950 1016 illud
978 953 1195 1016 Aristotelium
1220 949 1327 1015 Cicero
1350 949 1395 1013 ita
1416 947 1578 1026 intellexit,

358 1056 395 1118 ut
410 1054 523 1130 „heroo
536 1055 634 1136 pede“
650 1055 903 1136 significarentur
918 1055 945 1118 ei
960 1055 1065 1138 pedes
1089 1054 1142 1136 qui
1165 1055 1196 1116 in
1219 1054 1400 1117 hexametro
1424 1051 1578 1133 dactylico

358 1157 462 1221 locum
484 1156 600 1221 hahere
631 1160 773 1240 possent;
806 1157 1010 1241 interpolator
1038 1159 1153 1234 autem,
1183 1159 1235 1239 qui
1262 1158 1358 1221 verba
1384 1154 1520 1236 „dactyli
1547 1155 1579 1217 et

359 1259 519 1342 anapaesti
547 1262 579 1322 et
607 1259 753 1342 spondei“
782 1261 960 1336 inculcavit,
987 1279 1049 1324 nou
1078 1260 1161 1324 male
1189 1259 1314 1342 quidem
1339 1258 1377 1322 de
1401 1257 1524 1340 dactylo
1547 1259 1579 1319 et

359 1363 496 1445 spondeo
520 1362 689 1442 cogitabat,
711 1363 843 1446 insipide
868 1366 974 1427 autern
997 1363 1035 1427 de
1060 1366 1239 1447 anapaesto.

443 1465 588 1546 Denique
603 1464 814 1544 Quintilianus
831 1465 960 1548 quidde
977 1465 1109 1542 „heroo‘
1126 1464 1307 1529 Aristotelio
1331 1463 1454 1540 sentiat,
1472 1463 1578 1545 aperte

359 1566 516 1631 docet1X
539 1570 568 1644 4,
592 1569 649 1630 88:
679 1568 798 1651 ‚‚(licet)
822 1570 948 1644 herone,
972 1569 1025 1650 qui
1048 1571 1097 1632 est
1120 1568 1203 1633 idem
1226 1567 1386 1650 dactylus,
1419 1563 1579 1629 Aristoteli

359 1671 521 1752 amplior.
546 1719 552 1732 .
578 1718 584 1733 .
608 1671 782 1736 videatur“.

443 1787 606 1854 Habemus
633 1791 729 1873 igitur
758 1789 911 1873 triplicem
938 1791 999 1856 loci
1026 1791 1198 1856 Aristotelii
1224 1790 1306 1873 apud
1339 1793 1458 1854 veteres
1484 1789 1580 1852 inter-

359 1892 581 1974 pretationem:

519 1993 543 2057 l.
566 1987 671 2081 ἡρῷος
692 2021 735 2049 =
758 1992 933 2073 σπονδεῖος
955 1997 1117 2074 Demetrii,

505 2095 545 2160 H.
611 2146 628 2174 „
694 2123 734 2152 =
759 2092 922 2179 δάκτυλος,
947 2099 1122 2176 σπονδεῖος
1143 2099 1312 2175 CiceroniS,

487 2200 546 2264 IH.
613 2249 631 2278 ‚‚
692 2229 735 2255 =
759 2197 915 2279 δάκτυλος
937 2202 1130 2282 Quintiliani.

446 2321 587 2400 Quarum
625 2323 917 2405 interpretationum
951 2323 1097 2405 equidem
1130 2325 1302 2406 amplector
1335 2321 1579 2387 Ciceronianam.

360 2425 443 2489 Nam
466 2428 502 2488 ut
525 2425 566 2488 sit
587 2423 746 2507 spondeus
768 2425 897 2489 minime
920 2421 1065 2503 λεκτικός
1087 2427 1135 2491 vel
1151 2428 1286 2490 maxime
1309 2425 1456 2510 λεκτικῆς
1478 2417 1581 2508 ἁρμο-

361 2522 431 2605 νίας
454 2523 617 2609 δεόμενος,
642 2528 817 2591 esttamen
842 2529 936 2591 etiam
961 2527 1077 2612 dactyli
1101 2529 1335 2611 magnificentia
1355 2531 1388 2593 et
1402 2527 1580 2592 sublimitas

361 2633 463 2710 tauta,
498 2634 534 2693 ut
561 2629 598 2694 de
626 2632 759 2710 utroque
789 2629 867 2712 pede
896 2631 1081 2696 Aristoteles
1109 2632 1188 2696 illud
1215 2632 1418 2716 pronuntiare
1445 2629 1582 2714 potuerit

360 2734 520 2798 iudicium.

446 2853 518 2917 Alia
547 2851 583 2916 de
611 2852 753 2934 rhythmi
780 2853 927 2936 dactylici
956 2855 1109 2935 gravitate
1135 2857 1316 2922 testimonia
1343 2857 1467 2920 exstant
1496 2853 1581 2917 haud

360 2973 470 3040 pauca.
515 2955 597 3019 Nam
624 2956 655 3017 in
683 2956 840 3020 laudando
868 2957 992 3040 dactylo
1005 2961 1027 3036 ¹)
1054 2978 1163 3023 omnes
1191 2961 1356 3043 scriptores
1383 2958 1583 3022 consentiunt
1653 2987 1655 2991 ·

363 3078 497 3142 eumque
513 3077 681 3123 numerum
697 3059 968 3134 „hexametrorum
984 3063 1293 3145 magniloquentiae“
1311 3063 1388 3145 (Cic.
1404 3061 1490 3126 Orat.
1509 3061 1582 3140 ret)

364 3165 473 3246 aptum
497 3181 565 3226 esse
587 3161 819 3239 intellexerunt,
843 3183 879 3226 ex
902 3183 963 3245 quo
987 3165 1067 3242 „Res
1084 3167 1192 3248 gestae
1206 3185 1381 3250 regumque
1404 3166 1582 3245 ducumque

363 3267 395 3329 et
424 3265 528 3329 tristia
555 3265 637 3329 bella
659 3264 727 3344 Quo
755 3266 848 3329 scribi
869 3272 999 3349 possent
1020 3288 1159 3346 numero,
1182 3270 1371 3334 monstravit
1397 3268 1582 3331 Homerus“.

363 3367 486 3450 (Horat.
515 3368 551 3432 de
575 3371 642 3431 arte
664 3371 747 3451 poet.
765 3369 804 3430 73
820 3388 866 3450 sq.
884 3398 927 3424 =
942 3372 1020 3435 Mar.
1037 3371 1153 3437 Victor.
1176 3395 1205 3457 p.
1223 3375 1273 3452 50,
1298 3373 1337 3435 17
1360 3373 1391 3436 Κ
1414 3372 1471 3454 [ε
1485 3370 1583 3434 Iubae

364 3471 475 3553 fragm.
493 3471 532 3533 15
549 3493 567 3526 e
590 3470 693 3552 HJ).²)
738 3470 905 3538 Praeterea
926 3474 1066 3558 ipsorum
1087 3481 1251 3559 poetarum
1274 3478 1313 3540 de
1335 3476 1428 3540 heroo
1452 3476 1484 3538 et
1505 3471 1583 3556 pede

365 3575 397 3640 ot
418 3575 520 3638 metro
543 3575 620 3638 haec
643 3577 718 3638 sunt
739 3575 934 3642 testimonie:
958 3596 1067 3643 versus
1090 3597 1109 3642 a
1131 3579 1267 3644 Domitio
1289 3579 1394 3644 Marso
1416 3578 1448 3640 in
1469 3574 1583 3640 Tibulli

364 3677 548 3742 memoriam
577 3677 707 3741 conditi:
737 3677 796 3754 „Te
826 3698 949 3761 quoque
971 3680 1108 3762 Vergilio
1141 3683 1287 3747 comitem
1312 3701 1373 3746 non
1397 3698 1508 3762 aequa,
1534 3677 1585 3742 n-

366 3781 461 3857 bulle,
482 3781 567 3844 Mors
590 3781 737 3844 iuvenem
759 3799 888 3865 campos
911 3783 997 3848 misit
1021 3784 1061 3848 ad
1082 3786 1215 3868 Elysios,
1238 3785 1285 3850 Ne
1308 3784 1389 3850 foret
1411 3786 1466 3848 aut
1488 3781 1583 3862 elegis

438 4037 459 4103 ¹)
477 4036 571 4102 Etiam
595 4039 796 4106 anapaesticum
820 4045 935 4094 metrum
959 4039 1070 4110 dactylo
1088 4045 1199 4110 recepto
1218 4039 1386 4113 σεμνότερον
1404 4083 1408 4092 .
1429 4078 1435 4090 .
1458 4041 1586 4102 ,γίνεται

367 4126 438 4175 teste
456 4121 579 4177 Aristide
597 4123 689 4192 Quint.
708 4139 734 4192 p.
752 4129 786 4180 52
798 4126 826 4180 Μ
846 4149 880 4173 =
897 4129 940 4190 33,
950 4127 985 4179 ab
997 4127 1022 4180 J.
1060 4127 1142 4181 Secus
1161 4129 1265 4182 videtur
1283 4125 1377 4181 bdellio
1397 4123 1540 4179 Theodoro
1557 4136 1584 4189 p.

366 4209 444 4275 5963
462 4207 499 4261 K:
526 4209 665 4276 „quamvis
688 4211 771 4265 etism
791 4212 927 4282 dactylum
946 4213 974 4265 in
993 4212 1043 4266 hoc
1060 4215 1111 4278 (sc.
1131 4213 1317 4280 anapaestico)
1336 4217 1423 4267 metro
1442 4227 1459 4265 e
1477 4209 1584 4279 quibus·

367 4293 431 4348 dam
451 4294 565 4348 Graecis
588 4295 707 4360 positum
731 4295 908 4364 inveniamus,
931 4314 963 4353 ec
986 4303 1079 4353 tamen
1103 4299 1227 4354 adhibito
1252 4299 1439 4368 confragosius
1458 4295 1585 4365 quiddam

367 4383 479 4433 resonet
496 4384 525 4434 et
543 4379 661 4435 durius.“

436 4464 572 4532 'iliaque
600 4471 643 4519 est
665 4465 799 4522 Homerus
828 4469 905 4533 „fons
934 4475 1015 4538 atque
1044 4471 1120 4540 origo
1143 4473 1273 4526 metricae
1296 4474 1473 4543 disciplinae*
1503 4469 1584 4538 (nar.

367 4549 471 4606 Victor.
488 4567 514 4618 p.
534 4552 575 4614 68,
595 4553 627 4606 12
646 4552 691 4618 K).
727 4553 802 4609 Cous.
822 4554 1026 4625 Ps.·Hephaest.
1045 4557 1060 4624 §
1079 4558 1110 4610 1·
1132 4574 1158 4627 p.
1177 4561 1223 4612 ⁸22:
1251 4547 1292 4612 ὧν
1309 4558 1445 4612 ἁπάντων
1462 4567 1508 4622 (sc.
1527 4557 1587 4608 τῶν

368 4635 502 4701 ποιητῶν)
521 4641 567 4688 καὶ
585 4638 657 4708 πηγὴ
675 4643 721 4690 καὶ
739 4639 812 4711 ἀρχὴ
829 4639 844 4693 ὁ
864 4639 1027 4710 σοφώτατοι·
1037 4642 1168 4714 ‘'Opppos.
