3568 5238
996 428 1035 490 36

909 517 1116 525 ———-

396 652 531 716 Dionem
559 651 738 734 amplexum
767 669 836 714 esse
864 651 928 714 iarn
954 649 1027 715 inde
1051 649 1177 731 colligo,
1201 649 1283 731 quod
1306 652 1338 713 et
1362 669 1411 725 ea,
1435 668 1514 732 quae
1537 650 1611 712 hanc

395 755 507 819 Dionis
523 755 646 837 partem
663 753 854 837 praecedunt
865 751 950 832 (finis
969 752 1039 816 libri
1054 751 1223 828 XXXVII),
1234 755 1265 815 et
1280 770 1327 826 ea,
1348 771 1429 833 quaa
1445 755 1613 834 sequuntur

396 855 633 938 (xxxvfflal
646 859 739 937 sqq),
755 855 827 918 inde
844 855 1028 937 deprompta
1044 873 1113 918 esse
1126 858 1294 937 appareill.
1316 855 1397 919 Livii
1407 855 1540 936 vestigia
1549 873 1613 936 pro

397 960 443 1023 dit
465 959 561 1022 etiam
584 959 749 1021 universus
771 958 959 1021 narrationis
983 956 1066 1021 color
1081 956 1208 1022 Caesari
1230 957 1321 1021 valde
1343 958 1488 1039 iniquus,
1525 975 1613 1038 quem

395 1063 456 1126 Dio
479 1063 581 1125 virum
608 1060 729 1143 imperii
752 1059 968 1123 avidissimum
991 1059 1154 1136 describit,
1193 1077 1266 1124 oum
1290 1079 1477 1142 quacunque
1499 1059 1613 1123 ratione

396 1165 528 1228 consilia
548 1163 715 1227 ambitIosa
731 1162 770 1225 ad
786 1161 931 1226 effectum
947 1162 1116 1244 perducere
1140 1163 1276 1227 studeat.
1308 1163 1435 1226 Etenim
1451 1167 1487 1226 ut
1502 1163 1615 1241 graus·

397 1269 477 1331 sima
493 1266 706 1346 alteramque
723 1265 873 1328 maiorem
885 1269 1131 1346 consequeretur
1142 1267 1363 1330 auctoritatem
1372 1267 1614 1349 potentiamque,

396 1369 597 1452 cupidissime
624 1367 746 1449 legibus
773 1366 969 1430 multitudini
992 1367 1100 1449 aequis
1124 1386 1233 1432 auram
1256 1369 1439 1451 popularem
1463 1368 1615 1451 captabat,

396 1472 548 1536 nobilium
564 1470 696 1552 gratiam
713 1469 875 1552 promissis
891 1471 1218 1552 assentationibusque
1233 1472 1461 1554 aucupabatur,
1485 1471 1615 1550 demque

396 1575 519 1655 equites
557 1571 773 1653 rogationibus
813 1572 871 1636 sibi
910 1572 1061 1654 obligavit
1093 1573 1173 1656 (cap.
1209 1575 1237 1636 l.
1271 1575 1300 1635 2.
1335 1574 1382 1654 7),
1414 1592 1473 1637 nec
1505 1573 1615 1635 minus

396 1675 543 1740 utilitatis
566 1693 642 1738 suae
666 1674 769 1738 studio
793 1674 948 1738 adductus
969 1675 1025 1740 Cn.
1044 1674 1229 1757 Pompeium
1252 1680 1284 1739 et
1298 1676 1333 1740 L.
1349 1676 1496 1740 Pisonem
1518 1674 1618 1738 alfini-

396 1780 472 1843 tatis
494 1779 617 1842 vinculo
638 1777 697 1841 sibi
718 1778 894 1842 conciliavit
917 1783 997 1860 (cap.
1014 1778 1056 1860 9).
1111 1777 1177 1842 Nec
1200 1780 1303 1843 solum
1332 1779 1409 1861 ipse,
1441 1779 1495 1842 sed
1522 1777 1618 1840 etiam

396 1881 614 1945 ministrorum
641 1899 698 1963 ope
727 1882 818 1943 tanta
845 1879 973 1944 licentia
1002 1881 1243 1964 arrogantisque
1270 1901 1348 1945 usus
1376 1884 1438 1956 est,
1469 1882 1506 1943 ut
1534 1880 1618 1943 solus

396 1983 646 2066 gubernaculum
677 1983 721 2045 rei
754 1982 898 2065 publicae
929 1987 1036 2047 tenere
1068 1983 1227 2047 videretur
1258 1989 1353 2066 atque
1384 1983 1527 2047 homines
1556 2001 1617 2046 non

396 2087 548 2152 Bibulum
574 2089 608 2149 et
630 2085 811 2161 Caesarem,
834 2084 890 2149 sed
913 2085 947 2150 C.
970 2084 1137 2150 Caesarem
1160 2089 1193 2150 et
1214 2086 1333 2150 Iulium
1355 2086 1523 2151 Caesarem
1548 2103 1621 2148 con·

396 2191 482 2254 sules
506 2207 575 2252 esse
598 2207 654 2270 per
681 2187 852 2251 ludibrium
876 2187 1016 2251 dicerent
1041 2191 1120 2272 (cap.
1142 2191 1186 2270 8).
1246 2193 1351 2271 Atque
1383 2189 1460 2252 adeo
1488 2206 1621 2268 magna-

396 2293 520 2356 nimum
543 2310 576 2354 se
599 2294 632 2354 et
653 2290 814 2354 liberalem
838 2309 906 2354 esse
930 2291 1105 2368 simulavit,
1134 2293 1188 2356 sed
1211 2293 1250 2356 ab
1274 2293 1327 2367 iis,
1351 2292 1501 2374 quicum
1525 2289 1621 2354 offen·

396 2395 523 2469 derant,
552 2393 738 2476 plerumque
765 2394 875 2475 postea
904 2394 1097 2476 necopInatis
1124 2397 1287 2459 occasione
1315 2394 1390 2458 data
1417 2394 1620 2476 gravissimas

398 2515 514 2580 poenas
542 2495 676 2578 repetiit,
705 2496 800 2560 veluti
823 2495 968 2560 Clodium
989 2497 1022 2559 in
1046 2496 1228 2562 Ciceronem
1251 2497 1394 2560 incitavit
1417 2499 1511 2578 atque
1534 2493 1620 2559 omni

396 2600 490 2664 modo
506 2597 637 2670 adiuvit;
658 2597 784 2663 Clodius
797 2602 904 2662 autem
920 2599 1053 2676 Caesari,
1069 2601 1123 2684 qui
1139 2619 1172 2665 se
1189 2600 1334 2664 adulterii
1349 2618 1413 2662 non
1429 2600 1621 2673 accusasset,

396 2702 544 2766 Cicerone
571 2700 755 2765 insectando
784 2703 932 2764 mutuum
957 2704 1114 2783 praestitit
1140 2703 1277 2766 officium
1306 2704 1388 2784 (cap.
1414 2702 1463 2767 11.
1490 2703 1554 2780 12).

482 2803 585 2877 Adde,
625 2802 707 2885 quod
740 2822 790 2866 res
824 2805 905 2887 apud
940 2804 1074 2868 Dionem
1108 2809 1140 2869 et
1172 2807 1205 2868 in
1238 2806 1317 2869 Livii
1349 2805 1496 2888 perlocha
1527 2804 1620 2882 (103)

396 2905 505 2970 codem
544 2905 650 2969 ordine
690 2909 867 2969 narrantur.
922 2907 1033 2972 Finem
1068 2909 1153 2972 enim
1186 2909 1258 2974 libri
1292 2907 1455 2984 XXXVII,
1493 2905 1547 2969 ubi
1583 2906 1621 2970 dc

398 3008 598 3072 triumviratu
621 3008 733 3089 agitur,
756 3009 843 3072 initio
865 3009 937 3072 libri
957 3010 1125 3074 XXXVIII
1148 3031 1246 3093 aeque
1269 3013 1365 3093 atque
1389 3009 1472 3093 apud
1494 3009 1622 3072 Livium

396 3111 511 3193 excipit
543 3111 650 3191 legum
678 3112 873 3192 agrariarum
898 3113 1051 3188 narratio,
1085 3132 1164 3195 quas
1191 3115 1298 3178 Invitis
1325 3117 1437 3178 senatu
1466 3112 1622 3176 etaltera

397 3214 525 3278 consule
552 3213 666 3276 Bibulo
697 3213 778 3277 latas
811 3232 880 3277 esse
908 3215 1055 3297 periocha
1081 3219 1114 3280 et
1141 3216 1200 3281 Dio
1227 3215 1439 3280 consentiunt.
1488 3215 1621 3288 Deinde,

398 3334 593 3398 quamquam
621 3316 773 3379 nonnulla
801 3317 884 3399 apud
909 3317 1044 3381 Dionem
1072 3323 1151 3402 (cap.
1180 3321 1209 3381 8.
1234 3319 1266 3400 9)
1294 3318 1509 3393 intercedunt,
1537 3335 1620 3398 quae

397 3421 532 3502 epitome
555 3420 663 3500 utpote
687 3419 873 3499 gravissima
895 3422 1021 3484 tantum
1044 3420 1182 3485 referens
1202 3423 1315 3496 omisit,
1337 3423 1470 3502 uterque
1486 3419 1623 3500 scriptor

398 3521 470 3602 (Dio
492 3518 658 3584 XXXVIII
694 3521 747 3603 lo)
775 3521 809 3586 C.
832 3523 1004 3586 Antonium
1029 3524 1247 3606 proconsulem
1277 3523 1309 3586 in
1342 3523 1476 3586 Thracia
1506 3541 1622 3604 parum

397 3641 542 3707 prospere
576 3641 643 3686 rem
677 3624 811 3705 gessisse
839 3624 973 3688 exhibet.
1023 3624 1099 3688 Post
1119 3626 1211 3702 haec,
1245 3629 1283 3689 ut
1304 3645 1350 3700 ea,
1382 3643 1462 3707 quae
1490 3624 1549 3688 Dio
1583 3624 1622 3689 de

397 3727 526 3790 Antonii
546 3725 668 3790 iudiciis
695 3729 727 3790 et
754 3727 792 3790 de
804 3726 948 3792 Caesaris
969 3731 1083 3791 natura
1105 3727 1307 3810 moribusque
1328 3729 1462 3810 exponit,
1493 3727 1624 3790 omitta—

397 3847 481 3904 mus,
504 3828 617 3910 quippe
636 3847 715 3910 quae
731 3829 926 3912 epitomatori
941 3830 1058 3894 leviora
1073 3830 1140 3893 visa
1156 3832 1187 3893 et
1210 3831 1332 3894 silentIo
1355 3831 1524 3912 praeterita
1549 3849 1621 3894 esse

399 3931 661 3994 verisimillimum
695 3933 749 4008 sit,
783 3931 841 3996 Dio
865 3931 945 4015 (cap.
975 3932 1099 3994 12-17
1129 3935 1160 3996 et
1188 3934 1243 4014 30)
1271 3932 1369 3998 Clodii
1397 3952 1446 3996 res
1477 3936 1509 3996 et
1531 3933 1622 4016 leges

397 4033 552 4097 uberrime
569 4034 723 4110 describit,
740 4053 874 4116 quarum
897 4054 933 4099 ex
949 4054 1080 4100 numero
1097 4053 1166 4098 eam
1183 4037 1283 4100 solam
1299 4037 1467 4100 memoriae
1484 4035 1622 4118 prodidit

398 4136 593 4218 epitomator,
617 4155 679 4218 qua
699 4136 805 4201 Cicero
827 4139 860 4200 in
883 4138 1026 4202 exsilium
1049 4139 1166 4202 missus
1189 4143 1252 4212 est;
1276 4142 1359 4202 carte
1383 4139 1467 4202 enim
1489 4139 1568 4202 haec
1593 4140 1620 4202 ei

397 4238 534 4302 maxime
557 4239 769 4304 memorabilis
794 4239 997 4322 videbatnrl).
1033 4240 1175 4322 Denique
1191 4241 1250 4304 Di0
1272 4245 1345 4324 post
1360 4240 1460 4306 Clodii
1480 4240 1622 4304 facinora

467 4413 487 4476 ¹)
506 4409 540 4464 cf.
558 4407 697 4464 Grasshof
710 4409 728 4463 l.
746 4425 769 4463 e.
787 4425 813 4479 p.
833 4409 866 4462 13
884 4425 955 4478 rqq.;
975 4408 1040 4462 Ern.
1059 4407 1187 4463 Schmidt
1205 4409 1223 4463 l.
1241 4426 1264 4464 c
1284 4427 1309 4480 p.
1328 4411 1346 4465 8
1363 4426 1420 4479 sqq.

467 4497 490 4559 ²)
509 4494 663 4560 Sermones,
685 4493 733 4564 qui
756 4493 828 4548 inter
845 4494 1004 4548 Ciceronem
1022 4495 1145 4549 exsulem
1168 4500 1196 4549 et
1213 4495 1365 4550 Philiscum
1384 4493 1521 4562 quendam
1538 4493 1620 4560 fiunt,

396 4585 492 4634 utrum
516 4579 591 4650 apud
608 4579 719 4633 Livium
737 4578 917 4635 adumbratos
935 4580 1032 4650 legerit
1046 4580 1103 4635 Dio
1121 4597 1156 4634 au
1174 4579 1286 4635 aliunde
1303 4579 1484 4646 arcessiverit,
1502 4579 1621 4649 denique

396 4680 483 4719 suone
506 4664 616 4735 ingenio
639 4663 762 4732 finxerit,
784 4665 886 4735 quippe
908 4665 957 4736 qui
974 4665 1033 4735 ipse
1051 4672 1109 4721 arte
1126 4665 1261 4722 rhetorica
1279 4683 1314 4722 ox
1333 4682 1408 4721 more
1425 4665 1500 4720 illius
1519 4665 1619 4720 aetatis
