3598 5226
793 431 855 496 109

210 631 368 722 ληπτέος·
402 626 473 702 ἀπὸ
494 631 595 720 μόνου
616 629 678 722 γὰρ
704 631 760 704 οὐκ
782 633 851 704 ἔστι
878 634 997 726 μέτρον
1006 642 1030 719 1)
1059 641 1123 703 τῶν
1149 637 1316 725 ῥηθέντων
1343 641 1430 719 (dicti

211 741 319 804 autem
335 732 535 825 οιιο1ἡρῷος,
550 733 678 824 ἴαμβος,
694 743 855 829 τροχαῖος)
872 744 1013 828 ῥυθμῶν.
1020 741 1046 824 1)
1090 739 1181 820 Quod
1195 743 1310 826 repetit
1323 742 1432 810 Cicero

211 864 230 900 s
254 841 340 908 Orat.
358 842 434 906 194:
458 844 600 920 „iambus
623 847 706 911 enim
729 849 760 911 et
775 845 919 928 dactylus
940 845 973 908 in
994 863 1120 910 versum
1141 845 1260 910 eadunt
1281 847 1431 924 maxime

210 943 317 1027 itaque
350 947 387 1009 nt
409 965 533 1010 versum
560 947 698 1030 fugimus
721 949 751 1013 in
776 948 927 1024 oratione,
961 947 1006 1012 sic
1033 948 1067 1012 hi
1094 949 1169 1012 sunt
1196 948 1334 1014 evitandi
1360 969 1433 1015 oon·

211 1048 324 1112 tinuati
346 1049 467 1133 pedes.
496 1097 502 1112 .
530 1069 652 1134 .paean
676 1054 782 1116 autem
804 1052 932 1116 minime
956 1054 1005 1116 est
1027 1051 1119 1134 aptus
1143 1051 1182 1115 ad
1204 1070 1346 1130 versum3
1371 1073 1432 1135 quo

211 1149 359 1215 libentius
393 1171 466 1217 eum
496 1155 613 1237 recepit
640 1156 738 1220 oratio
766 1204 773 1218 .
810 1203 816 1218 .
849 1203 856 1216 .
886 1157 980 1236 atque
1008 1153 1101 1232 haee,
1136 1171 1216 1236 quae
1244 1157 1318 1220 sunt
1349 1156 1431 1240 apud

211 1253 423 1333 Aristotelem,
446 1256 557 1321 eadem
580 1276 599 1321 a
620 1258 831 1341 Theophrasto
854 1257 1091 1339 Theodecteque
1119 1257 1157 1324 de
1180 1275 1300 1341 paeane
1323 1258 1432 1324 dicun·

211 1357 292 1420 tnr.“
337 1357 385 1424 Of.
407 1359 481 1424 ibid.
505 1361 567 1423 218
590 1362 645 1442 (z
666 1361 770 1425 Rufin.
794 1381 823 1444 p.
848 1362 918 1439 571,
943 1360 1067 1424 10-16
1090 1360 1152 1445 Κ);
1179 1360 1309 1441 Quintil.
1332 1363 1432 1442 1114,

212 1459 269 1534 89;
292 1460 398 1526 Rufini
420 1481 529 1527 versus
551 1484 581 1547 p.
606 1464 676 1542 565,
699 1466 740 1527 22
764 1484 831 1547 sqq.
855 1463 893 1528 Κ.

297 1561 387 1644 Quod
410 1565 589 1632 Demetrius
613 1591 632 1626 c
656 1568 694 1632 de
717 1568 792 1632 eloe.
815 1569 833 1650 §
857 1569 898 1631 38
921 1567 981 1630 ait:
1016 1562 1171 1645 σύνθεσις
1198 1563 1236 1632 δὲ
1263 1566 1433 1654 μεγαλα-

213 1663 381 1752 προπής,
409 1662 454 1745 ὥς
475 1689 574 1756 φησιν
591 1661 822 1757 Ἀριστοτέλης,
846 1663 866 1755 ἡ
887 1665 1061 1755 παιωνική,
1085 1669 1163 1735 illud
1183 1668 1435 1758 μεγαλοπρεπής

215 1770 271 1832 aut
292 1789 330 1834 ex
344 1771 521 1837 Aristotelis
544 1773 620 1851 loco,
642 1793 737 1856 quem
759 1773 851 1838 modo
873 1773 1031 1855 exscripsi,
1053 1773 1159 1838 elicuit
1180 1773 1270 1854 (sane
1290 1775 1343 1840 ille
1366 1777 1434 1857 qui·

214 1871 286 1937 dem
302 1893 455 1956 paeanem
477 1876 595 1941 iudicat
613 1877 652 1940 ad
669 1879 813 1941 ornatum
837 1876 959 1942 dicendi
975 1894 1074 1958 genus
1095 1875 1367 1943 accommodatum
1374 1879 1434 1963 8)),

213 1977 268 2040 aut
291 1976 453 2061 deperdito
477 1979 602 2045 cuidam
625 1981 704 2045 libro
728 1979 828 2061 (velut
846 1979 1052 2062 Theophrasti
1074 1976 1151 2066 περὶ
1166 1975 1433 2063 λέξαως1151ο*))

214 2078 314 2144 dehet
357 2082 508 2165 Amplum
535 2085 642 2148 autem
668 2101 737 2147 esse
763 2100 885 2166 paeana
912 2082 1019 2148 Cicero
1052 2100 1176 2164 quoque
1205 2083 1313 2148 auctor
1344 2083 1393 2148 est
1414 2107 1434 2142 s

214 2179 300 2246 Orat.
336 2185 397 2247 196
431 2185 488 2268 (=
509 2186 614 2250 Rufin.
642 2207 671 2270 p.
695 2185 826 2263 57117
850 2185 911 2268 Κ);
950 2184 1245 2266 ,‚lreqnentissimus
1269 2188 1349 2251 est.
1383 2235 1390 2249 .
1425 2234 1433 2250 .

214 2303 314 2366 paean
342 2334 350 2349 .
374 2335 382 2350 .
406 2335 413 2351 .
435 2289 469 2352 in
495 2289 778 2372 amplioribus.“
824 2287 926 2366 Quare
950 2289 1086 2354 similem
1109 2289 1175 2353 eius
1198 2286 1342 2354 ellechsm
1365 2307 1434 2354 esse

215 2390 310 2469 atque
344 2389 430 2456 heroi
462 2394 494 2456 et
524 2392 629 2457 cretici
659 2392 793 2474 legimus
824 2390 906 2473 apud
938 2390 1074 2456 eundem
1098 2415 1116 2449 s
1140 2390 1178 2456 de
1201 2393 1278 2456 orat.
1301 2391 1350 2454 ΠΙ
1374 2393 1432 2456 191

214 2487 268 2574 l:
290 2491 393 2557 Rufin.
417 2515 448 2578 p.
471 2495 544 2572 559,
566 2495 605 2557 21
623 2494 683 2578 Κ);
707 2496 891 2573 „verborum
914 2493 1031 2560 iunctio
1052 2496 1200 2559 nascatur
1223 2513 1242 2558 a
1262 2496 1434 2576 proceris

214 2597 352 2660 numeris
375 2615 411 2662 ao
433 2597 584 2675 liberis,
606 2598 740 2662 maxime
763 2598 856 2663 heroo
879 2599 935 2662 aut
956 2615 1073 2681 paeone
1094 2597 1196 2679 priore
1223 2600 1278 2662 aut
1299 2599 1433 2666 eretico“

215 2699 247 2760 et
269 2699 351 2782 apud
373 2700 551 2783 Longinum
573 2723 592 2758 s
615 2701 709 2766 Rhet.
732 2700 785 2765 Gr.
807 2701 825 2765 1
847 2700 918 2778 326,
940 2700 1037 2784 3Sp.:
1060 2692 1111 2764 ὅτι
1134 2689 1192 2784 χρὴ
1214 2695 1248 2763 ἐν
1268 2702 1343 2780 ταῖς
1364 2722 1436 2767 συν-

213 2795 335 2885 θήκαις
355 2805 421 2867 τῶν
441 2799 553 2868 κώλων
574 2793 724 2890 εὐπρεπῆ
745 2794 827 2868 εἶναι
848 2795 907 2891 τὴν
929 2800 1016 2883 λέξιν
1037 2799 1093 2866 καὶ
1113 2794 1172 2888 τὴν
1194 2800 1357 2892 συνθήκην
1378 2796 1436 2870 οὐκ

215 2891 435 2989 ἀνάρμοστον,
464 2899 510 2985 ὦς
532 2898 571 2970 tv
591 2901 742 2984 παίωνας
763 2898 844 2972 εἶναι
866 2904 922 2972 καὶ
944 2899 1065 2994 deleve
1086 2899 1162 2983 τοὺς
1184 2900 1372 2988 πλείστους,
1401 2904 1438 2988 ἐξ

215 2989 261 3069 ὧν
283 2999 442 3094 εὔογκος
463 3003 482 3096 ἡ
506 3004 654 3098 ἑρμηνεία
676 3004 798 3094 γίνεται
821 3007 876 3075 καὶ
900 3005 1030 3092 σεμνή.
1083 3008 1194 3090 Neque
1217 3008 1248 3072 iu
1273 3029 1437 3076 enumera·

215 3107 298 3174 tione
329 3112 466 3194 pedum,
500 3114 552 3195 qui
575 3133 612 3177 ex
638 3114 846 3196 Hermogenis
870 3114 1028 3178 senhntia
1054 3111 1094 3177 ad
1116 3105 1295 3197 σεμνότητα
1318 3113 1435 3196 aliquid

216 3211 381 3279 conferunt
403 3217 446 3300 (p.
469 3218 542 3294 229,
567 3217 606 3280 12
629 3217 669 3279 W
690 3244 733 3273 =
754 3217 826 3293 294,
849 3217 890 3280 29
914 3215 990 3300 Sp),
1011 3233 1113 3299 paean
1134 3215 1300 3280 omittitur.

303 3316 399 3384 Cuius
422 3321 584 3401 gravitatis
605 3338 717 3384 causas
742 3338 816 3384 eum
837 3318 1115 3402 circumspicimus,
1137 3319 1270 3384 alteram
1289 3319 1437 3403 exipsius

215 3418 303 3501 pedis
324 3424 439 3487 natura
460 3423 592 3505 petitam
615 3421 718 3487 adfert
733 3423 912 3488 Demetrius
927 3423 998 3504 §41
1014 3420 1273 3506 Theophrastum,
1298 3424 1333 3487 ut
1352 3422 1437 3488 ride-

215 3522 277 3599 tur,
311 3527 470 3591 auctorem
499 3528 640 3591 secutus:
676 3517 879 3611 παραλαβών
908 3522 1020 3608 μέντοι
1053 3519 1307 3612 (παραλάβωμεν
1332 3519 1437 3591 τοίνυν

217 3623 364 3708 Spengel)
387 3618 442 3692 τὸν
464 3623 599 3694 παίωνα
620 3623 668 3708 εἷς
689 3625 766 3707 τοὺς
787 3623 913 3714 λόγους,
940 3617 1057 3713 ἐπειδὴ
1077 3623 1195 3711 μικτός
1214 3621 1265 3704 τίς
1288 3623 1437 3694 ἐστικαὶ

287 3901 308 3970 1)
327 3901 441 3957 Omnino
459 3901 514 3958 ulla
531 3907 620 3958 metra
638 3918 653 3958 e
672 3902 821 3973 paeonibus
839 3900 898 3956 fieri
916 3901 1078 3957 Aristoteles
1096 3917 1196 3971 negare
1214 3918 1268 3958 non
1287 3902 1391 3972 debuit,
1411 3921 1436 3961 v.

217 3985 362 4044 Christinns
380 3986 494 4044 Men-ne
521 4005 547 4057 p.
564 3990 623 4043 395.

287 4072 308 4140 ²)
325 4072 476 4129 thidericus
490 4074 569 4128 Blass
586 4075 658 4142 (stt.
670 4073 781 4128 Bereds.
801 4072 827 4126 11
846 4075 906 4142 136)
926 4077 1007 4142 putat
1025 4073 1096 4130 hanc
1108 4074 1265 4130 Aristotelis
1283 4072 1436 4129 doctrinam

217 4157 308 4226 potius
326 4173 359 4213 ax
378 4175 428 4215 usu
446 4165 588 4216 oratorum
606 4174 666 4215 esse
685 4159 809 4213 haustam
829 4173 909 4226 qnam
928 4159 979 4227 ipsi
999 4159 1059 4214 usui
1078 4159 1253 4229 temperando
1271 4163 1300 4214 et
1317 4158 1436 4230 regendo

216 4242 391 4301 dalinatam.
426 4247 519 4315 Magis
544 4251 635 4302 antem
662 4243 729 4299 mihi
752 4243 856 4300 arridet
880 4245 949 4314 quod
967 4244 1099 4314 Georgius
1119 4245 1215 4302 Wucst
1240 4246 1286 4316 (ds
1312 4247 1437 4304 elansrrla

217 4328 415 4388 rhetoricaetc.
433 4333 515 4402 1197)
533 4331 636 4388 indicat
653 4329 803 4400 stagiritae
822 4335 970 4400 praecepta
987 4331 1078 4400 potius
1096 4347 1111 4387 e
1130 4332 1334 4402 „philosophica
1352 4333 1436 4390 ratlo

217 4415 373 4472 unedone·
391 4416 508 4474 fluxisse.

286 4504 308 4572 ι)
328 4521 354 4558 r.
371 4502 513 4572 Hugonem
539 4503 617 4560 hiera
643 4503 686 4559 ‘de
714 4507 807 4560 aetate
833 4507 863 4558 st
890 4503 1021 4577 scriptore
1044 4504 1106 4560 lihri
1133 4505 1179 4574 qui
1202 4503 1288 4560 lartur
1305 4503 1437 4560 Demetrii

218 4586 345 4644 Phalerei
361 4593 426 4660 περὶ
443 4589 590 4662 dpppvslae'
609 4589 682 4658 (diss.
701 4588 813 4645 Vratisl
833 4591 910 4660 1880)
928 4606 953 4659 p.
972 4592 1014 4646 21.

285 4673 306 4740 ⁴)
325 4694 350 4732 r.
369 4674 398 4731 G.
416 4675 546 4732 Hammer
567 4675 728 4732 ‘Demetrius
746 4679 810 4749 περὶ
828 4676 974 4750 dpppvslac’
993 4676 1168 4744 (Landishutl
1188 4678 1269 4746 1882)
1286 4691 1311 4746 p.
1329 4677 1372 4732 21.
