3634 5218
951 418 990 484 18

513 643 590 710 Min.
613 645 665 723 25,
691 647 706 707 l
732 663 799 727 sqq.
994 643 1076 708 Tert.
1096 644 1186 726 Apol.
1201 645 1242 708 25
1258 645 1279 708 l.
1296 664 1322 709 c.
1338 665 1367 728 p.
1385 643 1456 720 115,
1473 645 1492 706 3
1508 661 1576 726 sqq.

444 748 525 812 lat
547 749 675 815 tamen
695 748 772 812 ista
793 746 875 831 ipsa
894 767 951 813 su·
1080 745 1151 811 Sed
1197 765 1307 830 quam
1350 764 1486 812 vanum
1521 748 1581 812 est

363 851 548 934 perstitio
596 851 776 916 Romanis
833 850 950 928 dedit,
993 847 1198 932 fastigium
1225 847 1384 916 Romani
1417 848 1580 913 nominis

364 954 484 1032 auxit,
522 951 705 1018 fundavit
739 953 951 1037 imperium,
994 945 1272 1034 religiositatis
1295 952 1445 1018 meritis
1469 951 1581 1035 depu-

363 1075 447 1122 cum
473 1075 546 1121 non
578 1057 653 1120 tam
676 1057 818 1122 virtute
842 1075 951 1140 quarn
995 1059 1089 1133 tare,
1123 1074 1197 1120 curn
1226 1059 1298 1140 post
1323 1055 1490 1140 imperium
1517 1054 1581 1120 sive

364 1158 556 1240 religione
590 1161 627 1223 et
657 1158 804 1242 pietate
835 1158 953 1243 polle-
996 1157 1099 1223 adhuc
1120 1177 1253 1240 regnum
1276 1159 1384 1242 religio
1406 1156 1580 1242 profecerit.

364 1263 461 1325 rent.
493 1261 642 1326 nimirum
674 1261 806 1343 insignis
840 1265 872 1327 et
898 1279 952 1327 no·
994 1265 1061 1345 Age
1106 1261 1184 1339 iam,
1226 1262 1320 1327 rebus
1361 1261 1470 1344 religio
1512 1279 1582 1343 pro·

365 1364 436 1428 bilis
473 1364 595 1429 iustitia
625 1365 769 1431 Romana
806 1365 845 1430 ab
876 1363 951 1449 ipsis
995 1363 1127 1430 fecerit?
1158 1363 1241 1431 Nam
1265 1365 1323 1429 etsi
1346 1364 1486 1429 aNuma
1508 1381 1582 1428 con·

364 1467 487 1550 imperii
538 1468 697 1532 nascentis
753 1468 952 1533 incunabulis
996 1469 1088 1550 cepta
1110 1468 1158 1532 est
1177 1467 1341 1532 euriositas
1355 1466 1581 1552 superstitiosa,

366 1571 529 1653 auspicata
557 1571 614 1634 est.
644 1572 663 1632 2
691 1587 793 1636 nonne
821 1572 853 1634 in
882 1572 952 1635 ortu
996 1569 1136 1635 nondum
1170 1573 1278 1635 temen
1311 1573 1368 1634 aut
1405 1569 1581 1635 simulacris

367 1693 423 1738 suo
446 1675 479 1738 et
501 1673 617 1738 scelere
641 1673 763 1738 collecti
786 1675 816 1737 et
838 1673 952 1738 muniti
997 1675 1053 1738 aut
1075 1672 1201 1755 templis
1225 1691 1274 1738 res
1297 1672 1401 1738 divina
1424 1672 1507 1756 apud
1521 1672 1583 1736 Ro·

366 1775 572 1840 immanitatis
600 1795 676 1842 suae
703 1779 820 1842 terrore
849 1794 954 1842 orere-
995 1793 1108 1840 manos
1137 1776 1310 1842 constabat
1358 1777 1453 1858 Frugi
1476 1774 1582 1857 religio

365 1881 461 1943 runt?
499 1896 573 1942 nam
607 1880 693 1962 asylo
729 1880 831 1962 prima
863 1879 953 1962 plebs
997 1880 1029 1944 et
1051 1896 1205 1962 pauperes
1227 1879 1306 1944 ritus
1329 1881 1361 1943 et
1383 1878 1471 1944 nulla
1492 1877 1584 1960 Capi·

366 1983 557 2064 congregata
573 1983 636 2045 est:
653 1981 871 2048 confluxerunt
885 2000 954 2066 per·
997 1981 1074 2045 tolie
1104 1983 1258 2045 certantia
1290 1982 1329 2046 ad
1357 1982 1493 2058 caelum,
1528 1979 1582 2044 sed

367 2083 438 2160 diti,
471 2083 651 2161 facinerosi,
684 2085 810 2159 incesti,
842 2085 953 2162 sicarii,
997 2084 1164 2149 temeraria
1187 2083 1224 2149 de
1247 2084 1384 2168 caespite
1407 2083 1529 2161 altaria,
1552 2085 1584 2147 et

365 2187 554 2270 proditores,
581 2190 614 2251 et
641 2190 677 2251 ut
706 2188 771 2271 ipse
799 2188 954 2254 Romulus
998 2205 1073 2252 vasa
1100 2184 1202 2250 adhuc
1231 2187 1351 2266 Samia,
1379 2190 1410 2252 et
1437 2185 1525 2252 nidor
1547 2204 1584 2250 er

367 2291 538 2372 imperator
582 2293 614 2355 et
656 2293 759 2355 rector
802 2291 953 2376 populum
999 2290 1078 2366 illis,
1123 2293 1155 2352 et
1199 2289 1277 2354 deus
1313 2291 1380 2374 ipse
1416 2307 1582 2370 nusquam

368 2412 462 2457 suum
487 2391 623 2456 facinore
645 2394 861 2477 praecelleret,
885 2411 955 2476 par·
999 2392 1147 2457 Nondum
1198 2391 1281 2457 enim
1332 2396 1407 2458 tnnc
1460 2392 1585 2475 ingonia

368 2494 512 2559 rieidium
540 2493 623 2560 feeit.
651 2495 731 2562 haee
756 2498 859 2581 prima
880 2499 956 2560 sunt
1000 2495 1192 2560 Graecorum
1215 2498 1310 2577 atque
1332 2496 1505 2560 lineorum
1527 2494 1585 2559 lin·

369 2597 509 2681 auspicia
521 2596 684 2686 religiosae
696 2599 955 2664 civitatisssmox
999 2598 1109 2680 gendis
1140 2597 1317 2662 simulacris
1352 2598 1461 2662 urbem
1494 2598 1584 2662 inun-

369 2701 489 2766 alienas
506 2701 642 2784 virgines
658 2702 723 2768 iarn
738 2703 955 2786 desponsatos,
1000 2701 1158 2765 davernnt.
1203 2700 1300 2783 llrgo
1328 2720 1400 2767 non
1423 2704 1512 2766 aute
1533 2720 1585 2765 re·

371 2958 471 3013 Omnes
489 2957 662 3012 consentiunt
673 2957 888 3013 christianorum
907 2957 987 3010 donor
1004 2957 1113 3024 populis
1130 2971 1214 3024 regna
1226 2955 1359 3025 divisisse3
1378 2963 1460 3025 atque
1473 2956 1586 3011 eundem

371 3043 503 3098 Romanis
525 3042 667 3112 imperium
690 3042 804 3099 dedisse.
842 3044 876 3097 ol.
899 3042 966 3096 Min.
990 3043 1033 3105 25,
1059 3045 1105 3110 12;
1130 3043 1204 3097 Tert.
1224 3043 1302 3116 Apol.
1320 3044 1367 3109 253
1393 3041 1531 3111 Theophil.
1550 3041 1585 3096 ad

371 3129 461 3183 Autol.
481 3127 643 3196 11126sq.;
662 3143 735 3182 orac.
755 3129 846 3199 Sibyll.
865 3127 906 3182 111
926 3129 976 3182 158
993 3143 1064 3195 sqq.;
1083 3128 1120 3181 lV
1138 3128 1173 3180 49
1190 3143 1260 3196 sqq.;
1280 3128 1348 3184 vul
1365 3129 1382 3181 6
1398 3143 1453 3198 sqq.
1489 3126 1586 3194 ltaque

371 3231 423 3270 non
447 3215 568 3284 cogimur
590 3220 714 3269 statuere
736 3213 855 3270 Minucio
878 3219 989 3269 auctore
1012 3212 1207 3268 Tertullianum
1227 3212 1494 3284 ‘praesumptionem’
1512 3212 1586 3268 illam

372 3300 513 3356 refellisse.
537 3329 570 3339 -
593 3299 712 3356 Ebertus
730 3300 757 3370 (l.
776 3317 799 3354 e.
819 3317 843 3370 p.
862 3298 925 3368 353)
949 3299 1054 3354 monuit
1071 3296 1242 3367 apologetici
1265 3299 1409 3369 capits‘lt
1427 3299 1586 3354 etatem

371 3387 419 3456 eis,
439 3401 508 3452 quae
527 3390 591 3440 ante
604 3385 787 3441 Tertullianus
806 3385 943 3452 disseruit,
960 3385 1004 3440 vix
1022 3384 1167 3439 cohaerere
1186 3391 1214 3440 et
1233 3385 1327 3454 inepta
1344 3401 1427 3441 musa
1439 3384 1583 3439 Tertullia-

372 3489 434 3528 num
458 3477 561 3526 rnoturn
586 3487 614 3526 se
637 3487 696 3526 esse
719 3471 831 3536 dixisse,
859 3476 890 3526 ut
913 3471 949 3525 ad
976 3476 1059 3538 eaput
1086 3471 1121 3523 25
1148 3471 1289 3539 transiret;
1317 3471 1377 3526 vide
1403 3472 1491 3526 locam
1520 3471 1587 3524 Ter·

373 3559 478 3612 tulliam
501 3558 581 3627 paulo
606 3563 671 3613 ante
693 3557 866 3626 exscriptum.
908 3555 984 3624 Quae
1008 3557 1135 3611 transitio
1158 3557 1279 3624 quamvis
1300 3572 1397 3625 parum
1421 3557 1517 3612 sollers
1543 3557 1588 3626 sit,

371 3644 451 3702 vania
479 3649 570 3700 tamen
597 3644 688 3699 danda
715 3650 758 3699 est
780 3642 961 3708 Tertulliano,
989 3641 1034 3710 qui
1057 3641 1085 3696 in
1108 3643 1285 3711 apologetico
1308 3644 1491 3712 componendo
1516 3641 1588 3700 haud

372 3732 485 3786 multum
504 3730 635 3800 temporis
654 3730 850 3800 consumpserit
870 3728 975 3796 (ubere
996 3729 1046 3783 l.e.
1064 3746 1091 3797 p.
1103 3730 1180 3798 351);
1198 3735 1281 3796 atque
1299 3730 1383 3784 etiam
1400 3730 1469 3784 allos
1486 3728 1589 3784 similes

372 3817 505 3873 transitus
530 3815 662 3871 excidisse
686 3814 848 3870 Tertulliani
872 3813 978 3868 calamo
1000 3817 1057 3883 ipse
1082 3813 1200 3868 libertus
1222 3813 1356 3868 concessit
1380 3815 1410 3881 (l.
1434 3829 1455 3872 t.
1480 3831 1506 3884 p.
1529 3815 1588 3880 att,

372 3904 437 3966 348,
460 3902 533 3972 ata).
570 3903 665 3969 Neque
688 3901 789 3956 oblitus
808 3906 850 3956 est
868 3900 1066 3968 Tertullianus,
1094 3899 1140 3954 ubi
1158 3899 1422 3968 ‘praesumptionem'
1447 3901 1521 3954 illam
1540 3900 1588 3953 lm-

373 3994 489 4058 pngnat‚
513 3993 577 4044 ante
600 3989 768 4056 propositum
791 3987 841 4042 sibi
867 3986 950 4042 luisse
969 3985 1079 4041 ‘crimen
1097 3985 1188 4040 lassae
1215 3985 1354 4041 Murenae
1375 3985 1524 4054 religionis·
1543 3985 1589 4040 de·

373 4075 492 4131 l'endere.
514 4075 547 4128 el.
558 4074 663 4128 Hartel.
674 4075 690 4126 l.
704 4090 727 4129 e.
737 4089 763 4142 p.
772 4073 832 4139 357,
850 4073 970 4138 ‘aa-aq
989 4070 1152 4140 Tertdpol.
1162 4073 1240 4126 Tiin.
1268 4071 1393 4128 Ceterum
1403 4071 1473 4127 scite
1482 4071 1591 4138 scripsit

373 4161 407 4216 ll.
431 4159 597 4217 Roeusohius
621 4159 677 4216 Das
702 4175 771 4214 neue
796 4157 916 4214 Testem.
941 4157 1015 4213 Tert.
1039 4156 1114 4226 Lips.
1138 4159 1205 4212 1811
1230 4173 1256 4226 p.
1275 4159 1310 4211 ³0
1328 4158 1407 4214 haee:
1429 4157 1529 4213 ‘Weun
1545 4156 1589 4212 dia

374 4237 537 4315 Uborgauge
562 4246 606 4301 bei
629 4245 685 4300 ihm
709 4245 786 4300 nieht
809 4261 840 4300 so
857 4244 1047 4312 schrrlgereeht
1066 4243 1119 4298 und
1137 4243 1247 4312 elegant
1263 4243 1322 4299 sein
1340 4243 1452 4310 sollten,
1479 4244 1528 4300 uis
1547 4242 1590 4298 lroi

374 4333 474 4387 Minue.
493 4332 582 4400 Felix,
608 4348 638 4387 so
660 4331 745 4386 findet
767 4331 851 4386 deren
869 4329 959 4384 Kurae
976 4367 983 4380 .
1003 4372 1009 4384 .
1028 4371 1034 4384 .
1052 4329 1111 4384 ilrre
1128 4329 1286 4400 Erklirung
1303 4330 1331 4385 in
1349 4329 1410 4384 dem
1429 4329 1589 4385 Gadanlrsn·

374 4417 524 4473 reiehtlrum
543 4419 591 4472 des
610 4416 824 4473 Schriitstellers
842 4416 897 4472 und
915 4417 941 4471 in
960 4416 1062 4470 seiuem
1080 4415 1245 4481 Beatreben,
1263 4415 1336 4471 solelr
1354 4413 1591 4484 dbemtrdmender

376 4501 453 4558 Folle
470 4503 497 4557 in
515 4503 564 4558 der
583 4504 728 4558 kdrzesten
746 4503 827 4558 Form
848 4501 943 4557 Worte
960 4517 993 4556 au
1011 4501 1109 4569 geben,
1127 4503 1198 4557 olna
1216 4501 1258 4556 uei
1277 4503 1329 4556 deu
1346 4507 1476 4557 tursarco
1493 4499 1590 4556 Binda

375 4589 482 4645 mitteln
502 4588 550 4644 der
568 4589 709 4645 einzelnen
728 4589 823 4644 Thalle
841 4589 898 4644 sicli
916 4589 1012 4656 tunger
1031 4588 1215 4654 aulrnhalteu,
1234 4589 1274 4644 als
1293 4589 1361 4646 eben
1380 4587 1528 4658 unledingt
1541 4603 1590 4642 von

376 4675 484 4732 nornen
501 4675 575 4732 war’.
