3514 5244
924 368 966 430 62

324 564 465 646 sormtdo
494 583 551 624 suo
578 563 711 640 mitteret,
745 559 777 624 in
807 560 922 642 quibus
951 578 1048 642 quam
1075 567 1152 644 apte
1180 567 1306 645 tempus
1338 559 1562 643 imperfectum

333 667 487 752 perlectis
511 686 595 750 quae
610 665 810 750 praecedunt
824 674 1014 750 opponatur,
1039 665 1136 732 facile
1151 665 1356 750 intellegitur.
1372 703 1415 713 -
1431 666 1561 749 egregie

332 775 364 836 Il
388 778 416 856 b,
440 776 470 858 6,
498 774 552 838 ubi
576 774 692 856 reliqui
716 774 788 838 libri
813 780 883 838 aut:
912 775 997 838 boec
1024 776 1167 860 quidem
1195 776 1247 838 uel
1273 777 1418 838 esurienti
1440 776 1482 838 ad
1503 777 1563 838 istu

333 883 516 944 nummulum
542 889 586 945 eat
610 881 669 965 (ita
693 879 764 964 Ppl
793 888 850 945 aut
872 889 905 945 et
927 883 1014 968 quid
1040 918 1065 926 -
1087 919 1110 926 -
1130 917 1155 928 -
1174 917 1199 928 -
1225 883 1407 946 metiendam
1437 889 1481 945 est
1504 881 1563 956 (ita

331 987 409 1070 gM
433 989 535 1070 Argb
559 988 585 1052 L
605 1000 632 1066 r)
662 997 718 1052 aut
747 986 865 1051 similia
897 987 1032 1062 habent,
1065 990 1116 1052 Ec
1149 989 1233 1072 quid
1264 988 1297 1052 in
1328 987 1368 1050 W
1401 994 1562 1052 servatum

334 1102 395 1178 est,
429 1094 515 1176 quod
548 1096 653 1179 ipsum
686 1094 871 1160 coniectura
904 1102 1074 1160 assecutus
1105 1102 1155 1159 est
1181 1093 1366 1176 Madvigius
1405 1093 1450 1176 (II
1474 1092 1562 1178 468).

334 1202 418 1266 idem
456 1220 630 1284 pronomen
663 1201 697 1266 in
726 1200 890 1266 codicibus
922 1200 1113 1285 saepissime
1144 1200 1374 1285 corruptum-⁶⁵)
1407 1200 1448 1264 W
1476 1199 1564 1266 solus

335 1309 477 1374 servavit
501 1308 598 1372 etiam
622 1308 669 1371 lll
693 1311 723 1390 Ξ),
746 1311 781 1372 4:
807 1310 962 1390 Ecquis
986 1311 1086 1371 caitus
1110 1315 1155 1372 est
1176 1310 1283 1372 melior
1305 1329 1395 1391 mmm
1418 1311 1450 1372 in
1465 1311 1564 1390 finem

333 1437 423 1480 sottum
456 1423 570 1478 rectore
601 1417 736 1479 solvente
761 1415 877 1479 delebit
906 1421 938 1478 ct
961 1413 1013 1478 hio
1040 1434 1167 1497 quoque
1194 1413 1273 1496 quid
1296 1413 1500 1480 scribendum
1522 1414 1566 1480 sit

334 1520 519 1604 Madvigius
542 1522 701 1586 intellexit
725 1522 769 1602 (Il
793 1523 882 1602 472).
906 1557 949 1568 -
973 1521 1006 1585 in
1030 1521 1145 1586 eadem
1169 1521 1309 1605 epistula
1332 1525 1365 1602 (ξ
1381 1521 1416 1607 3)
1442 1525 1563 1602 iuuat,

335 1628 422 1710 quod
446 1637 496 1694 est
520 1629 552 1692 in
566 1628 614 1710 W,
639 1628 766 1711 vulgari
790 1628 921 1694 lectioni
945 1629 1042 1692 turbet
1064 1627 1152 1692 haud
1176 1627 1273 1694 dubie
1293 1635 1450 1714 praestat.
1479 1648 1563 1712 quae

335 1734 495 1818 quomodo
520 1743 590 1798 orta
615 1735 657 1800 sit
680 1735 860 1818 intelleges,
885 1735 913 1800 si
927 1735 1128 1818 reputaveris
1143 1734 1176 1798 in
1199 1756 1220 1818 p
1235 1736 1344 1816 jubat
1366 1735 1442 1819 legi,
1468 1735 1565 1818 qnod,

337 1853 371 1906 ut
395 1841 598 1907 Chatelainio
622 1842 726 1906 visum
751 1848 808 1924 est,
833 1841 865 1904 in
880 1843 987 1922 jobet
1007 1842 1144 1906 mutavit
1159 1861 1272 1908 manus
1289 1844 1327 1924 2.,
1352 1843 1385 1907 in
1399 1843 1431 1906 M
1445 1844 1564 1923 iubet,

336 1947 423 2031 quod
446 1955 479 2014 et
502 1949 607 2033 ipsum
630 1968 728 2012 manu
752 1946 895 2014 secunda
919 1947 951 2012 in
975 1950 1072 2012 tabet
1095 1955 1252 2014 mutatum
1276 1957 1334 2015 est.
1361 1985 1404 1996 -
1428 1949 1523 2032 1118,
1544 1952 1565 2015 8

336 2065 423 2121 recte
449 2057 489 2118 W
519 2055 616 2120 habet
646 2075 716 2120 cum
749 2055 775 2118 F
800 2055 831 2118 iti
856 2055 932 2120 Pr.b
963 2077 1026 2119 sion
1053 2058 1191 2120 desinent
1217 2055 1338 2140 (uitia),
1370 2059 1433 2122 sed
1459 2057 1507 2134 (si
1528 2060 1564 2142 p)

335 2165 539 2242 intermittant,
564 2183 591 2227 v.
608 2181 693 2244 quae
709 2161 859 2226 Gertnins
883 2160 965 2226 dixit
988 2161 1021 2226 in
1035 2161 1297 2246 ephemeridibus
1311 2165 1454 2228 Berlioer
1468 2165 1566 2247 pbilo-

336 2271 465 2350 lopische
481 2270 719 2350 ll'ocbenscdm'ft
735 2270 821 2335 1886
831 2289 861 2352 p.
871 2270 971 2349 1469;
995 2266 1037 2332 de
1051 2268 1078 2333 Ε
1093 2268 1262 2335 Fickertns
1279 2268 1331 2334 hio
1346 2289 1473 2352 quoque
1487 2269 1568 2334 nihil

336 2375 468 2440 rettulit.
493 2413 534 2422 —
559 2375 668 2458 VM
688 2375 720 2440 in
743 2375 851 2440 verbis
875 2374 978 2440 hisce:
1002 2377 1179 2457 oropoitudo
1201 2375 1312 2463 non⁵⁶)
1335 2378 1423 2442 hebet
1444 2378 1567 2442 modum

335 2491 466 2546 certain:
506 2486 693 2566 (mnpnrotio
726 2483 807 2546 illum
841 2490 895 2546 unt
928 2483 1024 2546 tollit
1053 2490 1108 2548 ant
1143 2484 1287 2566 deprimit
1317 2503 1380 2547 non
1417 2483 1568 2568 displicet

338 2587 424 2670 qnod
447 2588 474 2652 Ε
498 2589 538 2653 W
562 2587 790 2653 exhibentem
813 2590 960 2653 attollit.
1008 2594 1146 2672 apparet
1174 2609 1270 2672 quam
1294 2589 1391 2656 facile
1415 2597 1568 2674 posteat

336 2694 465 2783 syllaba
488 2705 519 2760 nt
544 2695 693 2760 excidere
717 2695 866 2779 potuerit.
880 2733 924 2740 —
940 2694 1000 2758 Vll
1015 2695 1044 2778 3,
1062 2697 1102 2761 16
1122 2694 1207 2760 male
1221 2695 1394 2761 Fickertus
1409 2697 1566 2762 Haasius-

337 2822 398 2884 que
414 2803 448 2866 in
463 2801 523 2866 hoc
538 2803 718 2866 enuntiato:
742 2824 780 2866 oe
803 2825 897 2867 nono
919 2804 1039 2886 quidem
1063 2810 1189 2886 ternpus,
1213 2807 1437 2884 almutium,
1456 2805 1565 2888 perdo,

337 2908 524 2974 adverbium
548 2931 629 2974 nunc
652 2928 692 2974 ex
715 2909 768 2993 Pp
793 2909 985 2974 asciverunt
1023 2929 1097 2973 nam
1126 2928 1166 2972 ex
1195 2908 1235 2974 iis
1259 2929 1343 2993 quae
1367 2908 1568 2994 praecedunt

337 3023 370 3082 et
393 3025 568 3098 sequuntur
591 3023 682 3100 patet
706 3015 864 3080 Senecam
887 3035 951 3080 non
974 3013 1049 3080 ideo
1074 3035 1109 3080 se
1134 3036 1299 3100 excusare,
1330 3015 1416 3100 qnod
1440 3024 1567 3101 tempus

338 3133 429 3187 tuno
466 3122 596 3207 perdat,
635 3121 693 3188 sed
727 3121 812 3205 quod
844 3129 974 3207 praeter
1006 3121 1247 3207 philosophiam
1278 3123 1433 3188 moralem
1469 3124 1568 3188 etiam

338 3229 516 3294 naturalem
542 3237 667 3294 tractet.
705 3249 805 3312 quare
829 3228 898 3294 lieri
923 3249 986 3294 non
1010 3236 1126 3313 potest,
1151 3230 1227 3312 quin
1249 3230 1426 3315 recipiatur
1440 3230 1512 3295 libri
1527 3229 1567 3293 W

339 3338 498 3421 scriptura
530 3359 569 3400 ne
601 3339 666 3400 hoc
698 3338 818 3420 quidem
850 3344 969 3424 teinpus
994 3373 1019 3382 -
1039 3373 1064 3382 —
1086 3339 1200 3421 perdo,
1239 3357 1335 3420 quam
1367 3357 1438 3404 uum
1472 3337 1503 3402 Μ
1535 3344 1568 3402 et

339 3443 573 3508 recentioribus
607 3443 800 3526 quibusdam
833 3463 1032 3508 communem
1065 3443 1170 3508 habet
1221 3451 1361 3510 ceterum
1389 3444 1503 3510 eadem
1534 3444 1567 3508 in

339 3551 486 3615 omnibns
514 3548 754 3634 exemplaribus
782 3550 870 3633 typis
896 3549 1060 3633 expressis
1084 3549 1160 3614 inde
1184 3550 1226 3614 ab
1248 3550 1440 3616 Erasmiano
1464 3551 1566 3636 primo

339 3676 441 3739 usqne
465 3656 508 3720 ad
532 3655 933 3738 Schweighaeuseriannm
958 3655 1124 3740 reperitur.

429 3815 468 3883 ⁶⁶)
491 3821 524 3870 ut
550 3833 637 3869 unum
664 3817 820 3885 exemplum
849 3815 975 3880 afferam,
1002 3816 1087 3870 etiam
1117 3817 1226 3882 17,12
1255 3817 1456 3871 emendandum
1488 3821 1566 3885 puto:

338 3908 456 3974 ecquid
475 3905 513 3974 (et
532 3908 609 3975 qaid
628 3905 715 3971 codd.)
735 3908 824 3972 babes,
843 3923 892 3960 eur
907 3907 1017 3973 placeas
1035 3908 1106 3960 tibi?

431 3993 470 4063 Μ)
494 3995 568 4049 malo
591 4013 653 4050 cum
681 3993 805 4048 codicum
833 3995 858 4048 R
881 3999 910 4049 et
932 3991 948 4044 λ
974 3995 1102 4050 manibus
1129 3994 1254 4049 rectrudis
1282 3999 1311 4050 et
1335 3995 1426 4049 codice
1450 3995 1568 4064 quodam

339 4083 445 4138 Erasmi
464 4085 590 4139 voculam
609 4101 672 4138 nnn
691 4083 809 4138 inserere
829 4101 913 4151 quem
932 4101 994 4138 cum
1013 4084 1116 4138 Haasio
1140 4085 1241 4138 librum
1259 4101 1275 4154 γ
1295 4089 1387 4139 secuto
1407 4089 1568 4138 incertum

338 4173 462 4228 scribere.
508 4177 630 4228 ceterum
657 4172 776 4227 secunda
802 4190 901 4226 manus
929 4173 1029 4227 codicis
1056 4173 1078 4226 R
1105 4172 1272 4228 Leonardi
1300 4176 1341 4227 est
1368 4173 1567 4238 Iustiniani,

338 4261 467 4331 discipuli
481 4262 606 4325 (inerim,
625 4262 673 4330 qui
692 4263 800 4316 saeculo
819 4262 924 4316 decimo
943 4263 1042 4330 quinto
1061 4280 1122 4316 emn
1142 4263 1243 4317 librum
1261 4262 1419 4332 possidebat
1437 4267 1466 4318 et
1480 4263 1569 4317 multa

338 4353 367 4405 in
387 4369 419 4406 eo
442 4351 510 4406 scite
534 4351 651 4406 correxit
673 4356 702 4406 et
724 4351 754 4405 in
776 4351 949 4420 marginibus
972 4351 1127 4420 adscripsit.
1163 4369 1272 4420 prorsus
1294 4352 1369 4406 enim
1392 4351 1491 4406 harum
1513 4369 1568 4407 cor·

338 4441 490 4495 tactionum
515 4445 543 4495 et
567 4441 857 4496 adnotatiuncularum
882 4441 980 4494 ductus
1004 4459 1066 4494 cum
1088 4441 1123 4494 iis
1147 4445 1310 4510 congruunt,
1335 4458 1406 4509 qnae
1424 4442 1454 4495 in
1473 4441 1568 4509 primis

339 4529 438 4584 codicis
457 4529 530 4584 loliis
550 4548 633 4584 manu
652 4530 733 4586 Leon.
749 4531 897 4586 Iustiniani
916 4531 1021 4600 scripta
1034 4549 1091 4585 esse
1105 4549 1139 4585 ex
1152 4532 1263 4585 nomine
1277 4532 1371 4586 addite
1384 4531 1567 4602 intellegitur.

338 4637 365 4674 v.
384 4619 418 4673 de
437 4636 468 4674 eo
487 4619 519 4673 G.
535 4619 643 4688 Voigtii
662 4620 763 4674 librum
784 4623 835 4674 Die
861 4621 1089 4689 Wtederbelebuny
1107 4623 1154 4674 dea
1172 4623 1333 4675 dasaiscben
1353 4623 1519 4676 Altertlsums
1537 4619 1568 4674 ΙΙ

339 4725 365 4776 p.
385 4709 437 4762 ⁴20
456 4725 495 4776 sq.
