3560 5242
807 433 846 495 27

210 655 785 734 Υ1111111,1111111111(81111111.
808 675 838 739 p.
862 657 924 719 280
947 674 992 737 sq.
1017 655 1087 720 adn.
1111 657 1165 733 2.)‚
1189 656 1228 720 ad
1251 656 1433 738 scriptorem

217 759 376 841 quendam
399 758 647 824 eoelesiestieum
675 757 837 824 referenda
859 777 928 822 esse
950 761 1021 841 post
1042 758 1225 827 videbimus.
1269 757 1339 822 Iam
1362 775 1434 820 veru

202 858 366 943 'quoniam
387 861 492 945 ipsum
522 861 614 926 illum
641 861 744 925 loeum
767 860 965 926 Platonicum
1001 861 1158 928 similesne
1180 861 1322 926 Platonis
1350 859 1433 923 loeus

217 964 384 1047 scriptores
412 963 616 1029 ecelesiastici
642 963 675 1028 in
702 963 821 1030 delieiis
848 964 963 1028 habere
993 964 1137 1029 ridentur
1161 964 1222 1047 (of.
1245 963 1323 1028 Iust.
1345 961 1434 1045 Apol.

216 1066 249 1130 Π
273 1067 328 1141 10;
351 1065 495 1131 Ps.·Iust.
518 1066 585 1131 eoh.
609 1067 648 1131 ad
671 1070 756 1150 gent.
779 1068 844 1146 24),
867 1066 1023 1132 Minucius
1047 1071 1173 1132 auetore
1197 1067 1332 1149 quodam
1349 1065 1436 1131 Chri-

218 1169 319 1234 stiano
346 1189 423 1234 usus
451 1188 518 1234 esse
546 1168 731 1234 indicandus
759 1172 820 1247 est,
844 1189 938 1252 quem
965 1169 1194 1236 Tertullianum
1222 1168 1318 1234 luisse
1342 1188 1434 1233 nemo

212 1271 391 1345 ‚crediderit
436 1271 562 1337 Etenim
584 1291 643 1338 nee
665 1272 767 1338 verbis
782 1273 1000 1338 Tertullianeis
1015 1273 1172 1338 Minucius
1195 1272 1308 1350 adduei
1324 1271 1436 1355 potnit,

218 1379 254 1439 nt
288 1377 380 1462 voees
403 1377 570 1459 ‘praeclare
592 1375 765 1440 laudatum*
787 1379 968 1460 usurparet,
999 1378 1033 1439 et
1055 1376 1158 1440 verbis
1185 1375 1248 1455 illis
1271 1376 1332 1439 alia
1354 1374 1436 1458 apud

219 1478 446 1543 Tertullianum
469 1480 633 1560 tamquam
654 1479 767 1543 vicinia
794 1482 844 1544 est
870 1498 906 1543 ae
929 1477 1125 1543 Miuueianis.
1162 1479 1330 1562 llxspeetes
1353 1479 1436 1542 enim

220 1581 419 1647 enuntiatum
441 1581 519 1645 illud
540 1581 603 1665 legi
626 1583 665 1647 ad
688 1585 752 1651 nat.
775 1582 848 1646 110
870 1604 900 1667 p.
927 1581 998 1660 169,
1023 1578 1062 1644 16
1086 1581 1135 1645 vel
1150 1582 1237 1664 Apol.
1262 1582 1310 1659 14,
1334 1602 1362 1665 p.
1385 1581 1437 1657 87,

222 1686 276 1762 10,
300 1683 355 1749 sed
378 1684 465 1749 deest
487 1675 618 1768 utroque
641 1686 717 1751 loeo.

306 1788 407 1852 Loous
439 1787 533 1870 igitur
560 1777 723 1852 Tullianus
751 1809 812 1852 nou
840 1789 978 1853 Minucia
1007 1786 1220 1852 intercedente
1250 1787 1289 1852 ad
1318 1785 1440 1850 Tertul-

225 1890 344 1956 lianum
371 1881 526 1957 manauit.¹
564 1889 625 1970 Qui
647 1894 712 1955 toto
735 1878 788 1955 illo
812 1893 929 1976 eapite,
963 1912 1024 1973 que
1047 1891 1288 1966 sentinatoris,
1317 1888 1354 1952 de
1378 1907 1439 1969 quo

226 2013 312 2059 nune
328 1994 439 2076 agitur,
454 1994 551 2072 loeus
567 1995 605 2058 de
622 1994 750 2059 deorum
768 2002 891 2076 ‘genere
906 1994 1086 2078 mythice,
1110 1991 1207 2075 quod
1231 1991 1354 2074 poetis
1377 1990 1440 2054 de-

222 2098 399 2180 putatur,
428 2097 600 2180 disputavit
622 2099 747 2161 austere
776 2097 930 2174 Varrone,
959 2097 1047 2160 euius
1071 2095 1201 2178 vestigia
1228 2095 1440 2159 Tertullianus

223 2203 288 2265 toto
315 2200 394 2265 libro
426 2200 465 2264 ad
492 2199 636 2265 nationes
659 2199 757 2265 altero
781 2200 946 2284 diligenter
968 2198 1096 2282 pressit,
1123 2197 1154 2263 id
1178 2198 1261 2280 quod
1282 2197 1350 2282 ipse
1372 2217 1440 2281 pro·

223 2302 327 2367 fessus
350 2303 452 2368 estin
475 2302 575 2385 primo
598 2303 699 2387 eapite
722 2303 815 2368 huius
837 2302 923 2378 libri,
947 2302 1001 2366 ubi
1023 2321 1096 2366 eum
1119 2301 1181 2367 alia
1202 2301 1351 2384 leguntur
1372 2303 1441 2364 tum

223 2407 318 2470 haee:
346 2405 481 2489 ‘Triplioi
510 2406 593 2470 enim
622 2425 736 2488 genere
765 2406 894 2472 deorum
917 2425 1047 2492 sensum
1071 2404 1212 2469 distinxit
1234 2409 1290 2482 (se.
1313 2403 1441 2482 Varrotz

224 2528 323 2574 unum
355 2527 423 2573 esse
449 2508 629 2592 physicum,
657 2509 740 2592 quod
762 2508 937 2593 philosophi
959 2509 1148 2584 retraetans,
1178 2507 1286 2571 aliud
1308 2506 1443 2588 mythi·
1545 2525 1554 2548 ⁸

224 2631 324 2689 eum,
348 2613 447 2695 qued
468 2612 570 2676 iuter
584 2617 717 2695 poetas
733 2613 945 2688 volutetur,
969 2613 1097 2676 tertium
1114 2610 1230 2692 gentile
1247 2657 1254 2672 .
1269 2659 1275 2671 .
1290 2611 1308 2674 .'
1325 2607 1442 2688 Quodsi

226 2715 428 2799 quaesiveris,
452 2714 534 2780 unde
557 2717 626 2780 orta
648 2715 689 2779 sit
712 2715 884 2780 similitudo
907 2715 963 2779 illa
983 2714 1149 2790 verborum
1172 2711 1301 2777 Minueii
1324 2715 1357 2776 et
1371 2713 1444 2776 Ter·

226 2818 365 2894 tulliani,
388 2818 420 2881 in
442 2820 592 2902 promptu
615 2820 664 2883 est
687 2819 839 2902 suspieari
862 2818 1048 2902 seriptorem
1072 2816 1163 2879 illum
1186 2814 1444 2891 aeclesiasticum,

227 2940 321 3004 quem
347 2920 523 2985 Minucium
550 2923 694 2984 seentum
722 2940 790 2985 esse
820 2921 968 2997 diximus,
1003 2918 1152 2984 Varronis
1174 2919 1353 3002 ingressum
1376 2936 1445 2981 esse

225 3024 379 3106 vestigiis,
416 3023 600 3107 praesertim
634 3043 707 3088 eum
739 3024 820 3088 iufra
848 3022 1090 3088 demonstraturi
1123 3021 1222 3086 simus
1252 3039 1288 3085 ea
1311 3039 1444 3103 quoque,

227 3145 308 3210 quae
335 3127 428 3212 paulo
459 3131 532 3210 post
564 3146 601 3191 ea
630 3127 739 3203 rerba,
774 3127 812 3190 de
841 3128 953 3208 quibus
986 3145 1070 3191 nune
1104 3125 1221 3207 agitur,
1256 3124 1288 3186 in
1316 3121 1444 3188 Octavio

227 3231 389 3314 leguntur,
413 3229 452 3294 ad
474 3229 622 3294 Varronis
649 3249 755 3294 rerum
779 3229 954 3294 divinarum
977 3230 1072 3294 libros
1085 3225 1257 3292 'referenda
1279 3245 1355 3290 esse.

315 3334 410 3398 Nune
440 3351 479 3397 ne
508 3333 581 3415 quid
610 3333 858 3416 praetermisisse
886 3333 1005 3408 uidear,
1035 3331 1172 3414 reliquos
1203 3327 1447 3405 messalinam,

228 3437 282 3502 ubi
313 3437 356 3501 de
379 3456 418 3501 re
441 3436 599 3518 publiea
620 3436 707 3501 libris
728 3437 902 3501 Minucium
924 3455 1019 3500 usum
1042 3452 1111 3499 esse
1134 3433 1308 3508 arbitreris,
1338 3450 1447 3513 quam·

230 3559 331 3623 quam
353 3539 403 3605 his
428 3539 546 3604 similes
570 3539 629 3605 loei
653 3539 735 3623 apud
757 3539 986 3603 Tertullianum
1009 3538 1130 3602 desunt.

316 3643 512 3727 deprimam
528 3641 655 3725 quidem
671 3641 889 3707 Sehweulium
904 3641 930 3706 si
946 3641 1034 3706 audis
1050 3643 1092 3724 (p.
1106 3641 1169 3703 284
1182 3640 1253 3704 adn.
1268 3639 1311 3720 1),
1327 3637 1366 3701 ad
1384 3635 1448 3701 Cio.

231 3746 269 3811 de
291 3765 326 3812 re
349 3745 433 3830 publ.
456 3744 502 3808 IV
526 3746 554 3823 1,
579 3745 595 3807 1
626 3742 720 3828 (Non.
743 3767 773 3828 p.
798 3747 869 3808 234.
893 3746 955 3808 343
978 3743 1034 3824 Μ.)
1056 3743 1199 3826 confugit
1220 3740 1376 3805 Minueius
1400 3739 1449 3815 17,

229 3851 347 3927 5-18,
362 3851 392 3912 2.
430 3848 632 3930 Quamquam
644 3848 683 3912 ad
696 3848 853 3913 Oieemnis
866 3848 904 3912 de
916 3851 1031 3912 natura
1043 3847 1172 3914 deorum
1184 3845 1300 3910 librum
1315 3843 1449 3907 alterum

232 3953 353 4019 Octavii
376 3952 471 4016 verba
486 3951 624 4034 proxime
640 3952 787 4016 aeeedere
810 3951 879 4033 ipse
895 3949 1097 4016 Schwenkius
1112 3949 1153 4032 (p.
1170 3949 1242 4024 284,
1266 3949 1284 4009 2
1301 3947 1362 4028 sq.)
1378 3963 1451 4009 eon-

232 4054 334 4121 eessit
373 4055 419 4119 Re
435 4073 508 4120 vera
522 4056 618 4119 verba
633 4053 720 4137 ‘quid
735 4054 938 4119 tenebrarum
954 4072 979 4118 e.
995 4073 1024 4135 q.
1041 4052 1075 4116 s.'
1101 4051 1190 4133 (Min.
1208 4051 1257 4128 17,
1280 4048 1313 4129 6)
1336 4066 1398 4112 111
1414 4066 1451 4112 ex

233 4159 295 4225 Cle.
312 4158 349 4224 do
363 4179 397 4223 re
412 4157 498 4243 publ.
513 4157 558 4220 IV
573 4157 665 4236 (Non.
681 4177 711 4241 p.
727 4159 813 4238 234),
836 4157 892 4222 sed
907 4175 944 4221 ex
959 4155 1023 4221 Cia.
1039 4153 1077 4220 de
1093 4155 1157 4218 nat.
1174 4153 1257 4218 deor.
1272 4151 1305 4216 Π
1321 4153 1372 4227 53,
1389 4151 1450 4214 132

233 4261 401 4327 fluxerunt.
450 4261 562 4342 Neque
590 4279 681 4326 senus
708 4259 788 4324 alter
814 4259 907 4324 Nouii
934 4259 1022 4323 loeus
1050 4258 1092 4342 (p.
1116 4255 1192 4340 343)
1222 4255 1323 4321 brevis
1346 4259 1379 4321 et
1400 4255 1452 4320 de·

233 4368 383 4448 pravatus
410 4363 520 4428 similis
548 4362 675 4444 quidem
705 4364 754 4426 est
781 4362 910 4427 Minueii
932 4360 1034 4425 uerbis
1057 4361 1122 4438 (17,
1147 4361 1194 4438 7),
1223 4378 1333 4424 rerum
1355 4358 1453 4423 oredi-

233 4466 298 4532 bile
332 4485 395 4530 non
429 4468 478 4530 est
510 4465 692 4531 Ciceronem
726 4465 790 4529 illio
824 4464 965 4530 docuisse
992 4463 1220 4547 providentiam
1250 4481 1334 4538 esse,
1370 4461 1452 4543 quud

231 4569 363 4652 quidem
387 4569 600 4633 demonstrare
616 4567 755 4632 Minucio
776 4568 971 4651 propositum
995 4570 1052 4630 est.
1089 4565 1156 4629 Nee
1179 4567 1357 4648 eongruunt
1371 4565 1453 4627 inter

236 4691 270 4738 ee
301 4672 361 4740 uisi
390 4691 428 4739 ea
456 4673 563 4748 verba,
592 4670 705 4754 quibus
729 4671 755 4735 si
777 4671 883 4754 plures
906 4669 1070 4756 seripteres
1093 4668 1227 4735 similem
1249 4686 1317 4734 rem
1338 4669 1454 4732 traete-
