3634 5240
802 369 819 432 7

710 458 919 469 -ι-.

69 617 83 660 .·
204 589 339 656 busdam
367 611 404 658 ex
425 612 535 678 prosae
557 594 704 660 orationis
729 595 932 680 soriptoribus
958 595 1107 680 sumptis,
1139 599 1293 680 quantum
1316 597 1355 662 ad
1378 617 1425 663 or·

203 698 316 760 natum
339 696 372 761 et
392 697 457 762 vim
478 698 644 764 verborum
666 699 806 782 rhythmi
828 700 1000 778 eonferant,
1024 702 1225 784 oomprobare
1242 703 1381 766 oonatur.

290 799 402 864 Totam
430 803 536 865 antem
558 803 814 885 compositionem
836 804 1001 869 verborum
1023 822 1097 868 oum
1120 802 1291 887 Dionysius
1313 804 1425 869 esteris

69 943 81 984 :
204 901 380 968 rhetoribus
408 905 584 968 aoouratius
610 906 831 985 examinasset,
861 906 893 970 id
922 909 972 971 est
997 907 1085 971 illam
1114 899 1340 990 πραγματείαν
1369 897 1425 970 οὐκ

69 1045 70 1089 1
204 996 325 1090 ὀλίγοις
356 1001 417 1088 μὲν
445 1002 504 1070 ἐπὶ
531 1009 604 1072 νοῦν
631 1004 809 1088 ἐλθοῦσαν,
845 1002 918 1074 ὅσοι
943 1010 1010 1074 τῶν
1036 999 1178 1094 ἀρχαίων
1204 999 1375 1096 ῥητορικὰς
1403 1000 1425 1094 ἢ

203 1105 260 1172 καί
283 1101 486 1186 διαλεκτικὰς
508 1108 717 1196 συνέγραψαν
738 1108 861 1192 τέχνας,
884 1101 1040 1178 οὖδενίὸ
1072 1103 1215 1199 ἀκριβῶς
1238 1101 1304 1176 οὐδ’
1331 1101 1424 1176 ἄπο-

69 1259 77 1300 ·.
189 1206 347 1296 ·χριιίνιιος
361 1208 456 1298 μέχρι
469 1215 529 1277 τοῦ
543 1209 708 1300 παρόντος
723 1211 974 1302 ἐξειργασμένον,
990 1209 1035 1294 ὥς
1050 1207 1111 1300 ἐγώ
1127 1210 1293 1295 πείθομαι
1308 1217 1422 1297 (oomp.

73 1345 77 1352 ·
204 1314 287 1379 verb.
309 1334 334 1378 o.
359 1315 375 1378 1
399 1336 428 1399 p.
453 1315 493 1379 14
509 1315 604 1397 Sub),
627 1317 659 1380 in
681 1317 838 1401 rhythmis
861 1337 985 1402 quoque
1007 1318 1207 1384 reeensandis
1228 1335 1322 1382 suum
1343 1316 1424 1380 iudi-

69 1469 74 1511 ρ
203 1417 288 1482 oium
322 1437 395 1482 enm
422 1437 491 1484 esse
519 1422 663 1485 seoutum
693 1421 758 1486 veri
785 1440 847 1486 non
878 1423 927 1488 est
952 1421 1112 1486 dissimile.
1162 1418 1364 1502 Quamquam
1390 1419 1423 1483 in

69 1578 71 1583 ,
202 1539 352 1586 versuum
377 1521 621 1587 factitandomm
650 1524 717 1588 arte
739 1524 928 1608 Dionysium
956 1525 1065 1590 tironis
1091 1525 1191 1589 instar
1213 1541 1282 1588 asse
1305 1523 1423 1588 haben-

69 1613 71 1702 ᾗ
202 1623 279 1688 dum
300 1623 382 1688 inira
403 1625 586 1690 videbimus.
630 1626 790 1706 Eiusdem,
814 1645 910 1711 quam
932 1629 965 1692 in
987 1628 1066 1692 libro
1088 1627 1127 1692 da
1150 1645 1250 1710 oomp.
1273 1627 1357 1691 verb.
1372 1645 1423 1692 ex-

69 1717 76 1795 ζ
201 1725 321 1809 posuit,
356 1726 516 1793 doetrinae
550 1728 588 1794 da
622 1730 779 1812 rhythmis
811 1730 945 1814 vestigia
969 1731 1002 1795 in
1031 1730 1100 1796 aliis
1129 1747 1252 1812 quoquo
1279 1729 1422 1811 Dionysii

200 1828 289 1894 libris
312 1830 474 1896 rhetoriois
497 1834 679 1896 ooourrunt:
702 1833 789 1898 velut
809 1834 945 1899 breviter
968 1851 1038 1898 eam
1062 1832 1281 1916 eompleotitur
1302 1831 1335 1895 in
1350 1831 1423 1896 libri

202 1928 280 2019 περὶ
302 1935 360 2018 τῆς
381 1930 616 2020 Δημοσθένους
637 1931 752 2016 λέξεως
766 1938 1003 2020 oapp.4i-50.
1040 1935 1077 2001 id
1101 1935 1226 2021 quidem
1247 1934 1341 1999 huius
1362 1934 1422 1999 looi

200 2053 265 2100 non
288 2039 338 2102 est
359 2038 551 2116 examinare,
578 2058 656 2103 num
678 2039 846 2122 Dionysius
872 2057 947 2123 prae
974 2038 1140 2104 artifieiosa
1162 2037 1309 2102 orationis
1337 2055 1422 2102 oom-

199 2139 351 2223 positione
378 2143 556 2208 naturalem
588 2143 752 2208 verborum
779 2142 932 2219 ordinem,
970 2142 1072 2224 qualis
1104 2160 1197 2206 sensu
1228 2140 1420 2224 postulatur,

198 2241 293 2307 nimis
316 2244 487 2326 neglexerit
508 2245 600 2326 (oonf.
624 2246 716 2310 Blasa
739 2245 807 2310 ‘Die
830 2245 1022 2328 grieohisohe
1036 2243 1272 2310 Beredsamheit
1293 2242 1325 2306 in
1349 2241 1420 2308 dem

198 2345 357 2410 Zeitraum
380 2366 440 2412 von
462 2348 638 2413 Alexander
660 2349 709 2414 bis
731 2349 789 2414 auf
806 2349 978 2430 Augustus*
1001 2368 1030 2431 p.
1054 2347 1138 2428 199).

287 2449 426 2515 iratiores
455 2469 551 2533 quam
578 2451 747 2535 Dionysius
773 2451 893 2528 libello,
921 2469 1015 2533 quem
1047 2445 1125 2534 περὶ
1148 2443 1315 2536 ἑρμηνείας
1337 2467 1420 2514 oom-

199 2553 313 2635 posuit,
324 2552 403 2618 fines
419 2553 664 2638 oiroumsoripsit
676 2555 893 2620 Demetrius
908 2554 1021 2633 rhetor,
1037 2554 1151 2638 quippe
1167 2553 1220 2635 qui
1234 2571 1297 2618 non
1307 2553 1345 2618 de
1355 2570 1421 2618 una

200 2656 424 2739 compositione
447 2657 502 2722 sed
526 2657 563 2722 de
586 2658 729 2723 universo
754 2659 825 2724 stilo
848 2659 932 2724 esset
947 2659 1090 2731 aeturus3
1113 2658 1256 2721 attamen
1272 2655 1311 2720 ad
1326 2655 1419 2721 huius
1531 2647 1532 2650 '

200 2777 325 2841 quoque
347 2761 527 2826 testimonia
548 2779 610 2825 non
633 2761 732 2826 semel
754 2761 830 2826 mihi
853 2760 1098 2842 ooniugiendum
1113 2761 1190 2836 erat,
1216 2758 1364 2841 quoniam
1379 2759 1418 2823 ab

200 2881 237 2927 ao
264 2881 328 2926 non
349 2861 450 2928 rarius
473 2883 569 2946 quam
592 2883 611 2928 a
633 2863 759 2940 ueteris,
781 2864 835 2946 qui
857 2863 895 2928 de
918 2862 1084 2929 verborum
1106 2864 1267 2927 struotura
1289 2865 1420 2947 seripse-

198 2968 290 3043 runt,
316 2966 459 3048 rhythmi
487 2967 657 3050 agitantur.
702 2966 850 3032 Ceterum
873 2985 934 3049 quo
956 2969 1097 3050 tempore
1120 2965 1293 3049 soripsurit,
1323 2984 1419 3048 quam

197 3087 312 3154 parum
334 3070 416 3134 inter
438 3071 580 3136 homines
603 3070 709 3135 dootos
731 3070 909 3148 conveniat,
938 3071 1085 3134 notares
1108 3068 1196 3154 est.¹)
1240 3068 1418 3134 Aristotelis

199 3172 297 3238 libros
324 3172 495 3238 rhetorioos
522 3173 606 3239 idem
628 3172 739 3237 laudat
764 3192 837 3238 oum
865 3171 939 3237 alibi
962 3173 1015 3254 (ἐξ
1039 3172 1087 3235 11.
1111 3171 1160 3235 34.
1183 3172 1238 3255 81)
1272 3174 1341 3235 tum
1363 3171 1418 3236 ubi

197 3274 362 3358 rhythmos
386 3276 538 3340 sublimes
561 3275 708 3341 describit
729 3277 781 3358 (ἐξ
803 3277 852 3340 38.
872 3276 935 3355 41),
958 3277 991 3341 et
1012 3276 1050 3340 ob
1072 3275 1104 3340 id
1126 3276 1231 3359 ipsum
1247 3275 1286 3339 ad
1300 3274 1418 3339 Aristo

199 3379 295 3444 telem
322 3378 595 3462 interpretandum
623 3378 820 3460 aliquantum
848 3397 884 3444 ex
907 3397 943 3444 eo
965 3379 1133 3444 luoramnr.
1176 3378 1287 3463 Neque
1310 3379 1416 3444 tamen

199 3499 416 3564 quaeoumque
432 3482 470 3548 de
491 3481 648 3565 rhythmis
665 3481 815 3566 disputat,
839 3500 876 3546 ex
897 3481 996 3565 ipsius
1013 3480 1180 3564 stagiritae
1203 3481 1290 3546 libris
1313 3482 1417 3547 omniu

196 3584 364 3650 fluxerunt.

283 3687 423 3753 Cioeroni
445 3689 478 3752 et
494 3687 644 3772 Dionysio
667 3687 882 3770 adiungendus
906 3687 1113 3754 estl'abius
1136 3685 1416 3768 Quintilianus,

198 3792 342 3875 quamvis
368 3791 485 3856 saeouli
513 3791 577 3856 iere
605 3791 705 3875 spatio
733 3792 771 3857 ab
800 3791 849 3855 his
876 3790 980 3855 distet.
1023 3791 1159 3856 Rettulit
1188 3790 1240 3854 ille
1264 3809 1355 3855 suam
1379 3791 1416 3855 de

196 3894 337 3960 numeria
359 3894 499 3960 oratoriis
521 3895 695 3960 dootrinam
716 3893 819 3958 instit
842 3895 919 3958 orat.
941 3891 988 3958 [X
1002 3895 1032 3972 4,
1055 3894 1213 3956 45-147.
1258 3893 1320 3960 Ubi
1343 3913 1416 3959 oum

197 3997 355 4064 Giooronis
377 3997 560 4080 plerumque
590 3997 780 4064 sententiam
805 3995 929 4074 referat,
952 3998 1060 4061 tamen
1087 3995 1216 4061 minime
1239 3996 1293 4060 uni
1315 3996 1416 4060 Tullio

196 4121 230 4167 se
265 4099 387 4166 addioit
423 4099 507 4165 Illud
523 4169 525 4174 ,
540 4099 666 4182 quidem
693 4119 756 4166 non
782 4101 831 4164 est
854 4099 1071 4183 premendum,
1104 4099 1187 4182 quod
1212 4099 1278 4182 ipse
1300 4098 1415 4164 Fabius

195 4203 387 4269 mentionem
425 4203 501 4268 lauit
536 4203 776 4287 Thrasymaohi,
817 4201 949 4286 Ephori,
992 4203 1184 4280 Aristotelis,
1221 4200 1415 4278 Theodeotis,

195 4305 416 4390 Theophrasti,
448 4305 589 4390 Dionysii
625 4303 912 4370 Halicarnassensis
946 4303 1006 4389 (IX
1030 4307 1060 4384 4,
1083 4305 1154 4387 87);
1185 4305 1297 4370 horum
1331 4303 1415 4368 enim

268 4549 289 4616 ¹)
309 4547 391 4602 circa
409 4563 508 4602 annum
529 4548 578 4601 150
596 4562 621 4601 a.
641 4545 701 4603 Chr.
720 4561 783 4601 aum
801 4543 943 4613 scripsisse
962 4545 1091 4614 opinatur
1108 4543 1261 4598 Volkmann
1280 4543 1307 4598 lo
1331 4543 1414 4598 Inani

196 4633 312 4696 Mueller
331 4633 491 4696 ‘Haudbaob
510 4633 557 4692 der
575 4632 744 4692 talassiauhen
761 4630 1107 4692 Altertumanisaeusohalt'
1125 4629 1177 4688 sol.
1196 4627 1223 4686 11
1241 4647 1267 4704 p.
1287 4629 1347 4688 lui.
