3480 5230
771 851 843 932 §a

284 1036 344 1102 His
367 1037 478 1104 statim
494 1037 667 1105 adnectam
691 1039 946 1126 disputationem
962 1037 1003 1104 de
1027 1038 1186 1106 vocabulo
1210 1032 1415 1125 περίστασις,

195 1138 286 1226 quod
299 1141 403 1208 Stoici
414 1141 476 1208 etsi
488 1163 553 1208 non
567 1142 770 1225 invenerunt,
784 1148 895 1210 tamen
912 1142 1067 1209 sollemne
1079 1142 1112 1207 iu
1124 1141 1331 1227 philosophia
1342 1164 1415 1209 esse

196 1246 412 1332 voluerunt¹),
435 1247 522 1313 uude
544 1247 821 1332 posteaaStoicis
836 1247 918 1332 ipsis
933 1251 992 1312 aut
1007 1249 1096 1312 certe
1118 1267 1138 1312 a
1161 1244 1348 1313 rhetoribus
1370 1247 1414 1312 ad

196 1349 394 1415 rhetoricam
417 1349 615 1416 translatum
638 1356 697 1416 est.
731 1352 828 1437 Apud
846 1349 1056 1416 Aristotelem
1078 1349 1161 1415 haec
1183 1370 1245 1416 vox
1266 1349 1318 1416 bis
1340 1357 1414 1415 tan·

195 1459 264 1519 tum
285 1453 459 1523 invenitur.
493 1453 593 1520 Stoici
616 1475 692 1520 vero
715 1452 902 1543 καθήκοντα
917 1454 1077 1519 dirimunt
1091 1453 1125 1518 in
1140 1451 1252 1518 officia
1272 1447 1346 1520 όνευ
1357 1479 1415 1521 πε-

117 1599 121 1610 ·
196 1551 377 1646 ριστόσεως
389 1557 467 1622 etin
480 1554 741 1644 περιστατικά.)
765 1553 1082 1646 Περιστατικό(εἰνο
1104 1548 1188 1622 κατὰ
1210 1553 1415 1643 περίστασιν)

194 1658 433 1745 intelleguntur
466 1661 591 1740 officia,
625 1683 710 1746 quae
744 1661 942 1744 quibusdam
976 1660 1103 1726 demum
1134 1661 1337 1744 temporibus
1363 1661 1415 1727 vel

194 1762 442 1829 condicionibus
466 1763 575 1830 officia
597 1763 689 1845 liunt,
722 1764 810 1830 velut
842 1765 968 1853 πηροῖν
1000 1758 1115 1831 ἑαυτόν
1140 1763 1191 1829 vel
1220 1760 1278 1851 τὴν
1300 1767 1415 1853 κτῆσιν

196 1866 441 1954 διαρριπτεῖν.)
474 1869 522 1934 De
533 1867 584 1934 his
598 1868 716 1934 officiis
732 1868 926 1934 Posidonius
939 1867 1070 1952 copiose
1093 1866 1245 1950 exposuit
1263 1872 1348 1934 teste
1365 1867 1416 1934 ci-

196 1973 359 2056 ceronet)
403 1971 486 2037 Num
510 1972 612 2038 Stoici
639 1971 705 2038 iam
729 1976 841 2056 partes
867 1971 1026 2054 quasdam
1054 1967 1283 2056 περιστάσεως
1309 1975 1414 2036 statn-

194 2075 279 2140 erint
313 2075 489 2156 neseimus;
522 2097 634 2140 verum
668 2095 868 2158 quamquam
901 2074 982 2139 nihil
1015 2074 1055 2140 de
1088 2073 1150 2139 hac
1185 2095 1221 2140 re
1255 2073 1414 2140 traditum

195 2178 361 2260 habemus,
384 2201 444 2264 per
465 2201 498 2245 se
514 2185 565 2245 est
579 2178 763 2244 verisimile.
787 2178 1009 2262 Hermogenes
1028 2177 1113 2243 enim
1137 2176 1183 2259 (11
1197 2199 1228 2261 p.
1251 2184 1313 2246 212
1337 2177 1414 2262 Sp),

195 2287 369 2367 postquam
393 2303 450 2348 sex
474 2277 699 2368 περιστάσεως
720 2286 831 2366 partes
853 2280 895 2346 ab
919 2303 956 2346 eo
973 2285 1183 2346 enumeratae
1199 2284 1284 2362 sunt,
1299 2277 1413 2362 τόπος,

195 2382 315 2474 χρόνος,
332 2381 466 2471 τρόπος,
485 2381 676 2473 πρόσωπον,
693 2380 792 2464 αἰτία,
815 2387 962 2472 πρᾶγμα,
983 2384 1030 2450 sic
1045 2382 1167 2468 pergit:
1191 2381 1414 2470 προστιθέασι

196 2489 233 2556 δὲ
252 2484 282 2556 oi
298 2483 473 2578 φιλόσοφοι
494 2486 550 2555 καὶ
565 2484 705 2574 ἕβδομόν
719 2513 761 2571 τι,
778 2481 836 2576 τὴν
856 2484 969 2576 ὕλην.5)
998 2486 1190 2570 Reperimus
1212 2494 1321 2552 antem
1344 2508 1415 2554 eas·

196 2593 269 2659 dem
297 2596 421 2678 septem
445 2592 745 2673 ‚pireumsantias‘
768 2593 858 2676 apud
879 2590 1149 2657 Fortunatianum
1174 2589 1335 2673 Stoicum,
1358 2591 1415 2674 qui

195 2691 272 2785 turp
294 2695 410 2762 Latine
432 2695 603 2760 materiam
625 2695 902 2780 interpretaturi)
1054 2773 1057 2781 Ι

282 2799 501 2883 Hermagoras
534 2798 687 2864 Temnius
713 2839 756 2848 -
785 2799 945 2865 incertum
995 2802 1046 2862 est
1091 2819 1168 2862 num
1211 2797 1335 2881 primus
1368 2797 1414 2864 ie·

196 2904 280 2970 cerit
308 2940 348 2952 -
377 2902 467 2969 illam
491 2897 686 2990 περίστασιν
711 2901 754 2968 ad
781 2901 979 2968 rhetoricam
1003 2900 1175 2967 transtulit
1189 2921 1327 2984 eamque
1343 2921 1414 2967 esse
1497 2955 1499 2959 .

196 3005 396 3090 voluitque
422 3005 526 3072 thesis
556 3003 703 3070 differret
723 3005 765 3070 ah
800 3005 988 3090 hypothesi,
1024 3004 1094 3070 sine
1127 3024 1194 3087 qua
1224 3003 1414 3088 hypothesis

195 3109 268 3176 fieri
291 3113 420 3176 omnino
442 3130 508 3174 non
530 3109 687 3194 posset.⁷)

282 3211 513 3279 Definitionem
539 3207 761 3300 περιστάσεως
794 3231 857 3278 non
892 3212 995 3277 tradit
1020 3211 1239 3296 Augustinus,
1274 3208 1414 3277 fortasse

196 3317 432 3401 Hermagoran
454 3320 599 3382 secutus:
634 3316 736 3399 „quid
764 3315 807 3381 sit
835 3321 944 3382 antem
973 3315 1154 3400 perimatis,
1182 3313 1314 3380 facilius
1340 3334 1414 3399 par-

198 3419 314 3486 titione
337 3440 436 3504 quam
458 3417 649 3486 definitione
672 3418 742 3485 eius
765 3419 966 3504 deprehendi
988 3421 1163 3503 potest.“⁸)

266 3628 286 3697 Ι)
304 3629 335 3682 ci.
356 3627 386 3682 R.
397 3627 516 3691 Ecetrae,
530 3626 693 3683 Geechichte
709 3626 758 3681 der
777 3626 871 3696 philos.
890 3623 1089 3694 Termiuclogie
1100 3642 1128 3695 p.
1139 3625 1189 3678 176
1199 3641 1224 3678 n.
1238 3627 1267 3692 33
1290 3625 1339 3679 181
1352 3640 1379 3678 u.
1391 3626 1414 3678 1.

264 3714 385 3780 ·)1)ἱος.
404 3713 434 3767 L.
454 3713 507 3769 VII
527 3715 584 3768 109.

264 3802 285 3867 ⁸)
303 3798 336 3853 ci.
356 3800 434 3867 Diog.
453 3799 484 3852 L.
502 3799 554 3853 VII
575 3801 630 3868 121,
650 3799 696 3854 uhi
714 3799 815 3867 legitur
832 3797 982 3866 sapientem
1009 3802 1182 3866 gustaturum
1210 3797 1252 3872 uel
1281 3797 1415 3852 humanas

196 3901 289 3941 tunes
309 3885 380 3938 κιττοὶ
399 3891 572 3956 περίστασιν.

264 3973 288 4040 ⁴)
306 3971 341 4026 ed
353 3973 413 4027 litt
425 3971 489 4028 XVI
501 3974 541 4039 11,
553 3975 582 4028 5:
601 3989 653 4042 „ea
671 3988 740 4042 quae
758 3969 904 4026 Panaetius
922 3969 1106 4037 praetermisit
1123 3973 1189 4040 περὶ
1206 3971 1256 4022 τοῦ
1274 3965 1415 4035 καθῆκον·
1470 4007 1471 4010 ¹

194 4076 249 4126 τοι,
268 4057 426 4113 Posidonius
442 4063 600 4125 persecutus
618 4064 668 4115 est.
707 4057 739 4113 In
751 4058 809 4113 eius
827 4056 897 4112 libro
927 4061 969 4112 est
996 4059 1059 4127 περὶ
1082 4057 1133 4109 τοῦ
1150 4053 1222 4109 κατὰ
1249 4059 1415 4124 περίστασιν

196 4143 414 4210 adsidamus-‘⁶'

264 4229 287 4298 Ι1)
305 4230 340 4285 cf.
359 4228 441 4285 Troil.
460 4229 498 4284 VI
516 4247 541 4300 p.
565 4233 611 4296 483
630 4233 716 4287 huon.
735 4232 762 4286 11
781 4246 807 4298 p.
826 4230 860 4283 13
878 4227 922 4283 W.

264 4316 288 4380 ⁸)
306 4331 331 4384 p.
353 4317 401 4371 103
421 4315 469 4383 H.;
488 4319 575 4372 huon.
594 4315 648 4370 Vll
666 4333 691 4385 p.
710 4317 742 4370 21
763 4317 806 4372 W.

264 4401 285 4465 ’)
303 4403 367 4454 Aur.
386 4402 454 4469 hug.
472 4418 498 4470 p.
516 4402 613 4456 111H.

264 4487 286 4553 ⁸)
305 4485 398 4554 Neque
416 4487 601 4555 Hermogenes
623 4489 722 4542 iustam
746 4487 831 4542 tradit
852 4484 1037 4540 definitionem
1060 4484 1096 4555 (ll
1116 4500 1142 4552 p.
1161 4485 1213 4539 ala
1238 4484 1308 4552 Sp.):
1336 4487 1413 4554 περί·

196 4588 291 4624 cruces
301 4567 332 4623 δι’
342 4574 401 4622 ἐστι
411 4572 443 4624 τὸ
453 4574 512 4624 πᾶν
520 4576 551 4625 ἐν
559 4572 638 4640 ἡμῶν
651 4577 697 4625 καὶ
711 4570 800 4644 λόγοις
813 4575 860 4624 καὶ
877 4571 1019 4642 πράγμασι
1036 4574 1083 4622 καὶ
1101 4567 1187 4627 δίκαις
1200 4573 1247 4621 καὶ
1261 4568 1416 4621 ὑποθέσεσι

196 4660 243 4712 καὶ
260 4657 428 4728 βίῳζτόποο,
446 4657 549 4730 χρόνοι·
566 4655 622 4720 κτλ,
