3548 5256
829 493 836 496 .
875 404 953 497 -74
966 493 976 496 -
1005 493 1039 498 1,-

318 573 418 662 ἐπειδὴ
451 575 481 641 ἐν
507 575 647 664 Ἐρμιόνη
675 589 729 664 της
756 576 984 665 Πελοποννήσου
1011 577 1090 664 ἱερὸν
1116 579 1152 667 ην
1179 578 1284 669 Κόρης
1311 586 1364 647 καί
1390 580 1558 669 Δήμητρος

319 681 483 770 ἀσφάλειαν
497 689 629 770 παρέχον
643 695 706 756 τοῖς
719 688 959 770 καταρείιγουοιν.
984 685 1052 751 Aus
1067 685 1242 753 Zenobios:
1267 688 1299 752 Μ
1315 687 1400 774 Ιμθ.
1424 689 1487 753 ΡΠ
1498 693 1556 756 22.

411 811 459 874 16.
484 805 656 882 Ἀττικὸς
687 813 876 894 πάροικος·
909 806 1054 894 Δοόριδος
1085 816 1136 898 μὲν
1170 817 1237 898 περὶ
1266 818 1378 900 ταότης
1409 811 1426 878 ὁ
1458 819 1557 895 λόγος

317 912 370 990 ὅτι,
402 913 504 1000 ἐπειδὴ
538 912 702 1002 Ἀθηναῖοι
733 920 800 990 τοὺς
833 923 1000 1002 περιοίκους
1037 921 1090 983 καὶ
1126 929 1304 996 γειτνιῶντας
1340 920 1490 1004 ἐξέβαλον,
1529 940 1555 1008 η

317 1027 461 1109 παροιμία
483 1021 637 1110 ἐκράτησε.
673 1022 826 1108 Κρατερὸς
849 1027 880 1088 δέ
904 1047 992 1112 φησιν
1016 1024 1075 1090 ἀπὸ
1098 1037 1155 1092 τῶν
1177 1024 1220 1099 εἰς
1234 1027 1336 1114 Σάμον
1358 1031 1555 1115 πεμφθέντων

317 1124 496 1216 Ἀθηνηθεν
518 1128 645 1194 ἐποίκων
665 1135 720 1216 την
742 1137 901 1218 παροιμίαν
923 1129 1071 1219 εἰρῆσθαι.
1119 1133 1186 1199 Ius
1210 1133 1387 1201 Zenobiou:
1415 1134 1448 1199 Μ
1463 1145 1503 1198 III
1516 1138 1554 1219 ς’

321 1236 387 1314 (Ps.
410 1235 494 1301 Plut.
518 1235 586 1322 59).
633 1237 700 1301 PII
720 1239 771 1303 28.

412 1364 460 1426 II.
488 1360 592 1425 ἄλλοι
627 1367 688 1447 μὲν
724 1367 943 1447 σπείρουσιν,
980 1362 1086 1430 ἄλλοι
1113 1367 1139 1429 δ’
1160 1365 1372 1452 ἀμήσονται·
1415 1365 1462 1432 ἐπὶ
1492 1378 1556 1431 τῶν

319 1465 430 1552 ἑτέροις
452 1471 621 1533 πονοόντων.
667 1468 739 1532 DII
758 1472 810 1536 62.
850 1469 948 1537 Coisl.
972 1473 1021 1536 13.
1057 1470 1183 1536 Makar.
1203 1474 1282 1538 178.

411 1595 461 1659 18.
485 1591 564 1659 ἀλλ’
590 1594 784 1682 ἀντεπὲσιη
810 1594 882 1680 (sie)
907 1595 956 1660 ἐπ’
981 1595 1139 1680 άγκόρας
1162 1603 1263 1670 θεός·
1286 1605 1418 1682 παρόσον
1433 1601 1555 1663 πολλά-

319 1721 367 1773 κις
389 1704 442 1764 καὶ
466 1699 598 1786 άγκίιρας
625 1703 793 1788 βληθείσης
820 1701 861 1784 (οἱ
884 1701 1022 1788 ναῦταιθ)
1052 1706 1205 1770 ἔπλευσαν.
1253 1705 1323 1770 Das
1352 1705 1554 1790 Spn'ehwort

320 1805 421 1872 findet
445 1807 513 1872 sich
536 1827 596 1873 nur
618 1806 702 1873 noch
725 1807 778 1874 bei
794 1808 923 1892 suidas,
946 1809 980 1873 in
1000 1817 1103 1876 etwas
1120 1810 1369 1877 abweichender
1383 1813 1551 1896 Fassung:

319 1912 385 1978 ἀλλ’
410 1913 549 1979 ἀντεπεσε
572 1920 625 2001 την
648 1914 694 1979 ἐπ’
719 1914 849 2001 ἄγκυραν
873 1919 965 1989 θεός·
993 1915 1040 1982 ἐπὶ
1070 1930 1126 1983 τῶν
1149 1921 1220 2004 παρ’
1245 1919 1352 1984 ἐλπίδα
1375 1925 1552 2006 γενομένων·

319 2027 451 2106 παρόσον
473 2020 501 2086 οἱ
523 2031 625 2088 ναῦται
649 2024 793 2096 πολλάκις
817 2021 974 2110 ἡγοίμενοι
992 2023 1123 2110 ἄγκυραν
1137 2028 1257 2108 βάλλειν
1271 2024 1291 2112 ἢ
1305 2029 1553 2112 προσορμιεῑσθαι

319 2123 363 2200 εἰς
384 2124 513 2192 τοόπίσω
536 2127 693 2194 ἔπλευσαν.

413 2256 462 2320 19.
490 2253 680 2338 ἀλλότριον
708 2254 804 2342 ἀμάς
826 2257 949 2340 θέρος·
980 2255 1027 2321 ἐπὶ
1054 2269 1111 2322 τῶν
1134 2260 1411 2342 κατολιγωρσόντων
1435 2255 1551 2329 ἐντοῖς

320 2355 488 2445 ἀλλοτρίοις
510 2359 530 2447 ἢ
555 2360 698 2447 ἀλλότριοι
720 2368 938 2449 καρπουμένων.
984 2362 1057 2427 DII
1073 2366 1123 2430 75.
1161 2363 1250 2429 Suid.
1275 2362 1374 2433 Coisl.
1402 2367 1449 2430 10.

409 2487 462 2551 20.
492 2485 592 2570 ἀνδρὶ
615 2489 679 2571 γάρ
702 2499 865 2553 πεινῶντι
888 2491 1051 2553 κλέπτειν
1074 2487 1165 2552 ἐστὶν
1190 2488 1339 2576 ἀνάγκη·
1368 2489 1493 2553 ἐπὶτῶν
1517 2488 1550 2561 ἐξ

320 2589 453 2679 ἀνάγκης
476 2618 503 2657 τι
526 2596 694 2659 ποιοόντων.
742 2593 828 2660 Suid.
852 2594 977 2660 Makar.
1000 2605 1026 2657 II
1049 2599 1098 2662 14.

409 2719 460 2782 21.
485 2716 550 2782 ἀνὰ
574 2722 630 2782 σοὶ
652 2719 738 2782 τάδε
761 2725 887 2784 πάντα·
913 2719 961 2784 ἐπί
983 2729 1041 2784 τῶν
1063 2717 1129 2785 ουδὲ
1153 2725 1227 2808 μετὰ
1250 2725 1299 2786 τὸν
1320 2726 1454 2806 κάματον
1475 2720 1552 2786 ἀνιε-

320 2828 427 2910 μένων·
452 2822 486 2889 ἐκ
510 2835 681 2912 μεταφοράς
703 2836 760 2890 τῶν
782 2827 876 2908 βοῶν·
899 2826 1015 2892 ἐπειδὰν
1037 2831 1095 2911 γάρ
1119 2826 1297 2893 ἀπυλυθιῑισι
1316 2837 1366 2893 τοῦ
1385 2827 1478 2912 ἔργω,
1499 2830 1552 2892 τὸν

319 2927 433 3016 (ζυγὸν)
457 2927 583 2996 εἰώθασι
605 2944 647 3015 τῷ
669 2929 855 3018 ἰσχυροτάτῳ
880 2931 1039 2999 ἐπιτιθέναι
1063 2931 1118 3016 βοΐ.
1153 2933 1241 2999 Suid.
1255 2934 1345 3000 Eust.
1359 2955 1390 3019 p.
1407 2936 1549 3015 1676‚5:

320 3034 377 3101 ἀνὰ
400 3043 447 3102 σοί
469 3040 537 3102 τάδε
560 3045 667 3118 πάντα,
693 3043 859 3124 λέπαργε.

411 3166 461 3228 22.
486 3163 591 3236 ἀξίας
619 3163 649 3243 (I
678 3163 733 3236 αἲξ
761 3163 827 3247 εἰς)
855 3169 916 3252 τὴν
946 3165 1088 3251 ἑορτήν·
1117 3165 1165 3230 ἐπὶ
1191 3175 1248 3231 τῶν
1277 3163 1423 3251 εὐκαίρως
1450 3165 1499 3230 ἐπί
1522 3191 1551 3230 τι

321 3269 573 3356 (ἀφικνουμένων).
619 3271 687 3337 Aus
711 3271 769 3336 der
792 3271 917 3338 fflnften
941 3273 1218 3356 ML-Sammlung:
1247 3273 1324 3337 LIII
1337 3273 1393 3360 κη’.
1424 3273 1551 3338 Ειιιιικ

322 3376 593 3462 0111.1118,77.
640 3379 739 3445 Sonat
767 3378 868 3444 findet
898 3379 967 3446 sich
996 3379 1056 3446 das
1086 3378 1284 3465 Spriohwort
1311 3399 1370 3444 nur
1393 3380 1476 3444 noch
1503 3378 1549 3443 im

321 3483 392 3549 eod.
415 3484 518 3550 Paris.
544 3487 645 3551 2650:
674 3485 754 3560 ἄξεις
778 3487 851 3567 (sic)
876 3491 928 3573 τὴν
950 3485 1069 3574 ἑορτην·
1096 3487 1225 3552 ἐπὶτῶν
1250 3483 1382 3574 εὐχερῶς
1405 3485 1478 3573 (sic)
1502 3486 1551 3552 ἐπί

319 3613 344 3654 τι
368 3590 593 3680 ἀφικνουμένων.

414 3789 446 3842 16
467 3789 537 3842 fehlt
556 3789 585 3841 in
606 3789 627 3841 Β
645 3788 780 3843 zwischen
800 3790 852 3844 154
870 3789 927 3842 und
947 3790 1005 3843 155.
1044 3790 1136 3843 Duroh
1161 3790 1205 3844 die
1228 3791 1424 3859 Sprichwbrter
1442 3791 1550 3854 12-,16

464 3878 572 3932 werden
592 3878 636 3932 die
655 3879 765 3933 LIIcken
785 3879 831 3932 des
850 3879 872 3931 B
891 3879 920 3932 in
940 3878 987 3932 der
1006 3879 1257 3947 Excerpten-Beihe
1280 3897 1329 3933 aus
1349 3879 1477 3934 Zenobios
1496 3883 1550 3948 gut

463 3970 588 4036 ergi'mzt:
617 3967 666 4022 das
694 3969 812 4037 Excerpt
839 3967 1031 4022 13145—147
1061 3967 1150 4031 (nebst
1178 3965 1265 4037 ἄριστα
1292 3965 1376 4036 χωλός
1404 3964 1468 4036 οίρεῐ
1491 3967 1550 4020 und

462 4053 596 4116 ἀπώλεσας
614 4057 655 4108 τὸν
675 4049 739 4107 οἶνον
757 4055 822 4124 κτλ.)
846 4058 956 4112 enthffi
974 4057 1174 4126 Sprichwfirter
1196 4074 1246 4111 aus
1269 4057 1366 4112 Zenob.
1390 4057 1437 4111 III.
1458 4056 1548 4110 Buoh:

464 4147 490 4200 M
511 4144 600 4216 111γῖ
625 4144 660 4216 η’.
685 4145 723 4206 ις.
747 4145 796 4197 ια’.
821 4144 871 4216 μγ,
918 4146 1036 4201 ffierauf
1060 4146 1132 4215 folgt
1159 4146 1205 4200 ein
1231 4147 1348 4216 Excerpt
1375 4128 1424 4200 ιὶιι
1450 4145 1549 4200 zenob.

463 4236 578 4290 IBuch:
595 4238 616 4289 B
627 4237 767 4291 148—151
778 4237 868 4299 (nebat
878 4233 1046 4305 ἀνεπαρὶαοαν
1057 4235 1112 4288 und
1118 4233 1177 4286 ἀνθ’
1190 4233 1338 4305 Ἐρμίωνος)
1346 4256 1375 4280 =
1384 4235 1548 4289 P1117-23

465 4327 561 4379 =M1
576 4323 623 4395 νη’.
643 4323 688 4376 κε’.
708 4323 744 4376 ιε’.
764 4322 808 4396 ιη’.
827 4325 863 4394 μ’.
882 4321 937 4393 μθ,
957 4322 1004 4390 οβ’.
1042 4325 1165 4378 ΑΙεάωιιιι
1188 4328 1258 4379 aetat
1281 4324 1339 4378 nich
1362 4325 1411 4378 das
1430 4325 1549 4392 Excerpt

463 4432 512 4468 aus
531 4415 627 4469 Zenob.
647 4415 695 4469 ΙΙΙ.
716 4415 792 4470 Buch
812 4415 912 4470 wieder
929 4414 997 4468 fort:
1018 4414 1196 4468 3152—156
1215 4414 1305 4479 (nebst
1324 4411 1440 4473 Ἀττικός
1458 4412 1549 4482 πάροι-

462 4502 790 4570 no;)=P1124—32=
803 4500 938 4558 M1110a'.
958 4499 1004 4571 ιγ’.
1023 4499 1073 4573 ιη’.
1094 4499 1127 4571 ι’.
1147 4499 1208 4571 ρξε’·
1229 4499 1285 4572 ρξε’·
1304 4499 1364 4572 90βῖ

411 4593 444 4647 17
464 4591 521 4645 und
541 4594 574 4646 18
593 4593 686 4647 fehlen
706 4593 735 4646 in
754 4593 777 4646 B
795 4593 930 4648 zwischen
950 4593 1001 4647 188
1021 4592 1077 4646 und
1096 4592 1156 4646 189.

410 4682 515 4736 19-25
535 4682 596 4736 sind
615 4682 643 4736 in
663 4682 686 4735 B
705 4683 840 4737 zwischen
861 4683 912 4736 192
931 4681 988 4735 und
1008 4683 1059 4736 193
1078 4681 1262 4750 ausgelassen.
