3634 5240
934 1583 1228 1686 LIBER
1262 1584 1336 1686 Π.

1039 1820 1175 1923 eaput
1201 1821 1235 1903 l.

639 1999 659 2078 ξ
684 1997 733 2060 10.
777 1995 831 2060 De
854 1994 891 2060 vi
913 1993 1087 2059 brevium
1111 1995 1147 2058 et
1168 1994 1372 2077 longarum
1395 1995 1656 2079 syllabarum.

612 2131 680 2214 Quo
703 2133 835 2216 quisque
856 2151 965 2198 versus
989 2132 1097 2215 plnres
1120 2133 1260 2198 continet
1282 2135 1419 2217 syllabas
1448 2133 1578 2215 longas,
1613 2151 1656 2196 ee
1686 2137 1762 2196 tran

528 2235 653 2318 quiliior
667 2238 717 2301 est
732 2237 764 2300 et
779 2235 946 2312 remissior,
963 2254 1024 2318 qne
1038 2235 1144 2318 plures
1160 2236 1279 2314 breves,
1297 2257 1331 2302 ee
1347 2237 1538 2302 concitatior.
1563 2238 1682 2318 Atque
1698 2237 1761 2320 plns

529 2339 691 2422 dignitatis
712 2338 828 2404 hebere
851 2338 961 2420 longas
981 2337 1110 2402 iteratas
1133 2333 1239 2422 (φύσει
1261 2335 1323 2425 γὰρ
1338 2339 1505 2424 μεγαλεῖον
1527 2331 1548 2422 ἡ
1571 2337 1695 2426 μακρά
1710 2341 1763 2403 De

527 2445 618 2508 metr.
639 2441 676 2506 de
693 2441 767 2506 elec.
783 2442 869 2523 539)
892 2459 988 2522 quem
1007 2441 1118 2505 breves
1138 2460 1200 2505 nne
1221 2460 1374 2508 consensu
1395 2443 1562 2525 scriptores
1586 2448 1761 2508 testantur:

529 2545 567 2611 ef.
589 2544 717 2610 Aristid.
740 2541 846 2624 Quint
869 2563 899 2627 p.
924 2543 1020 2607 9οΜ
1041 2569 1084 2597 =
1108 2543 1157 2620 55,
1180 2544 1199 2606 3
1219 2543 1255 2609 J:
1279 2539 1314 2609 αἱ
1339 2543 1400 2628 μέν
1425 2541 1580 2630 μακραὶ
1608 2536 1647 2610 τὸ
1668 2568 1762 2629 μεγα-

528 2643 694 2732 λοπρεπὲς
720 2641 848 2722 ένταῖς
869 2643 1004 2726 λέξεσιν,
1034 2639 1070 2709 αἱ
1092 2642 1130 2710 δὲ
1151 2649 1333 2732 βραχεῖαι
1355 2638 1537 2712 τοίναντίον
1561 2643 1762 2729 έμποιοῑτι·

529 2741 590 2814 κᾶκ
610 2751 669 2835 τῆς
689 2742 812 2813 τούτων
834 2743 1017 2824 συνθέσεως
1038 2743 1179 2832 γίνονται
1201 2745 1315 2830 πόδες,
1338 2735 1381 2814 ὧν
1400 2744 1430 2815 ci
1446 2749 1506 2832 μέν
1520 2739 1585 2827 τὰς
1609 2743 1761 2833 μακρὸς

529 2843 603 2938 ἤτοι
635 2837 885 2938 ιιαθηγουμέναςΑ
912 2841 933 2936 ἢ
963 2845 1049 2914 λύειν
1075 2841 1258 2936 ἀμηχάνους
1284 2843 1304 2938 ἢ
1328 2849 1543 2936 περιεχούσας
1569 2844 1594 2939 ’ὴ
1621 2854 1761 2920 πέπονα·

531 2951 649 3036 ζούσας
681 2949 808 3036 έγοντες
841 2943 1044 3040 ἇστειότεροί
1075 2975 1111 3017 τε
1136 2951 1192 3018 καὶ
1220 2951 1409 3041 σεμνότεροι
1430 2950 1486 3018 καὶ
1506 2944 1550 3017 τὰ
1575 2952 1618 3020 ἐκ
1643 2955 1759 3022 τοίνυν

530 3055 683 3142 κόμματα
705 3053 761 3121 καὶ
783 3055 871 3121 κῶλα
893 3055 948 3121 καὶ
971 3049 1120 3142 περίοδοι
1142 3053 1198 3121 καὶ
1216 3054 1331 3142 μέτρα,
1354 3051 1387 3123 οἱ
1403 3053 1440 3122 δὲ
1454 3059 1530 3134 ταῖς
1544 3056 1762 3145 βραχείαις

530 3155 615 3225 κατά
636 3183 710 3225 τινα
731 3163 796 3225 τῶν
818 3151 994 3245 εἰρημένων
1015 3154 1150 3244 τρόπων
1175 3156 1417 3246 περισσεύοντες
1438 3154 1632 3246 ἰσχνότεροί
1654 3185 1694 3227 τε
1716 3161 1761 3226 καὶ

530 3258 769 3348 ταπεινότεροι,
792 3265 874 3346 etp.
898 3261 959 3325 100
975 3261 1009 3325 M
1031 3289 1073 3317 =
1096 3261 1147 3340 60,
1171 3264 1210 3326 37
1233 3264 1269 3330 J:
1293 3256 1326 3328 oi
1348 3260 1408 3345 μὲν
1432 3261 1689 3348 στρογγύλοι
1715 3277 1763 3346 (sc

532 3362 669 3454 ῥυθμοὶ)
701 3361 758 3429 καὶ
792 3359 1002 3452 έπίτροχοι
1032 3359 1175 3451 σφοδροί
1198 3365 1311 3430 τεκαὶ
1333 3363 1613 3451 συνεστραμμένοι
1642 3369 1701 3434 καὶ
1724 3364 1763 3446 εἰς

530 3461 591 3547 τὰς
624 3463 763 3554 πράξεις
789 3461 1041 3554 παρανιλητικοέ,
1073 3461 1106 3532 οἱ
1134 3465 1170 3533 δὲ
1198 3463 1407 3554 περέπλειμ
1428 3471 1494 3533 τῶν
1516 3465 1691 3556 φθόγγων
1714 3465 1760 3554 τι)

533 3567 687 3637 σύνθεσιν
714 3564 837 3652 ἐγοντες
859 3564 974 3635 ὕπτιαί
994 3567 1032 3635 τέ
1053 3563 1119 3635 εἰσι
1140 3568 1196 3635 καὶ
1218 3568 1482 3658 πλαδαρώτεροι,
1518 3565 1549 3636 οἱ
1580 3571 1624 3638 δὲ
1650 3573 1703 3658 με’
1709 3597 1760 3638 σοι

532 3672 723 3760 κεκραμένοι
744 3693 780 3738 τε
802 3669 839 3754 ἐξ
861 3665 985 3760 ἀμφοῖν
1006 3670 1061 3737 καὶ
1087 3669 1265 3758 σύμμετροι
1286 3665 1345 3759 τὴν
1365 3671 1579 3742 κατάστασιν.
1591 3681 1617 3753 l)

619 3777 810 3858 Quinetiam
827 3777 859 3841 in
877 3776 1069 3842 cretionibus
1084 3777 1143 3842 hec
1155 3777 1323 3842 discrimen
1339 3780 1493 3860 quantum
1509 3777 1630 3856 velent,
1643 3783 1761 3847 intelle

533 3881 617 3965 gitur
632 3900 649 3946 e
665 3904 684 3940 e
706 3879 859 3946 Demetrii
875 3882 893 3963 ξ
905 3881 962 3944 4οι
987 3869 1102 3961 σχεδὸν
1116 3871 1178 3966 γὰρ
1194 3873 1278 3959 ὅλως
1291 3873 1331 3947 τὸ
1341 3878 1598 3966 μεγαλοπρεπὲς
1609 3879 1648 3947 ἐν
1661 3889 1760 3950 πᾶσιν

533 3975 620 4070 αὐτῷ
637 3982 893 4069 (sc.Thucydidi)
917 3984 1010 4049 ποιεῖ
1024 3975 1043 4069 ἡ
1057 3983 1113 4047 τοῦ
1136 3985 1291 4069 ῥυθμοῦ
1312 3979 1530 4071 μακρότης,
1552 3987 1625 4069 et§
1644 3991 1703 4053 41:
1727 3981 1759 4052 τὸ

604 4243 627 4305 ²)
646 4238 809 4313 στρογγύλοι
835 4244 899 4296 sunt
924 4240 951 4295 ei
977 4255 1082 4308 versus,
1114 4239 1159 4308 qui
1179 4240 1270 4310 plures
1292 4239 1388 4295 breves
1414 4239 1568 4306 continent,
1595 4248 1697 4298 contre
1719 4245 1757 4312 qni

534 4325 640 4394 longas,
659 4324 812 4399 περίπλεον,
830 4325 857 4380 id
879 4325 949 4394 quod
967 4325 1093 4380 discimus
1110 4341 1136 4394 p.
1155 4327 1190 4379 34
1207 4327 1236 4379 M
1256 4347 1287 4375 =
1306 4327 1348 4391 22,
1366 4325 1399 4379 21
1418 4325 1447 4380 J:
1475 4323 1571 4393 οἱμὲν
1598 4329 1756 4402 στρογγύλον

535 4407 685 4464 καλοῦνται
701 4410 730 4463 οἱ
742 4409 849 4480 μᾶλλον
864 4413 915 4464 τοῦ
934 4409 1044 4466 δέονται
1064 4415 1263 4485 ἐπιτρέχοντες,
1283 4409 1312 4463 οἱ
1328 4408 1357 4463 δι’·
1375 4409 1514 4482 essentne
1534 4408 1564 4462 σι’
1579 4411 1672 4466 πλέον
1689 4415 1704 4482 ἢ
1722 4414 1757 4467 δεῖ

535 4496 654 4566 (codices
672 4494 724 4565 ἤδη
741 4513 790 4567 pre
808 4495 824 4566 ἢ
843 4494 894 4566 δεῖ)
911 4497 964 4564 τὴν
979 4495 1138 4566 βραδυτῆτα
1157 4494 1202 4548 διὰ
1221 4495 1305 4568 (τὴν)
1324 4495 1493 4568 σύνθε<σιν>
1510 4497 1570 4548 τῶν
1582 4498 1704 4568 (eodioes
1715 4499 1754 4554 cei

536 4583 697 4652 συνθέτων,
716 4599 785 4642 corr.
803 4583 957 4654 Westphcl)
977 4583 1111 4656 φθόγγων
1128 4581 1294 4655 ποιούμεναι
