3634 5240
747 417 788 477 43

150 623 209 697 τὸν
232 626 443 700 παιδευτικὸν
464 630 570 700 τόπον
591 639 742 721 pertinet,
773 657 822 714 ea,
857 656 935 719 quae
959 637 1051 702 modo
1074 638 1111 701 de
1134 637 1244 701 morali
1266 655 1376 701 nume-

151 756 258 800 rorum
274 737 304 801 vi
319 738 466 821 prompsi,
489 740 645 804 artissime
661 741 829 805 cohaerent
844 759 916 804 oum
933 741 978 804 eis
998 739 1192 816 testimoniis,
1215 740 1246 802 in
1263 740 1375 822 quibus

151 859 322 922 puerorum
345 842 536 906 educationis
558 844 675 908 mentio
697 845 742 907 fit.

240 944 430 1027 Reoipienda
445 946 541 1029 igitur
556 947 651 1010 estin
669 947 917 1011 adnleseentium
933 946 1162 1010 institutionem
1178 965 1250 1010 oum
1266 945 1376 1009 ceteris

154 1047 294 1110 musione
311 1048 386 1111 artis
402 1049 545 1131 partibus
567 1050 786 1132 rhythmorum
810 1068 932 1131 quoque
956 1048 1134 1131 disoiplina:
1158 1047 1239 1112 Plat.
1255 1049 1327 1129 Leg.
1343 1047 1376 1112 ΙΙ

153 1148 214 1210 661
241 1149 281 1213 C:
303 1153 405 1213 ταῖτα
428 1154 484 1232 (so.
507 1152 632 1216 virtutis
654 1153 777 1234 laudes)
801 1144 840 1236 δὴ
863 1148 964 1236 λέγειν
986 1143 1079 1232 οἶμαι
1100 1142 1175 1228 τοῖς
1199 1141 1277 1235 παρ’
1303 1144 1376 1231 ύμῖν

153 1249 307 1338 ποιητάς,
331 1247 417 1340 άπερ
440 1249 512 1339 tyni,
538 1249 667 1319 πείσετε
687 1252 743 1318 καὶ
766 1245 970 1339 άναγκάσετε,
996 1252 1050 1317 καί
1073 1248 1121 1318 ἔτι
1143 1250 1272 1332 τούτοις
1295 1247 1376 1317 ἕπο-

153 1350 270 1435 μένους
299 1353 472 1442 ῥυθμούς
496 1380 533 1421 τε
559 1354 614 1421 καὶ
643 1349 800 1443 ἁρμονίας
822 1349 1043 1434 ἀποδιδόντας
1066 1354 1271 1422 παιδεύειν
1293 1350 1376 1421 ούτιο

153 1448 229 1534 τοὺς
260 1456 372 1537 νέους
403 1453 506 1542 ripum
541 1460 689 1525 Ps.-Plut.
712 1461 750 1524 do
772 1479 850 1525 mus.
879 1480 903 1524 o.
927 1459 984 1523 26:
1018 1464 1081 1524 τῶν
1104 1510 1111 1524 .
1136 1511 1143 1524 .
1168 1509 1176 1524 .
1200 1456 1239 1523 νί
1247 1483 1298 1523 ιον
1318 1449 1377 1536 τάς

158 1552 264 1640 ψυχάς
290 1551 393 1648 ηἷίοντο
426 1563 481 1646 (so.
518 1558 548 1627 οῖ
581 1561 720 1627 παλαιοί
748 1565 811 1626 τῶν
832 1556 999 1647 Ἑλλήνιον)
1034 1563 1100 1627 δεῖν
1133 1555 1187 1628 διὰ
1219 1565 1378 1647 μουσικῆς

155 1659 312 1728 πλάττειν
333 1686 368 1728 τε
391 1663 445 1729 καὶ
469 1660 679 1750 ῥυθμίζειν
700 1662 757 1730 ἐπὶ
781 1658 820 1730 τὸ
836 1658 1002 1752 εἷ’·σχημον.
1040 1667 1221 1750 Amplifioat
1236 1665 1377 1729 Platonis

156 1769 345 1831 sententiam
379 1771 411 1832 et
439 1771 595 1853 exemplis
630 1769 789 1851 quaeflille
815 1789 878 1834 non
910 1770 1031 1846 adieoit,
1063 1771 1202 1834 illustrat
1239 1769 1378 1834 Galenus

158 1869 197 1933 de
219 1871 341 1952 plaoitis
367 1871 461 1956 Hipp.
485 1878 517 1937 et
539 1873 619 1937 Plat.
643 1872 755 1935 11472
778 1873 807 1936 Κ
829 1901 872 1927 =
894 1893 923 1956 p.
946 1875 1049 1949 452‚9
1071 1872 1118 1936 M:
1142 1863 1216 1948 τοὺς
1237 1869 1298 1953 μὲν
1320 1861 1379 1955 γὰρ

157 1966 193 2034 ἐν
214 1971 354 2037 ταοῖσδε
376 1977 518 2057 ῥυθμοῖς
541 1970 609 2057 ἁμα
631 1972 685 2039 καί
708 1967 878 2058 ἁρμονίαις
906 1972 960 2038 καὶ
983 1971 1225 2060 ἐπιτηδεύμασι,
1247 1964 1319 2051 τούς
1342 1969 1378 2036 δὲ

157 2071 192 2138 ἓν
213 2075 355 2140 τοιοῖσδε
377 2077 577 2142 διαιτᾶσθαι
598 2075 793 2160 κελεύσομεν,
817 2073 930 2159 ὥσπερ
945 2072 962 2142 ὁ
978 2074 1123 2142 Πλάτων
1137 2071 1222 2163 ἡμᾶς
1236 2072 1378 2156 ἐδίδαξε,

155 2171 231 2257 τοῖς
245 2177 305 2262 μὲν
319 2171 453 2264 &petus
469 2179 523 2245 καί
545 2179 691 2267 νωθροὺς
713 2178 766 2245 καί
791 2171 939 2261 άθύμους
962 2174 995 2244 ίν
1017 2203 1052 2246 τε
1067 2184 1136 2260 τοῖς
1150 2173 1281 2266 ὀρθίοις
1296 2184 1380 2266 ῥυθ·

156 2285 232 2364 μοῖς
263 2282 318 2347 καὶ
351 2286 425 2362 ταῖς
457 2281 621 2362 κινούσαις
654 2279 790 2368 ἰσχυρῶς
822 2273 880 2368 τὴν
913 2274 1016 2368 ψυχὴν
1041 2277 1210 2365 ἁρμονίαις
1237 2282 1380 2360 καὶτοῖς

158 2382 317 2464 τοιούτοις
339 2383 576 2473 ἐπιτηδεύμασι
595 2384 776 2472 τρέφοντες,
798 2380 872 2464 τοὺς
894 2383 931 2450 δὲ
954 2383 1199 2470 θυμικωτέρους
1213 2383 1268 2450 καί
1283 2410 1380 2468 μανι-

158 2485 297 2573 κιύτερον
331 2481 489 2577 ᾄττοντας
522 2487 555 2554 ἐν
581 2493 654 2568 ταῖς
687 2485 857 2567 ἐναντίαις.
915 2490 1024 2571 Neque
1057 2492 1171 2554 mirum
1202 2493 1264 2566 est,
1297 2490 1380 2572 quod

158 2592 381 2675 rhythmorum
415 2597 446 2658 et
478 2595 714 2659 harmoniarum
747 2593 947 2677 potissimum
984 2593 1148 2676 disciplina
1174 2597 1298 2677 praeter
1332 2613 1381 2659 oe-

158 2699 242 2760 teras
273 2700 356 2762 artes
384 2698 423 2762 ad
451 2698 620 2763 liberorum
652 2696 772 2761 animos
795 2697 979 2762 excolendos
1003 2699 1077 2779 apta
1099 2715 1167 2761 esse
1199 2698 1379 2779 putabatur.

159 2799 243 2863 Nam
274 2819 347 2865 oum
378 2801 550 2884 plurimum
579 2801 715 2876 intersit,
751 2819 813 2882 qua
845 2801 902 2865 suh
936 2799 1037 2883 speeie
1067 2818 1116 2863 res
1147 2800 1317 2864 imitandae
1350 2803 1382 2865 et

158 2904 238 2966 bene
261 2904 384 2968 vivendi
408 2907 573 2987 praesepta
595 2903 700 2986 pueris
724 2904 789 2967 sint
809 2903 948 2987 proposit
949 2922 981 2978 a,
1012 2903 1042 2966 id
1066 2903 1230 2987 praecipue
1254 2903 1381 2967 studen-

158 3006 308 3071 dumt
260 3010 317 3082 est,
341 3006 538 3071 utiuounda
560 3007 664 3072 videat
664 3027 701 3072 ur
723 3006 896 3090 disciplina.
942 3006 1045 3085 Quam
1070 3007 1248 3070 ineunditat
1249 3011 1382 3082 em,ut

160 3127 255 3192 snpra
278 3111 493 3192 exposuimus,
527 3110 629 3175 verbis
652 3110 773 3175 musioa
806 3109 908 3174 adfert
941 3111 973 3174 et
1006 3108 1132 3173 rooihus
1169 3111 1201 3174 et
1234 3111 1381 3186 numeris,

160 3231 295 3294 quorum
319 3213 456 3278 suavitas
479 3232 519 3277 ne
542 3213 703 3296 imperitos
727 3213 854 3294 quidem
876 3211 965 3293 fugit.
1009 3211 1080 3290 Qua
1101 3212 1139 3276 de
1155 3231 1187 3276 re
1203 3213 1280 3277 haee
1294 3232 1382 3295 prae·

160 3315 236 3432 cipit
263 3316 446 3382 Aristoteles
469 3317 586 3381 Post
611 3315 879 3398 (5115515134ον
906 3317 960 3378 1οε
996 3311 1131 3380 δύναται
1160 3311 1257 3379 ποιόν
1283 3339 1315 3379 τι
1343 3307 1383 3381 τὸ

158 3441 219 3502 της
248 3421 352 3502 ψυχῆς
384 3406 510 3506 ἦθος,
493 3443 512 3481 ν
542 3410 681 3503 μουσικὴ
709 3414 983 3505 παρασκευάζειν·
1012 3412 1040 3482 εἰ
1071 3417 1107 3482 δὲ
1135 3423 1228 3482 τοῦτο
1251 3413 1382 3482 δύναται

159 3523 285 3601 ποιεῖν,
321 3521 417 3606 δῆλον
450 3515 501 3586 ὅτι
536 3517 740 3608 προσακτέον
770 3518 826 3585 καὶ
855 3517 1098 3585 παιδευτέον
1134 3518 1167 3585 ἐν
1199 3512 1279 3608 αὐτῇ
1309 3512 1384 3598 τοὺς

160 3620 280 3702 νέους.
326 3618 395 3689 ἔστι
428 3622 465 3689 δὲ
498 3617 704 3712 ἁρμόττουσα
736 3616 821 3711 πρὸς
845 3615 903 3709 τὴν
930 3619 1026 3709 φύσιν
1057 3620 1115 3709 τὴν
1143 3620 1334 3710 τηλικαύτην
1364 3617 1384 3709 ἡ

160 3722 360 3791 διδασκαλία
373 3733 432 3814 τῆς
445 3730 614 3814 μουσικῆς·
640 3721 670 3792 οῖ
691 3725 753 3810 μὲν
767 3718 827 3812 γὰρ
844 3724 924 3792 νέοι
944 3717 1000 3790 διὰ
1020 3718 1079 3814 τὴν
1100 3720 1227 3812 ἡλικίαν
1248 3720 1383 3808 ἀνήδυν-

160 3852 218 3894 τον
241 3821 335 3894 ούδὲν
356 3824 572 3914 ὑπομένουσιν
594 3826 725 3910 ἑκόντες,
749 3827 768 3915 ἡ
791 3828 827 3895 δὲ
850 3821 989 3916 μουσικὴ
1008 3827 1106 3917 φύσει
1121 3833 1185 3894 τῶν
1199 3823 1386 3917 ᾑδυσμίνιον

161 3927 263 3997 ἐστίν.
286 3929 342 3998 καί
363 3959 413 4012 τις
440 3927 523 3999 ἔοικε
546 3931 712 4020 συγγένεια
736 3936 809 4011 ταῖς
837 3927 1008 4017 ἁρμονίαις
1036 3931 1090 3997 καὶ
1117 3936 1187 4010 τοῖς
1215 3934 1385 4018 ῥυθμοῖς

162 4032 264 4120 (πρὸς
286 4027 343 4121 τὴν
368 4034 489 4122 ψυχὴν>
502 4040 524 4119 ¹)
546 4029 638 4103 εἶναι.
682 4038 784 4117 Quam
807 4056 1010 4102 numerorum
1024 4036 1166 4100 iuoundit
1152 4036 1277 4100 tatem
1270 4055 1301 4098 1n
1318 4055 1384 4099 rem

163 4159 255 4203 suam
277 4134 501 4205 convertens‘
484 4165 502 4206 ο
529 4138 724 4227 Θέογνις..
748 4137 857 4262 ,τοὺς
873 4136 999 4224 μύθους
1021 4128 1165 4224 ἀφεὶς
1137 4131 1366 4224 ὑποθήκας(
1341 4161 1385 4215 ιος

160 4232 275 4326 χρην
244 4240 356 4328 ζῆν,
340 4265 373 4307 εν
394 4247 441 4330 τῷ
462 4241 589 4330 μίτρην
617 4238 803 4330 συνήγαγεν,
835 4237 904 4326 ἁμα
935 4244 992 4307 τοῖ·
1021 4238 1165 4328 μέτρου
1188 4233 1245 4326 τὴν
1266 4236 1386 4325 χάριν

162 4348 270 4432 τηρῶν
290 4343 347 4410 καὶ
367 4351 426 4432 τῆς
446 4339 617 4436 ὑποθήκης
640 4337 891 4433 ἒπεισηνέρων
857 4368 895 4411 το
909 4341 1023 4432 κέρδος
1038 4346 1146 4423 (verba
1161 4363 1220 4408 sun
1222 4343 1386 4427 thphtho

163 4449 207 4514 nii
228 4449 245 4514 I
268 4449 309 4514 68
332 4468 376 4532 sq.
399 4451 439 4514 W
461 4478 504 4507 =
526 4451 577 4527 26,
602 4451 639 4514 11
665 4449 742 4534 Sp).

235 4659 255 4728 ¹)
274 4656 351 4712 Haeo
368 4656 449 4711 verba
468 4655 571 4712 addidit
588 4655 662 4712 Reiz.
