3546 5236
776 443 837 538 uas

298 643 329 698 at
353 637 414 715 illa,
439 657 517 719 artae
539 639 572 700 in
592 639 766 722 propinquo
790 641 958 720 aetatique
982 645 1117 716 uentura,
1141 639 1294 702 desiderat
1309 639 1419 701 lentam

298 745 394 806 (animi
412 745 602 824 firmitatan,
636 765 714 827 qnae
742 753 785 808 est
812 747 917 808 rarior
946 767 1001 808 nec
1026 752 1126 830 potest
1153 747 1214 808 nisi
1240 769 1259 810 a
1287 748 1423 828 sapiente

293 853 460 932 promturi.

187 955 390 1021 enuntiatum
415 956 501 1039 qaod
525 965 589 1022 est:
610 966 686 1042 pato
703 961 868 1041 fortiorem
892 995 917 1004 -
931 995 957 1004 -
977 966 1115 1037 retortam,
1140 965 1175 1022 ut
1195 977 1278 1023 nano
1294 957 1421 1041 legitur,

190 1061 298 1128 verbis
327 1082 410 1145 quae
440 1071 617 1146 sequuntur
644 1083 777 1148 prorsus
807 1071 976 1150 repugnat.
1027 1085 1101 1129 nam
1135 1085 1207 1129 oum
1236 1064 1287 1130 his
1310 1085 1420 1130 narra-

192 1177 258 1234 tum
282 1168 325 1234 sit
348 1169 446 1234 etiam
471 1169 692 1236 timidissimas
716 1169 918 1256 gladiatores
947 1170 980 1236 in
1005 1171 1078 1256 ipsa
1101 1181 1203 1236 morte
1227 1171 1340 1254 iugula
1363 1169 1419 1236 ad·

190 1275 345 1342 versariis
374 1275 500 1343 fortiter
527 1277 732 1362 praebuisse,
761 1278 828 1344 illio
855 1277 968 1343 fortior
996 1277 1115 1344 dieitur
1141 1279 1179 1362 is,
1207 1279 1262 1361 qui
1290 1278 1324 1342 in
1347 1279 1421 1363 ipsa

191 1389 294 1448 morte
318 1383 361 1448 sit
384 1403 480 1466 quam
504 1385 557 1468 qui
583 1385 669 1451 eirea
692 1393 836 1450 mortem.
878 1384 997 1450 deinde
1021 1385 1119 1450 etiam
1135 1385 1259 1452 Bassus
1279 1384 1421 1451 nondum

188 1497 263 1554 erat
286 1490 318 1554 in
341 1491 415 1575 ipsa
438 1499 548 1572 morte,
578 1491 636 1558 sed
661 1492 853 1574 loquebatur
877 1492 917 1557 de
941 1499 1042 1558 morte
1066 1491 1182 1558 vicina.
1229 1513 1313 1575 quae
1337 1491 1420 1557 dilli-

192 1595 330 1663 oultates
373 1596 462 1663 iaoili
505 1618 680 1683 paucorum
721 1599 889 1665 verborum
927 1599 1179 1684 transpositione
1217 1607 1419 1664 amoventur:

186 1725 220 1786 p.
238 1708 268 1788 s.
293 1726 318 1768 e.
343 1728 380 1786 a,
414 1709 474 1790 qni
501 1709 601 1771 eirea
629 1716 779 1772 mortem
813 1715 866 1772 esi
897 1729 1000 1790 oretum
1033 1709 1093 1790 qui
1121 1709 1264 1789 inipso
1295 1715 1419 1770 laerte.

191 1819 248 1875 aut
271 1811 502 1878 aberraverant
525 1812 649 1878 librarii
672 1813 756 1878 oeali
780 1813 821 1878 ab
846 1812 949 1878 altero
979 1816 1031 1897 qni
1058 1811 1101 1877 ad
1125 1813 1270 1896 alterum,
1299 1823 1355 1877 aut
1379 1812 1419 1877 do

192 1916 352 1984 industria
383 1919 595 1985 membrorum
627 1919 706 1985 ordo
740 1920 887 1985 inversus
916 1928 966 1984 est
993 1920 1035 1984 ab
1064 1939 1114 2001 eo,
1147 1920 1201 2002 qui
1230 1919 1419 2004 paradoxon

191 2021 253 2090 hoo
281 2045 344 2090 non
372 2026 586 2093 intellexerat.
641 2026 738 2094 simili
766 2026 911 2108 modo²⁶t
945 2027 1075 2092 turbata
1104 2034 1179 2092 sunt
1205 2028 1306 2091 verba
1337 2047 1421 2110 quae

192 2139 305 2196 extant
333 2133 417 2216 v4,
447 2137 481 2200 2:
517 2137 628 2216 aelian,
658 2139 771 2219 inquis,
800 2138 897 2216 strapis
925 2136 1017 2198 tiores
1043 2137 1117 2200 milti
1143 2156 1232 2218 paam
1261 2137 1420 2200 camiliani

190 2241 293 2321 dares,
324 2248 358 2305 ut
385 2248 471 2307 reete
499 2263 520 2307 a
544 2242 699 2308 Pinciano
731 2250 764 2307 et
791 2241 823 2306 in
852 2240 1085 2306 recentioribus
1114 2240 1306 2324 quibasdam
1330 2240 1421 2305 libris

194 2345 315 2431 scripta
338 2357 421 2428 sunt,
445 2370 515 2415 oum
531 2349 588 2435 Pp
613 2348 670 2414 alii
684 2347 841 2415 habeant:
865 2350 1026 2412 consilinm
1047 2349 1122 2412 otini
1144 2369 1234 2432 qnam
1260 2349 1361 2412 libros.
1378 2385 1421 2392 —-

192 2454 302 2538 paullo
332 2454 465 2522 inferius
495 2458 605 2523 neseio
639 2477 681 2522 au
709 2476 767 2541 pro
797 2459 1024 2539 attemperat
1052 2457 1269 2539 (attemptatur
1297 2453 1332 2539 p)
1361 2457 1422 2519 ad-

192 2567 343 2646 temptat
380 2562 551 2646 legandum
590 2565 645 2649 sit,
682 2562 769 2646 quod
801 2583 871 2628 oum
910 2561 1058 2628 similiter
1095 2561 1215 2628 dietum
1250 2562 1292 2628 sit
1324 2557 1421 2644 atque

194 2665 344 2751 frequens
372 2669 433 2734 hae
461 2671 493 2735 in
522 2671 682 2736 locutione
711 2669 891 2736 intentandi
925 2669 1066 2752 verbum,
1100 2669 1211 2750 altero,
1240 2669 1332 2735 euius
1359 2668 1422 2732 hac

194 2774 431 2857 significatione
464 2779 612 2865 usurpati
645 2799 741 2843 unum
769 2777 830 2842 hoo
864 2777 1045 2861 exemplum
1073 2775 1106 2840 in
1135 2776 1249 2842 lexicis
1280 2775 1422 2850 affertur,

192 2880 290 2964 longe
314 2886 423 2966 aptius
446 2884 583 2950 videtur.

301 3027 355 3092 ep.
381 3029 468 3074 mor.
493 3009 520 3072 V
540 3012 569 3092 9,
590 3011 625 3075 3:
656 3011 797 3094 quioquid
820 3012 964 3092 temporis
988 3011 1120 3088 transiit,
1145 3010 1248 3072 virttem
1273 3009 1336 3072 loro
1361 3015 1422 3070 est:

296 3117 416 3198 par-ita·
447 3119 595 3200 aspicitur
628 3117 688 3198 (sio
720 3137 742 3201 p
770 3113 947 3180 seeundum
974 3113 1145 3178 Chatelain
1179 3136 1208 3198 p.
1237 3117 1327 3194 las),
1359 3136 1422 3176 ram

302 3223 386 3286 iacet.
433 3227 536 3287 mania
560 3226 642 3288 inde
661 3224 852 3308 profondum
877 3223 998 3286 cadant.

194 3328 264 3392 irate
283 3331 475 3413 profundum
499 3330 531 3393 in
555 3330 614 3415 pll
637 3331 678 3394 W
702 3329 776 3395 aliis
801 3336 899 3413 extat,
926 3327 990 3394 nisi
1014 3327 1100 3411 qnod
1125 3327 1157 3391 in
1183 3327 1212 3391 ll
1236 3327 1362 3391 litteras
1385 3329 1423 3390 do

194 3455 309 3500 manus
338 3435 482 3502 seeundo
511 3437 675 3522 expunxit.
725 3435 836 3522 paullo
864 3435 970 3519 magis
998 3434 1178 3519 depravata
1212 3443 1262 3498 est
1290 3433 1423 3498 alterius

195 3541 334 3608 Parisini
366 3543 391 3607 P
421 3544 594 3629 scriptura:
627 3548 732 3610 orrrnin
759 3546 797 3609 de
822 3545 983 3628 profundo
1011 3543 1087 3607 cado
1120 3543 1359 3622 (conuertunt,
1391 3550 1424 3602 ut

195 3647 335 3730 videtur)
359 3653 480 3717 miani.
520 3671 598 3718 vera
621 3659 729 3717 autem
753 3649 849 3716 lentio
872 3654 910 3716 in
932 3651 1025 3714 idem
1042 3673 1075 3733 p.
1090 3647 1218 3713 videtur
1233 3667 1315 3730 esse,
1339 3667 1422 3730 quae

193 3758 315 3842 optime
343 3779 414 3824 enar
445 3759 486 3825 iis
515 3778 597 3842 qnae
625 3756 825 3844 praecedunt
851 3757 961 3824 verbis
988 3759 1091 3822 eodem
1121 3759 1185 3822 loco
1209 3766 1241 3820 et
1263 3777 1327 3820 aaa
1350 3773 1423 3818 eon·

194 3863 332 3949 oinit27).

287 4087 325 4156 ¹⁸)
354 4091 427 4159 apud
454 4091 612 4159 Ampelinm
640 4091 736 4145 xv14
764 4091 848 4144 verba
870 4089 909 4142 sio
933 4087 1079 4142 constituit
1107 4085 1292 4140 Woelfflinus:
1321 4084 1426 4148 Per-ses,

196 4179 324 4248 Philippi
345 4181 429 4248 filius,
451 4197 511 4234 mm
534 4182 664 4234 inanimis
686 4182 774 4248 copiis
797 4180 965 4232 Macedoniis
979 4177 993 4205 ’
1008 4176 1021 4206 *
1039 4185 1064 4230 et
1082 4193 1142 4229 erem
1160 4179 1189 4228 tn
1211 4177 1355 4228 Graeciam
1375 4175 1425 4225 r'm·

192 4277 285 4338 petum
304 4271 418 4334 fecisset,
437 4287 496 4322 enm
515 4271 645 4324 inanibus
663 4270 865 4338 elephantorum
884 4268 1042 4321 &malacria
1056 4293 1071 4304 ·
1086 4293 1104 4304 -
1120 4293 1138 4302 -
1157 4268 1242 4318 victus
1258 4291 1276 4300 -
1292 4290 1311 4300 -
1326 4290 1344 4300 -
1361 4279 1426 4329 pro·

196 4359 276 4426 sepit.
313 4357 424 4413 videtur
442 4358 542 4428 duplex
561 4377 620 4412 rum
641 4357 754 4413 librario
772 4357 898 4412 fraudem
915 4355 1010 4411 lenisse
1028 4358 1057 4410 et
1070 4353 1243 4410 scribendum
1258 4369 1327 4408 esse:
1346 4351 1425 4404 R·-

195 4465 255 4502 enm
274 4465 308 4501 en.
327 4465 348 4501 e.
371 4447 407 4500 a.
426 4455 451 4500 et
469 4465 529 4501 enm
547 4451 676 4503 inanibus
694 4466 715 4502 e.
734 4464 756 4500 s.
776 4463 835 4500 eam
854 4449 884 4498 in
904 4447 1047 4499 Gramion
1068 4447 1086 4496 i.
1105 4444 1137 4509 fl,
1156 4459 1179 4496 e.
1198 4460 1224 4510 q.
1244 4459 1264 4494 s.

288 4533 324 4599 ¹²)
342 4535 441 4591 similis
460 4553 534 4592 error
552 4536 674 4590 nondam
692 4533 854 4590 emendatas
873 4537 914 4590 est
934 4533 1007 4603 apud
1027 4532 1186 4587 Petronium
1208 4531 1271 4586 116:
1297 4532 1345 4598 qui
1364 4547 1427 4584 vero

197 4645 243 4682 nec
261 4643 361 4682 naeres
379 4643 499 4696 unquam
518 4630 654 4681 duxerant
673 4643 719 4680 nee
735 4628 882 4694 proxim
900 4625 1109 4678 necessitudines
1127 4623 1231 4688 noant,
1254 4623 1291 4676 ud
1309 4637 1426 4674 summos

194 4717 309 4772 naiores
324 4719 493 4784 panoniam,
512 4718 547 4770 id
565 4723 612 4770 eet
631 4717 682 4770 soli
696 4716 839 4776 auditores,
858 4717 910 4768 eali
924 4713 1071 4778 fortissimi
1086 4719 1166 4778 mane
1180 4713 1261 4764 etiem
1276 4713 1427 4764 innoeentes
