3514 5244
679 459 831 556 *ff-5.
867 549 889 554 ..

171 657 283 718 londa
307 663 366 736 est3
394 654 435 720 ib.
453 657 493 721 12
517 656 607 738 idque
630 655 703 717 dam
725 657 864 737 accipis
887 675 961 720 esse.
1009 653 1092 718 inter
1115 649 1293 736 scripturas
1317 648 1399 714 satis

170 761 298 844 multas,
326 780 408 843 quas
436 786 457 848 μ
482 760 570 826 solus
598 761 747 844 praebet,
779 761 900 825 nullam
932 760 1040 826 iuveni
1073 758 1206 842 dignam
1239 775 1323 840 quae
1351 775 1398 832 re·

170 869 339 952 ciperetur.

260 993 326 1056 iam
359 1001 497 1077 apparet
529 991 667 1056 omnium
701 990 796 1056 huius
829 991 958 1074 generis
986 990 1132 1056 codicum
1165 989 1264 1053 multo
1294 987 1400 1052 minus

170 1099 309 1185 pretium
332 1119 405 1166 esse
429 1119 525 1182 quam
550 1097 773 1181 antiquiorum.
820 1119 891 1163 cum
919 1106 1026 1164 tamen
1056 1095 1215 1180 quasdam
1242 1094 1400 1160 lectiones

170 1207 248 1271 alibi
273 1227 336 1272 non
360 1206 499 1272 traditas
524 1207 734 1278 servaverint,
758 1224 891 1292 prorsus
915 1225 972 1271 eos
996 1206 1171 1289 neglegere
1193 1223 1257 1268 non
1281 1201 1400 1283 licebit,

173 1311 232 1378 sed
256 1313 303 1377 ita
327 1313 394 1378 iere
418 1333 485 1378 rem
509 1311 686 1395 instituere,
710 1318 891 1396 uteorum,
919 1313 974 1396 qui
998 1311 1110 1398 optimi
1133 1310 1195 1376 visi
1220 1316 1325 1393 erunt,
1353 1309 1399 1372 in-

172 1429 263 1503 tegra
294 1419 466 1484 lectionum
500 1418 722 1504 discrepantia
752 1427 964 1505 proponatur,
998 1439 1037 1484 ex
1069 1417 1215 1500 reliquis,
1248 1413 1399 1498 quicquid

172 1527 315 1610 aliquam
339 1527 511 1591 utilitatem
531 1524 575 1590 ad
590 1525 735 1592 Senecae
748 1527 849 1591 verba
864 1523 1090 1591 constituenda
1103 1523 1224 1590 habere
1242 1521 1400 1606 videatur,

170 1631 343 1716 diligenter
367 1640 521 1698 enotetnr.

258 1779 356 1864 paulo
381 1779 512 1845 maioris
535 1780 632 1866 pretii
657 1789 707 1846 est
730 1781 834 1847 altera
848 1780 1009 1864 quaedam
1025 1779 1172 1844 codicum
1186 1771 1613 1880 recentiorumiissffbffvfflbffl·

170 1887 296 1972 classis,
321 1887 412 1954 cuius
436 1895 501 1952 tres
524 1887 695 1952 Fickertus
720 1886 875 1953 adhibuit
922 1893 996 1953 sunt
1019 1895 1127 1951 autem
1149 1885 1197 1949 hi:
1413 1902 1613 1944 1181111111

259 2012 541 2097 Amplonianus
570 2013 812 2078 Erfurtensis
840 2012 878 2077 in
906 2019 1042 2094 quarto
1071 2013 1091 2076 3
1124 2010 1397 2082 membranaceus,
1450 1965 1572 2016 mm

170 2119 301 2184 saeculo
330 2119 393 2182 XIl
425 2120 555 2185 ineunte
587 2120 619 2184 iu
647 2120 816 2185 Britannia
845 2120 985 2203 scriptus
1015 2115 1080 2203 (Α).
1128 2117 1270 2182 0011111101
1297 2114 1397 2181 libros

169 2225 267 2289 l-V.
308 2245 337 2290 v.
361 2224 403 2291 de
427 2245 465 2292 eo
489 2225 631 2292 Fickerti
655 2229 872 2308 Proleporneua
897 2231 927 2290 in
950 2249 1059 2290 nocam
1084 2225 1216 2290 Senecae
1238 2225 1397 2288 editionem

170 2330 302 2397 scholae
332 2332 498 2399 Portensis
531 2335 762 2418 programmati
792 2335 868 2399 anni
904 2335 987 2400 1830
1016 2331 1198 2418 praemissa
1226 2352 1257 2416 p.
1276 2331 1319 2394 tt
1349 2348 1396 2410 sq.

170 2447 202 2503 et
218 2437 371 2504 editionis
386 2439 448 2504 vol.
463 2439 479 2502 l
492 2461 523 2524 p.
537 2440 609 2524 XX,
633 2440 723 2505 Kritz
747 2441 779 2504 in
795 2441 930 2525 Serapeo
944 2439 991 2504 Xl
1007 2442 1118 2516 (1850)
1132 2459 1163 2524 p.
1180 2439 1254 2521 380,
1278 2433 1398 2501 Scbum

168 2547 423 2612 Beaebreibendes
466 2549 674 2612 Verneicbniss
719 2549 775 2612 der
820 2548 1107 2632 Ampionioniseben
1146 2546 1397 2628 Hontlaolttisten-

167 2655 338 2735 acmnrlunq
360 2657 393 2718 in
416 2655 541 2738 Erfurt,
566 2654 707 2720 Berolini
734 2657 828 2738 1881,
852 2676 882 2739 p.
907 2657 981 2722 287.

256 2779 556 2861 Bambergeusis
578 2779 611 2844 M
632 2779 675 2844 IV
696 2783 718 2846 4
743 2779 879 2858 tlaeckii
907 2782 1004 2860 1090)
1029 2780 1302 2859 membranaceus,
1326 2795 1396 2842 sae·

167 2883 231 2948 culi
261 2885 342 2949 XlIl
375 2885 549 2951 secundum
582 2886 782 2968 Fickertum‚
814 2886 891 2950 XIV
923 2887 1098 2954 secundum
1131 2887 1288 2952 Haasium
1320 2881 1397 2948 edit.

168 2989 231 3056 vol.
245 2990 293 3054 Ill
307 3013 337 3076 p.
352 2991 448 3056 XXII
465 2991 523 3076 (b).
545 2992 687 3059 continet
710 2993 810 3058 libros
833 2993 930 3058 l—V.
967 3014 996 3059 v.
1020 2993 1163 3060 Fickerti
1178 2995 1398 3074 Prclcpomenc

168 3119 199 3181 p.
220 3099 263 3164 49
288 3105 319 3162 et
343 3097 496 3164 editionis
519 3100 581 3164 vol.
603 3099 618 3162 l
640 3121 671 3184 p.
687 3100 759 3164 XX.

257 3223 608 3306 Argentoratensis
635 3225 914 3306 membranaceus,
943 3224 1092 3290 incendic
1121 3223 1197 3288 anni
1227 3223 1396 3289 181081)-

168 3335 323 3413 sumptus.
351 3329 435 3396 hunc
452 3329 624 3396 Oberlinus
639 3331 780 3398 Fessleri
796 3331 828 3396 in
849 3351 940 3396 usum
961 3331 1150 3416 contulerat
1170 3348 1232 3413 quo
1251 3337 1396 3413 tempore

168 3433 267 3500 libros
300 3435 392 3500 I-V
426 3445 458 3502 et
491 3437 686 3502 Vll-Xlll
723 3438 917 3504 continebat.
971 3437 1113 3504 Fessleri
1150 3435 1280 3504 schedis
1317 3455 1396 3502 usus

167 3541 340 3609 1101181100
373 3544 443 3610 eius
475 3545 653 3629 scripturas
686 3551 763 3610 nota
801 3546 877 3628 Arg.
892 3546 920 3614 b.
954 3544 1156 3630 significatas
1188 3543 1221 3609 in
1253 3543 1395 3610 editione

166 3649 343 3734 proposuit.
381 3671 409 3715 u.
433 3654 653 3734 Prolqpneuc
677 3673 707 3737 p.
723 3655 767 3719 53
792 3661 824 3718 et
848 3651 923 3718 edit.
947 3653 1009 3718 vol.
1030 3653 1078 3716 lli
1100 3674 1132 3738 p.
1148 3651 1219 3716 XX.
1259 3649 1396 3716 eundem

167 3755 282 3821 librum
314 3757 412 3842 paulo
445 3768 520 3843 post
552 3759 676 3824 duobus
709 3759 986 3843 quaternionibus,
1019 3759 1052 3825 in
1085 3758 1200 3842 quibus
1234 3755 1395 3843 epistulae

165 3864 219 3945 44,
233 3865 363 3948 4-52,
381 3866 422 3930 10
436 3863 472 3929 F.
486 3865 686 3949 legebantur,
711 3865 889 3952 deperditis
914 3865 1098 3950 ultimisque
1121 3865 1208 3932 soliis
1228 3864 1395 3948 abscissis,

167 3975 201 4032 ut
231 3967 333 4034 codex
363 3969 395 4035 in
423 3971 531 4037 verbis
559 3975 591 4037 in
619 3977 805 4038 contrarium
834 3976 903 4038 lta-ic
925 3979 1068 4058 effectam
1090 3996 1209 4039 00011110
1231 3975 1396 4056 infelicitas

167 4086 254 4158 asper
277 4079 343 4160 (81,
358 4080 402 4144 20
417 4077 465 4158 F.)
490 4078 662 4164 desineret,
685 4080 824 4145 loannes
841 4081 1172 4164 Schweighaeuserus
1196 4079 1339 4146 excussit
1362 4087 1395 4144 et

167 4182 291 4266 aliquot
319 4185 389 4250 eius
417 4185 574 4252 lectiones
603 4186 637 4251 in
665 4185 807 4252 editione
841 4187 1053 4273 epistularum
1083 4187 1258 4272 Bipontina
1290 4185 1395 4251 altera

167 4290 374 4372 Argentorati
389 4311 473 4357 auno
491 4295 575 4359 1809
600 4294 718 4359 emissa
733 4295 922 4359 memoravit
946 4295 1066 4378 (Argb
1084 4295 1138 4359 vel
1152 4295 1173 4360 b
1187 4325 1222 4348 =
1237 4293 1282 4358 Sb
1306 4292 1394 4379 apud

166 4397 376 4475 Fickertuml.
422 4399 542 4466 rectius
575 4407 682 4465 autem
712 4421 784 4466 eum
813 4402 854 4466 ab
886 4401 947 4466 boc
979 4399 1149 4466 undecimo
1178 4401 1309 4466 saeculo
1341 4401 1394 4464 vel

168 4504 359 4571 duodecimo
388 4527 484 4589 quam
513 4508 554 4572 ab
579 4505 732 4573 Oberlino
761 4506 885 4573 decimo
910 4507 1041 4573 attribui
1065 4515 1161 4573 etex
1185 4527 1223 4572 eo
1247 4514 1393 4592 apparet,

167 4611 253 4695 quod
266 4613 329 4677 101.
345 4611 376 4676 Π
390 4633 420 4698 p.
435 4616 500 4680 240
515 4634 571 4698 sq,
593 4615 648 4679 nbi
673 4613 817 4680 codicem
841 4623 992 4681 accurate
1016 4614 1178 4699 describit,
1202 4615 1394 4700 scripturam

166 4719 304 4787 eiusad
334 4719 506 4786 Gothicam
534 4741 618 4804 quae
646 4729 778 4787 vocetur
805 4721 921 4788 leniter
949 4721 1104 4788 inclinare
1127 4720 1228 4787 tradit
1251 4729 1283 4786 et
1307 4721 1393 4805 quod
