3480 5230
793 399 832 466 b'i

706 491 916 504 m

201 629 348 712 corrupta
369 628 424 694 illa
445 625 557 694 verba:
580 616 674 713 ’ὄγκου
687 667 702 676 -
716 625 794 693 -καί
818 622 851 694 oi
875 621 1055 714 φαντασίαι
1071 625 1422 714 παρασκευαστικιότα-

200 751 267 794 ται.
300 726 397 797 οὕτω
425 736 513 818 γοῦν
540 725 825 812 εἰδωλοποιίας
851 723 970 811 αὐτὰς
992 725 1093 798 ἔνιοι
1114 728 1285 819 λίφουσι.
1322 734 1422 800 Vaca-

200 832 312 900 bulum
333 836 428 919 igitur
449 837 630 914 technicum
652 837 748 902 tradit
770 839 879 903 auctor
901 837 970 902 aliis
993 836 1154 914 usitatum,
1177 837 1259 918 quod
1281 837 1348 921 ipse
1363 837 1422 902 im·

200 938 325 1020 prohat,
355 942 468 1026 quippe
496 940 549 1023 qui
580 939 645 1005 iere
673 959 797 1024 semper
825 935 1010 1027 (portacione
1038 939 1137 1017 dicat,
1168 940 1267 1005 semel
1294 943 1421 1006 tautum

198 1033 423 1108 είόωλοποιιῖν
445 1045 484 1126 (ο.
507 1043 557 1120 lo,
581 1041 624 1126 7).

286 1144 348 1225 Qui
373 1148 490 1213 ineunt
516 1147 562 1211 ilii
588 1139 665 1210 ἐνιοι
692 1149 729 1211 ut
756 1147 959 1228 indagemus,
982 1146 1159 1210 accuratius
1193 1146 1417 1228 inquirendum

199 1249 289 1313 nohis
305 1251 402 1316 estin
418 1251 595 1333 generalem
618 1250 760 1314 vocabuli
771 1245 936 1336 φαντασία
953 1250 1049 1314 finem
1072 1250 1111 1314 ab
1134 1249 1200 1333 ipso
1216 1249 1340 1314 auctore
1356 1253 1420 1314 tra-

201 1352 317 1417 ditum:
340 1353 488 1418 καλεῖται
509 1349 570 1435 μίν
590 1347 651 1437 γὰρ
673 1357 787 1430 κοινῶς
802 1348 966 1439 φαντασία
981 1355 1050 1415 πᾶν
1064 1347 1103 1416 τὸ
1120 1344 1268 1416 ὁπωσοῦν
1283 1347 1420 1437 ἐννόημα

199 1447 380 1542 γεννητικὸν
406 1452 502 1540 λόγου
529 1451 788 1537 παριστάμενονε
822 1449 987 1542 φαντασία
1014 1455 1111 1538 igitur
1135 1455 1296 1519 communi
1325 1474 1418 1520 sensu

200 1558 315 1622 dicitur
337 1560 466 1642 quodvis
489 1559 670 1640 cogitatum,
693 1559 776 1641 quod
799 1559 965 1625 verborum
989 1557 1129 1624 efficiens
1153 1558 1257 1622 animo
1273 1559 1417 1622 occurrit.

201 1659 388 1744 Spengelins
416 1681 489 1727 cum
515 1660 696 1726 offendisset
722 1662 755 1725 in
776 1662 871 1726 verbo
892 1657 1134 1746 παριστάμενον
1156 1661 1259 1726 dativo
1281 1664 1419 1739 carente,

199 1765 332 1829 correxit
353 1759 533 1850 ἐννοήματα
574 1763 635 1830 Sed
660 1769 691 1829 et
713 1759 949 1849 παρίστασθαι
972 1764 1018 1842 (in
1034 1765 1175 1828 mentem
1189 1763 1309 1842 venire)
1325 1781 1417 1845 saepe

200 1865 341 1932 absolute
375 1867 494 1932 dictum
521 1869 570 1932 est
597 1870 630 1933 et
656 1862 826 1952 ἐννοήματι
854 1861 1087 1951 παρίστασθαι
1113 1866 1164 1930 vix
1191 1864 1251 1930 dici
1277 1865 1417 1948 potuisse

198 1969 346 2045 arbitron
366 1989 442 2036 nam
454 1965 590 2055 ἐννόημα
601 1971 700 2048 estid,
712 1971 795 2054 quod
817 1965 850 2033 ἐν
872 1973 918 2056 νῷ
939 1971 1091 2046 versatur,
1102 1968 1134 2033 id
1149 1968 1230 2051 quod
1253 1968 1418 2050 cogitatur,

4 2127 9 2152 ,,
74 2101 82 2112 ·
198 2089 261 2137 uon
287 2073 335 2138 vie
364 2073 519 2156 quaedam
545 2073 703 2156 cogitandi
730 2074 780 2138 vel
806 2073 942 2139 visiones
969 2070 1172 2155 concipiendi.
1220 2069 1417 2136 Vocabulum

94 2213 96 2216 -
198 2167 339 2258 ἐννόημα
367 2174 542 2242 Stoicorum
574 2178 622 2241 est
650 2175 823 2260 proprium;
857 2175 1042 2240 Aristoteles
1076 2174 1174 2239 semei
1208 2192 1243 2238 eo
1276 2173 1384 2238 utitur.
1395 2177 1416 2253 ¹)

196 2274 247 2339 Illi
281 2271 419 2362 ἐννόημα
447 2279 603 2362 explicant
628 2275 804 2364 φάντασμα
832 2271 979 2354 διανοίας
1005 2267 1076 2342 οίτε
1098 2267 1281 2342 reducitur
1308 2271 1416 2354 ποιόν,

196 2370 311 2442 ὡσανεὶ
346 2375 382 2446 δι’
408 2403 441 2444 τι
467 2371 505 2446 ’όν
531 2378 586 2445 καί
614 2375 731 2446 ώσανιί
762 2376 901 2463 ποιόν.’)
950 2379 1075 2445 Dicitur
1102 2381 1209 2444 autem
1238 2373 1416 2464 φάντασμα

196 2480 275 2547 illud
298 2477 452 2568 ἐννόημα,
480 2483 563 2564 quod
587 2503 649 2548 non
672 2502 722 2547 res
746 2484 847 2560 adest,
870 2501 934 2565 qua
955 2476 1120 2568 φαντασία
1142 2483 1307 2558 excitatur,
1330 2482 1416 2545 velut

196 2583 221 2647 si
246 2603 362 2667 equum
384 2585 442 2650 tibi
464 2588 678 2669 repraesentes
701 2587 805 2650 animo
827 2605 860 2650 ve
883 2603 957 2650 vera
977 2603 1039 2649 nou
1061 2586 1274 2667 praesentem:
1298 2574 1415 2647 ἀνατί-

196 2709 300 2768 πωμα
328 2685 437 2752 ἵππου
464 2684 509 2774 μὴ
538 2684 743 2774 παρόντος.3)
793 2688 875 2754 Zeno
899 2685 1026 2770 quidem
1048 2689 1081 2751 et
1103 2686 1271 2752 Cleanthes
1292 2708 1415 2772 φαντα-

194 2784 268 2852 σίαν
289 2789 457 2854 finiverunt
478 2785 626 2856 τύπωσιν
647 2787 680 2854 ἐν
705 2795 807 2876 φιχῇς
830 2789 1035 2872 Chrysippus,
1058 2789 1113 2871 qui
1134 2784 1279 2854 τύπωσιν
1300 2789 1414 2872 impru-

193 2891 304 2968 bahat‚
327 2881 501 2957 ἀλλοίωσιν
522 2895 573 2959 vel
595 2887 778 2978 ὲτεροίωσιν
799 2894 856 2976 τῆς
879 2894 1018 2976 φιηίηςί)
1041 2910 1112 2956 eam
1128 2892 1216 2967 dicit;
1239 2892 1413 2956 secundum

193 2993 398 3059 Plutarchum
411 2999 517 3061 autem
531 2996 582 3078 (de
597 2997 676 3079 plac.
689 2995 799 3079 philos.
810 2995 854 3059 IV
870 2997 908 3058 12
921 3021 962 3051 =
974 2992 1074 3072 Diels,
1085 2994 1218 3076 Dcrogr.
1232 2993 1285 3059 Gr.
1297 3014 1326 3077 p.
1338 2995 1414 3074 401)

192 3096 366 3181 Chrysippo
388 3094 557 3184 φαντασία
580 3100 630 3164 est
643 3093 759 3176 πάθος
782 3095 815 3162 ἐν
838 3101 879 3185 τῇ
904 3099 993 3184 ψυχῇ
1014 3092 1191 3181 γινόμενον,
1216 3091 1413 3178 ἐνδεικνύμε-

192 3221 244 3263 νον
271 3191 369 3265 ίαι-τό
395 3223 430 3265 τε
457 3199 512 3266 καί
541 3197 580 3269 τό
609 3195 801 3286 πεποιηκός.
845 3199 968 3264 Harum
991 3200 1209 3265 definitionum
1231 3199 1319 3263 nulla
1341 3218 1413 3263 con·

194 3301 279 3383 gruit
301 3321 373 3366 cum
396 3323 446 3381 ea,
470 3323 565 3386 quam
586 3301 686 3368 tradit
707 3307 816 3368 auctor
837 3302 908 3368 libri
930 3298 1008 3388 πιρί
1030 3296 1142 3386 dcccc.
1189 3301 1249 3367 Sed
1272 3302 1412 3383 Diogene

193 3405 274 3468 teste
298 3405 393 3469 etiam
416 3409 600 3491 ampliorem
623 3407 782 3471 notionem
805 3405 994 3470 vocabulum
1015 3397 1180 3490 φαντασία
1196 3404 1307 3468 habuit
1328 3403 1411 3487 apud

192 3505 322 3571 Stoicae.
358 3509 401 3572 Hi
424 3510 507 3574 enim
523 3509 706 3574 discernunt
720 3503 903 3592 φαντασίας
917 3497 1161 3592 καταληπτικός
1176 3510 1209 3572 ct
1223 3497 1411 3592 ἀκαταλήπ-

191 3631 273 3686 τοις.
312 3611 379 3676 Has
401 3613 447 3676 ita
467 3612 638 3695 explicant:
659 3600 889 3697 ἀκατάληπτον
911 3613 965 3690 (sc
982 3604 1164 3696 φαντασίαν
1179 3606 1278 3695 φασί)
1295 3605 1332 3672 δὲ
1354 3605 1412 3691 τὴν

191 3701 241 3794 μὴ
269 3703 350 3776 άπὸ
376 3705 622 3797 ὑπάρχοντος
649 3704 670 3800 ἢ
698 3703 769 3777 άπὸ
790 3706 991 3798 ὑπάρχοντος
1012 3708 1086 3794 μέν,
1107 3711 1153 3796 μὴ
1175 3703 1245 3774 κατ’
1270 3701 1350 3774 αὐτὸ
1372 3707 1410 3774 da*

189 3805 229 3877 τό
258 3806 417 3899 ὑπάρχον,
448 3812 507 3901 τὴν
534 3807 580 3898 μὴ
608 3817 709 3902 τρανῆ
737 3811 820 3901 μηδὲ
849 3809 1033 3894 levemont)
1082 3813 1194 3896 Itaque
1222 3834 1260 3879 ea
1286 3833 1409 3895 quoque

190 3913 356 4002 φαντασία
391 3918 516 3995 dieitur,
550 3937 645 4001 quam
677 3917 870 4001 concipimus
897 3937 929 3982 re
957 3936 1020 4000 qua
1047 3918 1200 3982 excitetur
1226 3935 1289 3980 non
1321 3935 1409 3999 prae-

190 4022 289 4085 sente.
347 4019 436 4101 Quae
480 4020 663 4103 significatio
702 4039 776 4086 cum
808 4020 946 4104 proxime
981 4019 1109 4086 accedat
1141 4020 1181 4084 ad
1217 4013 1409 4103 ἐννοήματα·

258 4280 279 4343 ¹)
298 4277 423 4347 Metaph.
442 4275 457 4330 I
477 4279 489 4332 i
509 4295 535 4346 p.
556 4278 619 4334 938·
641 4278 666 4331 6.

256 4367 280 4428 ⁸)
298 4363 376 4432 Diog.
394 4362 424 4418 11·
443 4361 501 4418 vn
518 4363 560 4418 61.

256 4452 281 4505 ⁸)
299 4449 375 4516 arog.
396 4449 427 4504 h.
445 4447 501 4503 v11
520 4450 561 4503 61.

255 4537 280 4600 ⁴)
299 4533 378 4605 Dicg.
396 4535 428 4589 L.
447 4533 504 4590 VII
521 4535 564 4590 45.
581 4537 628 4601 5⁰3
647 4535 721 4591 Sext
741 4535 843 4604 lampa.
863 4533 922 4588 adv.
942 4533 1026 4590 math.
1048 4530 1103 4588 vll
1122 4534 1181 4586 229.
1200 4534 1259 4588 372.

255 4622 278 4687 ⁵)
297 4619 374 4690 Diog.
393 4621 424 4676 h.
443 4619 499 4676 v11
517 4622 559 4677 46.
