3560 5238
717 419 847 492 ‘25

300 621 390 688 Paul.
406 623 479 706 224,
496 623 537 688 14
564 623 856 690 ›Praenominibas
881 620 1017 706 feminas
1042 639 1118 687 esse
1139 619 1326 706 appellatas
1350 620 1440 686 testi-

211 729 318 796 monio
342 737 416 797 suut
439 728 583 796 Caecilia
607 735 640 797 et
658 729 823 816 Tarracia,
847 751 931 814 quae
954 730 1070 796 ambae
1085 727 1209 795 Gaiae
1233 727 1353 794 solitae
1376 726 1441 794 sint

211 837 383 925 appellari,
404 838 475 924 pari
498 837 594 904 modo
617 838 738 904 Lucia
761 843 794 904 ct
817 838 933 903 Titia«

300 946 391 1013 Paul.
424 947 475 1031 95,
506 949 546 1013 18
586 948 706 1014 »Gaia
739 949 910 1014 Caecilia
943 944 1111 1031 appellata
1143 952 1207 1030 est,
1240 945 1440 1043 ut'1Romam

211 1054 309 1139 uenit,
346 1073 429 1138 quae
466 1060 563 1121 antea
599 1053 761 1138 Tanaquil
797 1053 942 1120 uocitata
979 1060 1062 1137 erat,
1103 1074 1197 1119 uxor
1233 1051 1440 1137 Tarquinii

212 1161 336 1228 Prisci
368 1162 474 1246 regis
504 1162 733 1246 Romanorum,
766 1181 849 1245 quae
882 1168 993 1227 tantae
1020 1160 1192 1247 probitatis
1226 1159 1300 1246 fuit,
1337 1166 1373 1225 ut
1406 1160 1439 1225 id

211 1289 327 1334 nomen
351 1269 465 1336 ominis
487 1270 564 1335 boni
587 1289 688 1336 eausa
711 1268 915 1353 frequentent
936 1269 1109 1351 nubentee3
1138 1287 1235 1353 quam
1259 1287 1438 1334 summam

212 1383 403 1444 assederant
426 1375 629 1442 lanificam
652 1376 806 1443 fuisses

301 1484 363 1549 Die
394 1483 514 1550 letzten
546 1483 663 1549 beiden
696 1482 836 1550 Glossen
868 1483 1040 1567 beweisen,
1074 1482 1153 1551 dass
1185 1481 1318 1549 Verrius
1352 1481 1440 1547 einer

213 1589 813 1674 zusammenbangendenDarstellung
822 1590 940 1674 folgte3
955 1589 1126 1657 derselben
1141 1588 1213 1655 sind
1223 1588 1438 1656 wabrsohein-

212 1699 275 1764 liob
300 1698 383 1764 anch
407 1697 460 1764 die
484 1697 619 1782 librigeu
642 1699 801 1783 Angaben
830 1699 910 1765 liber
937 1697 991 1764 die
1015 1698 1197 1763 Vornamen
1212 1703 1437 1763 'entnommem

212 1805 244 1872 S.
267 1807 317 1890 19,
337 1807 378 1872 15
392 1809 519 1891 Anaua·
546 1810 598 1892 26,
617 1810 655 1874 11
671 1811 842 1895 Aquiliae·
865 1808 917 1890 96,
932 1808 952 1873 8
969 1807 1094 1889 aneae·
1107 1799 1225 1888 '130‚1
1247 1805 1440 1879 Memnone,-

212 1912 286 1995 359,
303 1914 353 1978 ·19
391 1914 505 1997 Talna·
541 1915 615 1998 366,
643 1916 664 1981 9
693 1916 795 1981 Tituli
823 1911 868 2000 (i)
904 1911 971 1979 und
1007 1915 1081 1996 151,
1108 1915 1121 1978 l
1160 1913 1304 1979 Manliae
1333 1916 1439 1998 pentir

212 2017 290 2108 (vgl.
314 2019 368 2086 die
391 2019 509 2087 slosse
533 2023 734 2102 Numerius).
780 2021 833 2086 Da
857 2021 889 2086 S.
913 2022 965 2104 57,
992 2022 1032 2087 14
1056 2020 1114 2086 der
1135 2019 1291 2084 Beiname
1315 2017 1437 2084 Caesar

212 2125 419 2192 unmittelbar
450 2128 534 2193 nach
561 2127 635 2193 dem
659 2128 840 2193 Vornamen
865 2128 969 2194 Caeso
1003 2126 1127 2192 erklart
1157 2123 1240 2191 wird
1271 2124 1338 2191 und
1370 2125 1439 2191 sich

213 2235 244 2301 S.
260 2236 333 2319 238,
349 2236 389 2301 31
416 2235 450 2299 in
473 2241 604 2319 engster
617 2234 828 2318 Verbindung
850 2235 908 2300 mit
932 2235 1021 2302 einer
1044 2254 1104 2302 aus
1127 2234 1229 2298 Varro
1254 2231 1439 2299 entlehnten

211 2341 417 2426 Bemerkung
439 2344 598 2426 Angaben
625 2344 704 2408 liber
732 2341 786 2408 die
814 2342 1018 2426 Entstehung
1046 2341 1103 2407 der
1126 2340 1302 2406 Beinamen
1325 2340 1439 2405 Plotus

213 2449 277 2515 und
304 2450 477 2516 Postumus
502 2449 620 2535 finden,
652 2450 696 2516 ist
724 2470 760 2516 es
787 2450 851 2515 wol
879 2449 1028 2534 mbglioh,
1059 2450 1138 2516 dass
1168 2446 1252 2514 auch
1275 2447 1328 2512 die
1352 2446 1438 2511 nabl-

212 2557 342 2623 reichen
364 2556 590 2642 Erklarungen
613 2578 676 2623 von
698 2558 876 2624 Beinamen
904 2557 970 2624 und
994 2555 1324 2625 Geschlecbtsnamen
1352 2553 1438 2621 dem-

213 2665 324 2731 selben
346 2665 447 2730 Werk
471 2663 530 2730 des
552 2665 655 2730 Varro
679 2671 881 2731 entnommen
905 2665 987 2731 sind.

301 2771 338 2836 In
362 2771 526 2838 lihnlioher
548 2773 659 2838 Weise
682 2773 783 2839 bietet
806 2772 869 2839 den
892 2772 1013 2838 Anhalt
1037 2772 1087 2837 fur
1110 2771 1163 2838 die
1184 2768 1440 2853 Aussondetung

213 2879 302 2946 einer
324 2879 478 2944 weiteren
502 2878 790 2966 Glosseu-Gruppe
810 2880 943 2965 Seneca,
967 2879 1107 2945 welcher
1129 2879 1172 2942 im
1196 2879 1332 2943 nweiten
1349 2876 1437 2942 Buoh

213 2985 271 3051 der
293 2992 496 3074 quaestiones
520 2988 685 3055 naturales
718 2987 851 3071 langere
879 2987 1029 3070 Ausnuge
1062 3006 1121 3052 aas
1149 2984 1223 3050 dem
1250 2984 1350 3051 Werk
1378 2983 1438 3051 des

214 3093 355 3158 Caecina
383 3097 422 3160 de
445 3095 583 3162 Etrusca
612 3098 790 3182 disciplina
818 3094 916 3178 giebt.
960 3094 1020 3159 Mit
1051 3093 1147 3159 ihnen
1179 3091 1338 3158 berilhren
1370 3091 1438 3157 sich

213 3222 277 3285 eng
303 3199 357 3266 die
384 3200 556 3286 Angaben‚
584 3201 707 3268 welche
730 3202 849 3268 Festus
876 3202 955 3268 uber
978 3199 1031 3266 die
1056 3199 1309 3266 verschiedenen
1339 3197 1440 3264 Arten

213 3307 270 3373 der
292 3307 397 3374 Blitne
419 3307 536 3374 macht.

302 3415 375 3482 Seu.
398 3438 428 3483 u.
452 3438 481 3500 q.
505 3417 608 3483 1141:
637 3417 746 3484 »Haeo
769 3416 876 3484 adbuc
897 3417 1042 3484 Etruscis
1065 3417 1332 3503 philosophisque
1355 3435 1439 3482 com-

211 3523 321 3588 munia
353 3529 441 3607 sunt3
478 3525 513 3589 in
543 3523 624 3590 illud
658 3524 866 3610 dissentiunt,
900 3524 987 3609 quod
1019 3525 1139 3590 fulmen
1171 3544 1192 3589 a
1219 3525 1297 3590 Ioue
1329 3522 1440 3589 dicunt

212 3631 295 3696 mitti
318 3637 351 3697 et
373 3637 452 3698 tres
476 3629 536 3696 illi
559 3632 760 3699 manubias
784 3631 884 3698 dant.
929 3633 1042 3718 prima,
1070 3639 1106 3698 ut
1128 3632 1227 3717 aiunt
1254 3637 1440 3697 monetet

211 3738 369 3823 placata
393 3745 452 3804 est
475 3746 507 3804 et
529 3739 633 3824 ipsius
655 3739 744 3806 Iouis
768 3739 903 3806 consilio
927 3739 1071 3805 mittitur.
1122 3737 1298 3806 secundam
1320 3737 1440 3804 mittit

212 3845 359 3932 iupiter
386 3846 537 3931 quidem
566 3847 634 3915 sed
663 3870 707 3915 ex
735 3848 891 3915 consilii
922 3848 1131 3916 sententia:
1160 3846 1240 3914 deos
1268 3846 1439 3914 duodecim

212 3953 360 4019 aduocat.
397 3952 458 4019 hoc
477 3952 596 4021 fulmen
620 3955 696 4021 boni
719 3955 844 4039 aliquid
867 3954 1043 4040 aliquando
1066 3955 1154 4040 facit,
1178 3954 1238 4021 sed
1261 3962 1337 4021 tunc
1360 3974 1437 4038 quo-

212 4080 274 4143 que
305 4081 370 4127 non
401 4060 505 4145 aliter,
537 4082 633 4144 qnam
665 4068 700 4127 ut
732 4069 861 4147 noceat,
898 4085 957 4130 nec
985 4063 1119 4150 prodest
1149 4061 1278 4146 quidem
1310 4062 1439 4147 inpune.

212 4168 340 4233 tertiam
366 4167 551 4233 manubiam
578 4168 667 4234 idern
700 4168 822 4255 Iupiter
849 4171 947 4236 mittit
979 4171 1038 4238 sed
1065 4169 1256 4236 adhibitis
1288 4170 1325 4235 in
1353 4188 1438 4235 oon·

212 4275 339 4340 silium
364 4274 436 4359 dis,
461 4295 554 4358 quos
579 4278 801 4362 superiores
822 4284 853 4343 et
873 4277 1035 4344 inuolutcs
1054 4284 1207 4362 uocant,
1231 4279 1307 4361 quia
1320 4284 1440 4362 uastat,

211 4382 244 4447 in
268 4402 352 4465 quae
375 4380 497 4466 incidit
526 4389 559 4448 et
584 4383 695 4467 utique
718 4391 841 4449 mutat
864 4391 1004 4450 statum
1026 4385 1190 4469 priuatum
1213 4391 1246 4450 et
1266 4385 1439 4471 publicum,

211 4508 306 4573 quem
332 4489 464 4554 inuenit.
509 4489 595 4573 ignis
624 4491 708 4556 enim
736 4490 816 4556 nibil
846 4512 919 4558 esse
947 4490 1044 4575 quale
1071 4491 1132 4557 fnit
1158 4493 1307 4577 patitur«
1361 4491 1438 4559 ibid.

212 4615 238 4662 o.
262 4598 319 4682 40,
347 4604 382 4662 3:
419 4596 582 4663 »nullum
614 4597 766 4683 quidem
799 4599 882 4665 sine
918 4599 1007 4684 igne
1043 4599 1184 4666 fulmen
1221 4600 1339 4686 uenit,
1380 4599 1439 4667 sed

210 4709 319 4774 tamen
351 4703 412 4770 hoc
444 4705 600 4800 proprie
630 4705 759 4800 igneum
792 4705 942 4794 dicimus,
979 4705 1066 4793 quod
1101 4707 1275 4780 manifesta
1311 4707 1438 4782 ardoris
