3598 5226
792 413 853 478 105

720 505 931 515 *-

212 637 271 700 hcc
301 638 408 703 modo:
446 688 460 706 .
480 687 551 717 .-,
579 689 594 706 .
717 688 752 716 ν,
781 688 878 718 .-.,
911 643 947 704 ut
978 639 1069 704 ionici
1093 639 1252 704 eminere
1282 639 1431 721 reliquias

214 741 375 823 anapaesti
399 741 533 807 formam
557 741 708 806 habentes
731 742 865 826 excipiat
885 743 1006 808 ionicus
1029 743 1183 808 aminare
1200 742 1305 807 soluta
1319 741 1432 806 ultima

215 843 311 925 longa
333 844 364 907 in
389 844 468 909 duas
490 833 601 909 breves
623 844 764 928 insignis
788 846 871 911 hunc
894 846 1027 929 denique
1047 847 1198 927 sequatur
1218 844 1341 927 dipodia
1354 844 1433 909 iam-

212 947 282 1010 bioa
305 947 498 1012 catalectica.
542 946 743 1030 Quamquam
773 949 805 1012 in
839 951 973 1032 legitimi
999 966 1108 1013 versus
1137 947 1229 1012 ionici
1256 947 1431 1011 clausulam

213 1051 308 1114 verba
331 1050 386 1114 illa
408 1051 505 1132 redigi
528 1053 578 1114 vix
596 1055 736 1134 possunt.
773 1051 891 1132 Quodsi
907 1051 1120 1132 Quintilianus
1136 1049 1290 1114 enuntiati
1305 1049 1432 1133 Thucy-

213 1153 296 1216 didei
312 1154 379 1218 sola
394 1154 506 1218 ultima
521 1154 618 1218 rerba
632 1154 693 1219 duo
709 1155 844 1239 respexit
866 1175 925 1220 nec
946 1155 1114 1220 uerbomm
1137 1171 1216 1236 quae
1238 1152 1432 1237 praecedunt

212 1247 297 1337 ὑπὲρ
319 1249 419 1340 ἥμισυ
441 1259 594 1322 rationem
614 1257 735 1335 habuit,
757 1259 864 1341 potest
884 1259 979 1324 rideri
996 1257 1033 1322 dc
1048 1258 1154 1341 inepta
1168 1256 1307 1340 paeonici
1322 1275 1431 1322 versus

213 1347 387 1423 catalectici
410 1361 552 1425 clausula
574 1361 697 1446 (Κᾶρες
720 1357 887 1448 ἐφάνησαν
908 1416 959 1434 ,υ
975 1411 990 1430 .
1008 1410 1035 1439 .,
1059 1415 1081 1423 -
1094 1357 1124 1444 νΙ
1148 1359 1309 1442 cogitasse.

302 1462 455 1546 Congruit
477 1467 583 1527 autem
606 1462 790 1542 Quintiliani
813 1465 963 1529 iudicium
984 1483 1048 1528 uon
1070 1463 1172 1528 solum
1195 1482 1268 1528 cum
1292 1462 1432 1527 doctrina

219 1564 255 1628 de
279 1565 431 1644 clausula,
459 1585 554 1648 quam
581 1567 647 1649 ipse
670 1567 788 1649 profert
810 1571 827 1649 ξ
853 1568 928 1631 101:
958 1567 1036 1644 „erit
1058 1566 1214 1651 spondeus
1238 1613 1245 1628 .
1269 1565 1432 1630 ..adhuc

215 1668 303 1750 peius
331 1669 561 1753 (praecedente)
589 1670 689 1752 priore
716 1689 833 1754 paeane
862 1672 874 1750 Ι
877 1717 1005 1747 „„„„„
1027 1670 1094 1752 .-.)
1121 1673 1158 1733 ut
1185 1669 1308 1745 ‘Bruta
1340 1667 1433 1732 dubi-

213 1771 286 1834 tavi'
318 1773 396 1850 (scil.
426 1792 522 1855 quam
550 1773 706 1856 spondeus
735 1772 993 1856 praecedentibus
1021 1773 1134 1837 cretico
1161 1773 1193 1836 et
1213 1770 1431 1855 pyrrhichio)“‚

215 1873 269 1936 sed
302 1876 396 1939 etiam
429 1894 502 1940 cum
531 1877 688 1940 sententia
716 1876 853 1942 Senecae
885 1875 1030 1952 rhetoris,
1054 1876 1169 1958 quide
1193 1874 1431 1942 Caluooratore

217 1981 313 2042 contr.
343 1979 403 2043 VH
431 1980 461 2057 4,
485 1980 504 2042 3
528 1981 571 2062 (p.
596 1980 667 2056 332,
699 1982 737 2042 15
761 1999 828 2063 sqq.
856 1980 903 2043 ed.
926 1978 1098 2061 Kiessling)
1126 1979 1204 2042 haec
1229 1977 1340 2042 habet:
1363 1977 1432 2055 „hic

214 2129 222 2142 .
251 2129 258 2142 .
283 2129 290 2144 .
314 2101 375 2145 non
400 2083 526 2146 tantum
550 2082 663 2146 leuiter
685 2085 851 2166 componit,
876 2083 931 2147 sed
958 2083 1052 2146 etiam
1080 2082 1169 2146 dicit:
1191 2079 1318 2144 ‘credite
1344 2079 1432 2156 mihi,

213 2202 275 2248 non
310 2187 360 2249 est
390 2188 481 2268 turpe
514 2185 663 2250 misereri’
696 2187 710 2267 (
713 2234 875 2263 „„„„„„
899 2240 985 2249 ---
990 2233 1169 2262 „„„„„„
1175 2185 1186 2264 )
1218 2186 1250 2247 et
1280 2185 1431 2268 <cetcra>;

214 2287 319 2351 omnia
339 2289 372 2351 in
399 2289 453 2353 illo
477 2289 598 2371 epilogo
622 2289 686 2354 lere
707 2309 772 2354 non
795 2290 920 2354 tantum
936 2289 1093 2354 emollitae
1110 2287 1330 2371 conpositionis
1346 2287 1432 2363 sunt,

216 2391 270 2454 sed
292 2391 472 2456 infractae“.

301 2493 416 2559 Contra
430 2495 669 2559 commendat-ur
685 2494 761 2560 adeo
777 2495 856 2560 haec
871 2495 1013 2560 clausula
1030 2551 1051 2557 -
1065 2543 1093 2573 υ,
1114 2545 1129 2564 .
1144 2543 1187 2562 σ-
1197 2549 1218 2556 -
1242 2513 1262 2557 a
1277 2490 1431 2556 Martiano

216 2595 344 2678 Capella
366 2596 394 2660 V
416 2617 446 2680 p.
472 2598 543 2676 173,
565 2600 606 2662 30
635 2599 725 2682 Eyss.
755 2599 897 2682 (Rhetor.
926 2600 1002 2662 min.
1030 2598 1076 2662 ed.
1099 2597 1195 2661 Halm
1217 2617 1246 2680 p.
1269 2595 1343 2671 477,
1360 2595 1431 2676 23):

216 2699 319 2775 „bona
341 2700 484 2765 clausula
505 2702 551 2779 fit,
575 2702 602 2765 si
625 2721 681 2784 pro
703 2701 871 2767 novissimo
893 2701 1029 2766 molosso
1044 2700 1165 2766 ionicus
1180 2699 1284 2764 minor
1298 2699 1433 2781 ponatur

214 2805 287 2884 post
309 2803 521 2869 trochaeum.“
564 2807 611 2868 Ac
634 2805 816 2870 Ciceronem
844 2805 971 2887 quidem
997 2805 1079 2869 hanc
1107 2803 1267 2867 clausulae
1298 2801 1433 2865 formam

220 2953 268 2970 „.
292 2906 297 2988 Ι
322 2955 336 2973 .
462 2906 568 2971 dedita
594 2926 687 2990 opera
714 2908 900 2991 appetivisse
928 2907 1034 2972 docuit
1062 2907 1214 2988 Georgius
1240 2905 1354 2970 Wuest
1384 2904 1433 2968 ‘de

216 3008 357 3073 clausula
379 3009 534 3074 rhetorica
556 3029 636 3092 quaa
665 3012 823 3094 praecepit
846 3011 952 3076 Cicero
981 3012 1049 3075 etc'.
1073 3013 1115 3093 (p.
1139 3009 1190 3072 44.
1215 3009 1264 3076 51.
1288 3011 1328 3072 55
1352 3011 1433 3088 eta).

217 3113 298 3175 Sane
321 3112 381 3176 uisi
406 3115 554 3197 quattuor
581 3112 712 3178 ultimae
741 3113 880 3195 syllabae
911 3133 970 3178 uno
998 3113 1307 3197 comprehenduntur
1328 3112 1433 3187 verbo,

216 3215 297 3296 quod
327 3215 454 3297 quidem
482 3217 514 3278 in
537 3216 614 3279 illud
638 3217 745 3299 Κᾶρες
768 3212 931 3302 ἐφάνησαν
953 3218 1046 3294 cadit,
1075 3217 1182 3282 Cicero
1206 3233 1329 3298 quoque
1351 3214 1433 3278 hano

218 3317 412 3399 syllabarum
428 3319 540 3383 seriem
557 3323 756 3402 aspernatum
779 3321 901 3402 respuit
915 3320 1010 3401 igitur
1026 3320 1087 3384 fere
1104 3319 1162 3384 has
1177 3319 1310 3384 formas:
1338 3365 1353 3384 υ
1369 3365 1384 3384 .
1400 3313 1431 3402 Ι

216 3472 265 3489 -.
293 3423 325 3486 ct
352 3473 366 3490 .
384 3470 399 3489 ν
422 3425 427 3501 Ι
570 3423 745 3486 secundum
777 3423 919 3488 tabulam
947 3443 966 3487 a
992 3422 1132 3487 Wuestic
1166 3442 1194 3505 p.
1218 3422 1259 3485 60
1282 3440 1328 3505 sq.
1362 3439 1432 3504 pro-

216 3525 360 3609 positam.

483 3732 575 3812 §24.
618 3732 671 3797 De
699 3731 876 3816 rhythmo
904 3730 1168 3796 choriambico.

300 3886 348 3950 De
370 3885 518 3968 rhythmo
541 3885 799 3952 choriambico
821 3905 923 3970 pauca
945 3886 1054 3963 habeo,
1077 3904 1157 3968 quae
1180 3886 1344 3969 proferam.
1356 3887 1378 3967 ¹)

300 3989 527 4054 Herametrum
562 3989 807 4055 choriambicum
835 3991 888 4073 qui
915 3989 1042 4067 invenit,
1064 3989 1203 4054 Philicus
1231 3989 1297 4072 ipse
1325 4008 1436 4052 καινο-

216 4089 339 4180 γράφου
378 4087 566 4168 συνθέσεως
609 4093 712 4157 studio
746 4111 779 4158 se
812 4092 980 4157 indulsisse
1018 4093 1195 4176 profitetur,
1228 4091 1317 4156 nulla
1352 4091 1437 4156 iusta

216 4215 322 4274 causa,
344 4200 381 4260 ut
404 4195 530 4278 quidem
552 4194 676 4260 videtur
698 4195 924 4279 Hephaestioni
945 4216 976 4279 p.
1000 4197 1050 4274 32,
1073 4195 1146 4259 4W
1167 4199 1206 4275 (r.
1228 4213 1323 4280 supra
1344 4215 1375 4280 p.
1392 4195 1435 4278 1).

285 4489 306 4554 ¹)
327 4485 475 4540 Discrimen
494 4501 553 4540 esre
571 4486 745 4541 statuendum
759 4487 830 4541 iuter
842 4485 1062 4542 &scandentium
1081 4487 1115 4556 Ι-
1131 4521 1146 4539 a
1165 4521 1181 4541 υ
1199 4492 1280 4556 Lprc
1301 4521 1317 4541 υ
1332 4525 1354 4533 -
1370 4519 1385 4538 υ
1403 4487 1436 4554 L)

216 4594 245 4643 et
261 4588 482 4644 descendentium
503 4589 536 4660 (L
554 4622 570 4641 υ
589 4622 604 4640 υ
619 4628 641 4636 -
670 4605 719 4658 pro
740 4596 791 4642 L.
807 4629 829 4636 -
845 4592 878 4658 υ)
901 4589 1115 4645 choriamborum
1138 4580 1209 4657 ἦθος
1233 4593 1361 4660 apparea
1392 4603 1436 4648 rc·

217 4682 305 4730 terum
325 4679 424 4745 autem,
444 4691 512 4745 quae
531 4675 583 4731 huc
600 4677 765 4746 pertineant,
784 4677 939 4732 testimonia
959 4675 1157 4734 desiderantur.
