3568 5238
812 420 850 482 31

225 645 450 710 detrimenti
477 663 541 710 res
570 644 726 728 publica
757 660 813 706 ca·
855 665 1001 728 γνοντο,
1044 637 1144 708 ὥστε
1189 633 1258 729 τὴν
1299 636 1443 731 βουλὴν

225 749 558 832 peret,dllsctus¹)
573 745 812 811 0010111Ρο111-
854 742 901 810 101
932 767 977 809 τε
1006 743 1279 832 προειρημένα
1309 740 1443 812 ἐπικυ-

224 850 767 934 peiustotaltaliahaberet.
855 852 998 935 ρῶσαι,
1037 846 1107 913 καὶ
1144 846 1212 913 τὸν
1234 847 1443 934 Πομπήιον

831 944 1222 1052 1μεταιιέμψασθαι,
1278 951 1444 1020 καταλό-

854 1076 945 1138 γους
964 1077 1005 1118 τε
1026 1047 1129 1142 αὐτῷ
1151 1045 1307 1132 καινοὺς
1329 1053 1444 1144 ποιή-

856 1160 1009 1221 σασθαι
1027 1153 1254 1241 ἐπιτρέψαι.

309 1280 403 1344 Porro
426 1279 554 1362 Pompei
580 1278 701 1360 legibus
724 1276 869 1342 ‘formam
896 1277 1080 1342 iudiciorum
1104 1279 1285 1343 breviorem’
1308 1282 1341 1344 et
1363 1286 1444 1365 ‘poe-

224 1401 299 1446 nam
321 1383 502 1464 graviorem'
526 1381 623 1446 fuisse
646 1384 678 1445 et
699 1385 823 1464 praeter
845 1377 995 1445 Milonem
1017 1381 1134 1445 multos
1164 1382 1240 1446 alios
1264 1402 1332 1448 esse
1356 1385 1442 1450 dam-

223 1488 314 1550 natos
336 1487 420 1564 (Asc.
442 1505 471 1568 p.
496 1485 545 1560 31,
568 1484 713 1558 23-27;
736 1483 786 1559 49,
812 1484 952 1566 18-20)
976 1484 1036 1548 Dio
1060 1485 1125 1560 (XL
1149 1487 1198 1560 52,
1224 1487 1252 1548 1.
1277 1487 1310 1559 2;
1336 1488 1385 1564 54,
1410 1491 1441 1568 1)

225 1587 369 1652 similiter
383 1588 561 1671 0110110011).

308 1691 450 1773 Denique
473 1691 629 1767 conferas,
664 1708 743 1772 quae
768 1689 804 1753 de
827 1689 928 1753 forma
950 1690 1054 1755 iudicii
1077 1692 1238 1756 Miloniani
1268 1693 1359 1758 etde
1382 1695 1443 1758 Mi·

223 1792 294 1858 lone
328 1793 465 1858 ambitus
488 1813 540 1858 100
557 1792 708 1857 Asconius
732 1794 774 1874 (p.
791 1791 842 1868 26,
866 1795 966 1867 3-5;
990 1796 1042 1869 34,
1065 1791 1162 1876 6-9)
1185 1797 1218 1858 01
1236 1795 1295 1860 Dio
1310 1797 1375 1870 (XL
1393 1800 1442 1874 53,

226 1895 254 1957 1.
271 1897 304 1976 2)
327 1896 476 1960 10101001.
530 1895 599 1960 Iam
623 1914 695 1960 vero
711 1893 911 1960 Grasshofius
934 1895 967 1974 (l.
990 1914 1016 1959 c.
1039 1916 1068 1979 p.
1092 1897 1133 1959 30
1156 1903 1224 1978 aql,
1249 1918 1442 1982 quamquem

223 1997 356 2062 Dionem
383 1998 455 2063 inde
478 2017 496 2063 a
519 1999 619 2082 capite
642 1999 683 2060 44
706 1997 776 2062 libri
799 1997 854 2061 XL
878 2015 977 2078 usque
1013 1998 1052 2061 ad
1086 1999 1153 2062 eius
1179 1998 1275 2065 finem
1303 2004 1441 2068 restam

223 2101 350 2165 confuse
373 2120 514 2166 narrasse
538 2101 709 2177 existimat,
743 2103 780 2163 ut
812 2099 878 2162 eius
913 2097 1031 2164 fontem
1057 2100 1204 2184 indagare
1233 2103 1358 2169 difficile
1392 2087 1455 2183 sit,¹

223 2203 306 2267 idern
329 2206 435 2267 tamen
459 2204 543 2280 inde,
578 2203 660 2284 quod
687 2205 719 2266 et
740 2201 799 2265 Dio
823 2220 895 2264 cum
917 2203 1051 2267 Asconio
1074 2203 1111 2267 de
1134 2204 1196 2268 illis
1219 2206 1313 2270 rebus
1336 2209 1441 2273 tanto-

223 2326 295 2390 pere
311 2307 467 2372 consent't
482 2308 514 2371 et
526 2306 678 2370 Asconius
701 2304 802 2368 inille
819 2306 1042 2369 commentario
1066 2325 1098 2369 se
1122 2325 1158 2370 ea
1181 2327 1260 2389 quae
1283 2311 1442 2393 scripserit

223 2409 254 2473 in
279 2410 377 2474 ‘actis'
400 2410 528 2474 urbanis
550 2409 665 2491 legisse
688 2407 812 2490 saepius
835 2406 1011 2490 profitetur,
1041 2409 1188 2487 Dionem,
1213 2412 1325 2496 quippe
1349 2433 1443 2495 quem

222 2511 326 2595 ipsum
344 2513 431 2576 ‘aeta'
455 2513 624 2596 inspexisse
648 2530 710 2575 non
734 2511 797 2575 veri
820 2509 920 2574 simile
943 2510 992 2587 sit,
1015 2512 1198 2594 scriptorem
1214 2519 1358 2579 secutum
1374 2535 1441 2582 esse

223 2614 390 2690 concludit,
414 2616 467 2696 qui
489 2633 586 2696 aequa
610 2618 705 2696 atque
733 2615 903 2678 scholiasta
925 2614 1026 2678 ‘actis'
1049 2633 1126 2678 usus
1150 2617 1198 2678 sit
1247 2617 1350 2696 Quam
1373 2639 1442 2684 sen-

221 2718 355 2782 tentiam
377 2738 481 2782 meam
504 2717 605 2782 faeere
628 2736 690 2781 non
713 2735 856 2799 possum:
880 2733 955 2780 nam
971 2735 1071 2798 neque
1085 2717 1195 2783 Dionis
1217 2723 1353 2786 narratio
1375 2725 1441 2787 tam

222 2839 369 2902 perversa
399 2824 461 2898 est,
496 2824 532 2884 ut
566 2820 605 2884 ad
632 2821 795 2885 historiam
825 2820 949 2884 illorum
984 2822 1161 2902 temporum
1191 2824 1440 2904 cognoscendam

223 2923 341 2987 nullius
365 2924 407 2987 sit
429 2925 595 2999 momenti,
623 2927 656 2986 et
678 2924 816 2986 maxima
838 2923 919 2986 inter
941 2925 1220 2989 commentatorem
1243 2925 1441 3009 Dionemque

223 3027 272 3088 est
294 3026 454 3090 consensio
482 3026 520 3090 de
549 3026 596 3089 his
624 3025 699 3108 ipsis
723 3025 832 3100 rebus,
866 3043 945 3107 quae
973 3026 1098 3108 propter
1127 3029 1225 3090 totam
1248 3028 1385 3093 indolem
1408 3031 1440 3093 in

223 3128 320 3191 ‘actis'
345 3129 463 3193 relatae
486 3130 583 3193 fuisse
606 3131 774 3211 nequeant.
819 3128 974 3192 Videntur
996 3129 1073 3192 mihi
1097 3133 1129 3193 et
1151 3132 1304 3195 Asconius
1328 3135 1359 3196 et
1381 3133 1441 3198 Dio

223 3231 331 3295 eodem
346 3232 432 3296 Livio
455 3233 502 3297 usi
527 3251 605 3308 esse,
628 3232 715 3296 cuius
738 3231 870 3314 vestigia
883 3230 1018 3295 Dionem
1040 3232 1112 3297 inde
1129 3251 1147 3296 a
1163 3235 1317 3316 capitibus
1337 3237 1439 3300 1-30

292 3475 314 3538 1)
332 3470 477 3531 Asconius,
495 3485 558 3524 cum
577 3468 627 3523 illa
644 3469 672 3523 S.
687 3469 717 3523 C.
737 3485 793 3523 una
810 3469 884 3523 facta
900 3485 959 3523 esse
975 3469 1076 3536 tradat,
1094 3469 1217 3524 aDionis
1235 3477 1346 3527 auctore
1362 3472 1440 3527 dissi·

221 3558 285 3612 dere
303 3557 419 3622 videtur,
438 3554 485 3625 qui
498 3553 661 3625 Pompeium
680 3554 810 3609 dilectum
829 3557 858 3608 in
878 3553 961 3608 Italia
978 3553 1079 3608 hahere
1090 3560 1186 3626 postea
1198 3555 1309 3610 demum
1332 3557 1438 3612 iussum

221 3661 280 3699 esse
298 3648 405 3708 narrat3
423 3641 470 3696 sed
489 3641 556 3695 haec
573 3640 756 3710 discrepantia
773 3640 848 3695 haud
865 3639 949 3695 dubie
966 3640 1030 3695 iude
1047 3645 1108 3695 orta
1125 3647 1175 3707 est,
1199 3642 1273 3711 quod
1291 3643 1440 3698 scholiasta

222 3747 264 3785 ras
285 3729 395 3784 brevius
420 3727 612 3798 complectitur
634 3725 736 3792 Dione;
764 3732 902 3797 praetereo
930 3727 959 3780 in
982 3743 1014 3781 eo
1037 3727 1198 3794 concinunt,
1226 3728 1300 3797 quod
1326 3735 1440 3800 uterque

222 3815 384 3886 Pompeium
401 3820 463 3869 turn
481 3812 587 3866 Romae
603 3811 688 3866 fuisse
705 3818 795 3882 negat.

290 3905 314 3966 ⁹)
332 3899 367 3954 In
385 3899 418 3954 iis
436 3904 539 3966 autem,
557 3916 627 3969 quae
644 3899 812 3969 praecedunt
828 3899 903 3970 apud
921 3899 1040 3953 Dionem
1060 3899 1126 3968 (XL
1143 3899 1185 3966 50,
1203 3901 1295 3966 3-5),
1313 3901 1439 3970 quamvis

221 3986 354 4041 nonnulla
371 3984 496 4039 similiter
504 3991 587 4054 atque
596 3985 670 4054 apud
681 3985 832 4038 Aesonium
852 3985 1063 4054 10.31,12-19)
1082 3983 1245 4052 1010100111,
1262 3985 1439 4042 tamcnhuuc

220 4073 306 4126 alium
325 4070 495 4126 arcessivisse
516 4069 620 4124 fontem
642 4069 714 4123 infra
738 4068 986 4134 demonstrabitur;
1015 4085 1065 4123 nec
1088 4074 1161 4123 recte
1183 4069 1223 4124 M.
1242 4069 1380 4125 Grasshof
1395 4072 1440 4140 (de

220 4159 343 4212 sontibus
376 4162 405 4211 01
434 4144 603 4211 auctoritate
626 4155 725 4210 Dionis
762 4155 869 4221 Cassii,
907 4155 1020 4209 Bonnae
1055 4155 1122 4208 1867
1154 4173 1180 4224 p.
1210 4156 1255 4220 31)
1291 4162 1440 4227 utrumque

220 4244 379 4314 scriptorem
397 4243 432 4296 de
448 4241 490 4296 his
503 4241 584 4296 rebus
596 4257 746 4312 congruere
763 4240 912 4296 contendit.
955 4240 1014 4294 Iam
1034 4239 1173 4294 Grasahof
1191 4240 1301 4310 quidem
1321 4241 1440 4296 breviter

220 4331 336 4385 adnotat
348 4329 467 4384 Dionem
485 4326 520 4382 de
537 4333 649 4382 senatus
668 4326 800 4382 consultis
819 4325 883 4391 (XL
899 4327 943 4393 49,
960 4328 995 4394 5),
1018 4326 1052 4381 de
1070 4325 1161 4381 Clodii
1180 4341 1292 4395 corpore
1315 4325 1344 4380 in
1362 4329 1439 4383 curia

220 4422 340 4472 cremato
359 4413 424 4484 (XL
441 4415 484 4483 49,
501 4416 541 4484 2),
567 4414 684 4484 denique
702 4411 736 4466 dc
754 4411 861 4482 legibus
884 4410 1042 4482 aPompeio
1060 4412 1124 4466 latis
1142 4410 1207 4474 (XL
1224 4413 1267 4477 52,
1284 4413 1312 4472 2)
1338 4414 1440 4468 similis

220 4507 303 4572 atque
320 4501 471 4554 Asconium
490 4500 608 4565 tradere3
627 4499 701 4570 quod
720 4505 815 4552 autern
832 4497 916 4551 etiam
934 4496 1071 4552 deservis
1089 4515 1107 4550 a
1124 4496 1227 4552 Milone
1245 4515 1330 4552 rnanu
1348 4501 1438 4554 missis

219 4586 370 4642 Asconium
389 4589 426 4657 (p.
445 4587 488 4653 30,
506 4587 547 4641 10.
565 4587 609 4655 11)
628 4601 692 4644 cum
710 4583 801 4638 Dione
820 4581 884 4650 (XL
901 4583 943 4648 48,
962 4583 991 4650 2)
1015 4583 1167 4638 consentire
1184 4583 1264 4648 dixit,
1280 4585 1380 4640 erravit
1398 4587 1439 4640 vir

218 4673 324 4729 doctus.
