3634 5240
738 405 777 469 51

651 491 862 503 -———

153 625 293 692 Paconici
324 629 446 710 generis
473 629 568 713 pedes
600 631 763 715 compositi
790 627 830 695 ab
862 630 998 695 Aristide
1028 651 1092 696 non
1123 649 1371 698 commemoran-

153 730 208 792 tur.
252 728 407 810 Quoniam
428 731 523 815 igitur
546 733 686 798 omnium
720 731 832 798 ποδῶν
861 728 1027 820 συνθέτων
1049 734 1163 816 singuli
1189 734 1284 818 pedes
1306 754 1369 800 nou

152 831 290 912 diversis,
323 835 378 900 sed
404 834 505 900 isdem
532 835 699 918 generibus
726 837 884 902 tribuendi
910 836 988 915 sint,
1022 836 1101 902 falso
1127 837 1161 901 in
1185 837 1241 901 illa
1263 837 1370 902 defini·

151 935 231 1000 tione
256 935 409 1021 scriptum
433 956 501 1004 esse
524 935 676 1003 σύνθετοι
699 935 759 1021 μὲν
780 933 811 1004 oi
834 935 870 1004 ἐκ
892 934 948 1004 duic
969 943 1134 1024 γενῶν..
1152 989 1159 1004 .
1177 941 1370 1019 συνεστῶτες

149 1058 202 1122 pro
218 1041 352 1126 ῥυθμῶν
366 1042 415 1106 vel
431 1039 544 1106 ποδῶν
557 1040 675 1106 iudicat
688 1041 854 1126 Wcstphnl
869 1043 890 1106 l.
906 1062 934 1107 c.
950 1062 981 1126 p.
999 1043 1049 1107 98.
1065 1044 1136 1107 598.
1146 1044 1171 1123 ¹)
1214 1043 1368 1127 Rhythmi

151 1143 255 1206 autem
283 1161 299 1207 c
323 1144 515 1210 diversorum
541 1162 694 1227 generum
720 1145 850 1229 pedihus
873 1146 1036 1229 compositi
1062 1146 1095 1211 in
1117 1147 1262 1212 Aristidis
1284 1149 1369 1212 cata·

147 1244 253 1326 logum
270 1243 382 1311 ποδῶν
399 1241 565 1312 συνθέτων
587 1247 712 1312 omnino
733 1267 796 1313 non
819 1248 978 1314 inserendi
998 1251 1081 1328 sunt,
1102 1249 1135 1314 id
1151 1249 1233 1332 quod
1249 1249 1369 1314 lactum

148 1349 197 1410 est
218 1365 237 1412 a
256 1348 450 1434 Westphalio
474 1349 848 1434 (Meu.1²102),imm0
872 1352 1058 1434 segregandi
1085 1371 1103 1416 a
1129 1352 1249 1430 ceteris,
1272 1351 1370 1436 siqui·

148 1449 219 1514 dem
245 1452 397 1518 Aristides
431 1453 608 1518 describens
639 1450 837 1538 μιγνυμένων
937 1456 999 1520 τῶν
1028 1455 1126 1540 γενῶν
1150 1451 1272 1520 τούτων
1297 1447 1368 1543 είδιγ

147 1555 281 1639 ῥυθμῶν
303 1556 344 1639 (p.
368 1556 454 1620 39hl
468 1583 511 1613 =
526 1555 578 1634 26,
594 1556 659 1638 5J)
681 1557 847 1623 sollemnia
867 1559 964 1624 verba
985 1553 1086 1635 πόδες
1110 1552 1261 1624 σίνθετοι
1284 1549 1368 1623 κατὰ

146 1650 299 1741 συζυγίαν
321 1659 353 1724 et
375 1655 459 1724 κατὰ
481 1654 634 1745 περίοδον
655 1679 719 1725 non
740 1663 880 1745 usurpat.

233 1777 292 1842 His
316 1781 423 1845 autem
445 1780 547 1846 verbis
571 1779 724 1846 eiusmodi
748 1781 865 1866 pedum
888 1781 1130 1864 compositorum
1152 1766 1237 1866 ἦθος
1258 1782 1369 1847 Aristi·

146 1879 202 1943 des
225 1880 372 1946 describit
393 1903 423 1966 p.
448 1884 488 1947 98
511 1884 545 1948 hl
566 1909 609 1939 =
633 1883 684 1961 60,
707 1885 726 1948 9
748 1884 784 1950 J:
819 1883 853 1949 σί
882 1905 917 1970 γε
948 1879 1013 1969 μὴν
1045 1879 1226 1949 σύνθετοι
1249 1888 1368 1971 παθη-

145 1975 315 2072 τικιότεροί
350 1983 387 2050 τό
413 1979 494 2064 είσι,
520 1989 566 2072 τῷ
594 1979 678 2050 κατὰ
708 1979 747 2052 τὸ
772 1987 928 2052 πίείστον
954 1977 1029 2064 τοὺς
1057 1982 1093 2067 ἐξ
1118 1970 1164 2052 ὧν
1189 1981 1368 2072 σύγκεινται

144 2077 291 2168 ῥυθμοὺς
316 2083 350 2152 ἓν
378 2078 622 2176 οἷνισότητιῖ)
654 2093 877 2176 θεωρεῖσθαι,
909 2085 965 2153 καὶ
999 2081 1082 2154 πολὺ
1113 2080 1152 2154 τὸ
1184 2088 1368 2177 ταραχῶδες

143 2183 389 2275 ἐπιφαίνοντες,
424 2195 471 2278 τῷ
496 2189 580 2280 μηδὲ
607 2183 666 2258 τὸν
692 2184 838 2278 ἀριθμὸν
863 2188 900 2273 ἐξ
926 2177 962 2256 οἷν
989 2194 1163 2258 συνεστᾶσι
1189 2185 1249 2270 τὰς
1270 2183 1368 2270 αιἰτὰς

144 2285 305 2357 ἑκάστοτε
334 2291 495 2382 διατηρεῖν
521 2291 644 2376 τάξεις,
676 2286 746 2360 ἀλλ’
775 2289 830 2362 ὁτὲ
859 2292 920 2379 μὲν
945 2287 1016 2361 ἀπὸ
1038 2297 1165 2380 μακρᾶς
1197 2285 1367 2382 ίίρχεσθαι,

143 2390 252 2479 λήγειν
274 2389 303 2460 δ’
326 2391 373 2476 είς
386 2399 548 2482 βραχεῖαν,
569 2390 591 2485 ’ἢ
605 2394 756 2477 ἐναντίως
764 2403 800 2482 ³),
822 2395 877 2463 καί
894 2391 949 2464 ὁτὲ
963 2395 1024 2481 μὲν
1038 2389 1108 2463 ἀπὸ
1122 2394 1250 2478 δέσεως
1272 2400 1371 2478 (velut

144 2497 178 2561 in
194 2499 362 2566 schematis
381 2503 409 2564 2.
432 2503 461 2565 4.
485 2503 513 2565 5.
536 2503 564 2566 6.
589 2503 617 2566 i.
642 2501 691 2566 12.
716 2503 771 2585 13)
796 2494 850 2568 ὁτὲ
873 2498 910 2566 δὲ
933 2494 1005 2585 [‘]
1030 2494 1147 2589 ἑτέρως
1169 2502 1211 2583 (1.
1235 2503 1264 2567 3.
1285 2503 1315 2566 8.
1340 2502 1369 2566 9.

148 2601 199 2664 19.
224 2602 272 2666 11.
296 2604 349 2686 14)
369 2599 428 2690 τὴν
449 2596 606 2692 ἐπιβολὴν
626 2611 685 2695 τῆς
706 2600 862 2694 περιόδου
885 2607 1073 2670 ποιεῖσθαι.
1110 2599 1309 2670 πεπόνθασι
1332 2600 1370 2670 δὲ

146 2706 241 2770 τοῖτο
267 2703 391 2788 μᾶλλον
413 2701 443 2772 ci
473 2699 530 2772 διὰ
552 2702 711 2774 πλειόνων
733 2701 756 2797 ἢ
778 2708 865 2774 δυοῖν
897 2698 970 2794 (ἤδη
992 2727 1048 2792 pro
1074 2697 1208 2794 ἢόυοῖν
1232 2707 1369 2783 codicem

147 2827 228 2873 corr.
250 2810 431 2894 Westphal)
453 2813 651 2890 συνεστῶτες
665 2815 811 2899 ῥυθμῶν,
835 2812 955 2876 aricium
975 2806 1037 2898 γὰρ
1059 2804 1093 2875 ἐν
1114 2801 1224 2889 αὖτοῖς
1245 2803 1265 2896 ἡ
1287 2800 1371 2876 ἂνω-

146 2905 264 2994 putta·
289 2909 341 2979 διδ
363 2910 418 2978 καί
440 2911 499 2992 τὰς
515 2919 574 2981 τοῦ
595 2912 744 2999 σώματος
764 2911 904 3002 κινήσεις
919 2911 1071 2992 ποικίλας
1087 2909 1296 3002 ἐπιφέροντες
1315 2903 1371 2978 oia

147 3009 184 3092 ἐς
205 3005 314 3102 ὀλίγην
335 3009 475 3103 ταραχίν
495 3009 553 3105 τὴν
575 3015 718 3086 διάνοιαν
740 3015 917 3104 ἐξάγουσιν.

232 3136 355 3202 Revera
380 3138 412 3202 in
438 3139 582 3223 plurimis
605 3141 732 3224 quidem
754 3140 907 3206 eiusmodi
933 3137 1090 3222 rhythmis
1115 3129 1283 3221 ἀνωμαλία
1304 3157 1369 3202 non

146 3238 239 3316 inest,
266 3241 435 3306 dummodo
462 3243 574 3325 longae
604 3244 644 3308 ad
669 3237 824 3332 τρίσημον
850 3244 977 3327 tempus
1003 3242 1217 3325 producantur
1246 3242 1278 3304 et
1303 3257 1371 3324 per·

147 3360 239 3406 versa
271 3343 327 3408 illa
353 3363 461 3410 versus
488 3343 619 3430 pedihus
652 3347 743 3412 hines
771 3347 909 3430 syllabas
937 3345 1169 3410 continentibus
1202 3342 1372 3408 scandendi

146 3445 228 3509 ratio
250 3447 454 3530 relinquatur.
499 3448 654 3528 Quoniam
676 3471 748 3517 vcro
771 3450 897 3516 sublata
918 3465 1015 3515 causa
1035 3447 1157 3513 tollitur
1178 3445 1317 3524 effectus,
1339 3445 1372 3509 in

220 3723 240 3787 1)
259 3723 426 3791 Quemquam
437 3724 539 3778 Caesar
551 3725 568 3778 l.
582 3739 604 3780 c.
620 3725 667 3779 147
687 3724 838 3779 erhihatur
857 3723 907 3778 hoc
924 3723 983 3778 loco
1001 3738 1055 3778 non
1067 3720 1255 3790 rhythmorum
1267 3734 1373 3788 genere

145 3806 197 3860 sed
208 3807 306 3875 pedum
316 3809 486 3864 metricorum
497 3810 601 3878 species
611 3810 686 3878 („die
695 3813 781 3865 Arteu
790 3809 838 3866 der
848 3810 962 3873 Fhsse“)
972 3806 1119 3876 significari
1131 3806 1262 3861 vocabulo
1270 3805 1367 3876 γενῶν.

219 3895 241 3962 ²)
260 3893 331 3948 Nem
349 3910 409 3948 cum
428 3893 481 3950 duo
499 3895 553 3950 sint
571 3911 585 3950 c
604 3911 703 3964 genere
716 3896 786 3965 peri,
805 3892 1022 3964 quattuordecim
1035 3897 1229 3947 enumerentur
1244 3907 1258 3946 e
1273 3906 1373 3960 genere

147 3977 251 4046 duplici
270 3977 286 4032 i.
298 3993 320 4034 ε.
335 3977 432 4046 ἀνίσῳ.
467 3981 511 4036 lta
523 3981 619 4044 locum,
633 3981 666 4036 de
679 3997 733 4050 quo
746 3980 845 4050 egitur,
865 3979 1082 4048 interpretentur
1094 3977 1197 4032 (laesor
1215 3975 1231 4029 l.
1242 3992 1264 4033 α
1277 3991 1303 4045 p.
1314 3977 1374 4044 264,

147 4063 283 4119 Henricus
303 4064 373 4120 Weil
391 4066 482 4121 annal.
500 4065 565 4136 phil.
585 4071 649 4122 tom.
667 4069 701 4122 91
719 4081 744 4120 a.
764 4067 831 4121 1886
848 4082 874 4136 p.
893 4067 953 4134 651,
972 4063 1117 4133 Westphnl
1141 4063 1157 4117 l
1177 4077 1200 4117 c.
1219 4079 1246 4132 p.
1265 4062 1317 4116 598
1334 4077 1374 4129 sq.

219 4153 243 4220 ⁸)
262 4149 393 4219 Equidem
417 4152 483 4206 nihil
507 4152 580 4207 aliud
599 4152 641 4208 his
659 4153 749 4208 verbis
767 4152 901 4209 contineri
918 4156 986 4221 puto
1004 4165 1085 4219 quem
1104 4149 1236 4205 rationem
1255 4151 1376 4216 σημείων

145 4234 175 4289 in
194 4235 310 4306 singulis
336 4237 507 4306 periodomm
529 4237 644 4305 pedibus
662 4238 741 4294 modo
760 4239 831 4294 henc
855 4253 915 4293 esse
932 4239 1002 4304 e:1‚
1031 4235 1110 4291 modo
1134 4235 1204 4289 hene
1223 4235 1289 4288 122.
1325 4233 1374 4288 Oc-

146 4325 236 4376 terum
267 4321 318 4377 hoc
336 4339 441 4391 quoquc
458 4323 517 4378 loeo
544 4325 580 4392 (r.
598 4339 680 4394 supra
698 4341 724 4394 p.
746 4325 763 4378 9
784 4325 835 4392 sq.)
863 4339 916 4379 non
934 4318 1149 4393 σνμπίειιόντων
1175 4317 1223 4375 scd
1240 4317 1374 4388 χωριζόν-

145 4427 207 4459 τιον
229 4409 354 4464 doctrine
372 4407 592 4480 deprehenditur,
610 4427 632 4465 ν.
652 4425 679 4480 p.
697 4411 732 4464 40
749 4409 779 4466 Μ
796 4431 832 4458 --
848 4410 891 4475 26,
909 4410 944 4462 32
960 4409 993 4464 J.-
1016 4406 1043 4460 ot
1060 4445 1067 4460 .
1086 4445 1093 4459 .
1111 4446 1118 4459 .
1135 4407 1301 4477 χαρίζονται
1318 4443 1324 4456 .
1343 4443 1350 4457 .
1367 4443 1374 4456 .

144 4491 301 4562 ἀρξόμενοι
318 4531 325 4546 .
343 4531 350 4546 .
367 4532 374 4547 .
393 4493 451 4548 ἀπό
475 4491 593 4562 δισήμσυ
610 4495 843 4548 συντιθέασιν
865 4492 1036 4568 ἄριθμοόε
1056 4495 1137 4566 μέχρι
1153 4494 1213 4545 τῶν
1229 4491 1376 4544 συνθέτων

145 4579 330 4652 ῥυθμῶν...
348 4585 395 4632 uui
410 4581 475 4636 τούν
491 4584 543 4650 μὲν
560 4579 618 4634 dard
637 4581 753 4645 θίσεοιε,
770 4581 835 4636 τοὺς
852 4578 882 4633 δὲ
899 4579 958 4634 circo*
976 4579 1089 4650 ἄρσεσιν,
1108 4583 1154 4632 καί
1171 4577 1236 4634 roric
1251 4580 1303 4647 μὲν
1314 4576 1372 4632 ἄπο

143 4666 271 4740 μακρῶν,
288 4666 352 4722 τοδε
369 4663 399 4719 δὲ
416 4664 475 4720 διεδ
490 4667 635 4736 βραχειῶν
651 4666 844 4720 συντιθέασιν.

1120 4754 1158 4806 4·
