3634 5240
999 411 1039 474 22

490 637 676 704 Trrbiciuum
713 639 844 702 cautum
882 635 1041 719 quendem
1077 635 1273 700 trocheicum
1310 639 1544 700 commemorat
1578 637 1635 700 Dio

406 742 535 809 Cassius
556 740 628 804 LVI
645 741 726 817 22‚3
755 744 861 823 (quem
888 741 993 804 locum
1017 740 1178 824 exscripsit
1201 740 1315 806 Suidas
1338 761 1361 804 s.
1386 761 1414 806 v.
1441 744 1635 826 Τροχαῖω);

407 841 609 930 σαλπιγκταὶ
626 894 633 910 .
649 892 655 907 .
672 839 846 930 ,τροχαῖόν
866 867 900 909 τι
921 839 1162 928 συμβαήσαντες
1177 893 1184 906 .
1202 892 1209 907 .
1226 893 1234 906 .
1251 843 1334 923 Quin
1358 847 1453 909 etiam
1477 865 1557 910 suos
1574 847 1638 909 oui-

407 969 467 1032 que
501 968 618 1032 organo
651 951 683 1012 et
716 947 853 1032 proprios
880 949 1047 1072 rhythmos
1074 947 1170 1012 fuisse
1202 947 1316 1012 docent
1341 949 1496 1014 Aristides
1526 948 1637 1029 Quint
1728 1020 1729 1029 ¹

407 1075 436 1137 p.
461 1054 520 1116 101
545 1051 636 1115 M:
651 1051 701 1128 62,
714 1051 793 1116 8J:
834 1041 1006 1133 ῥυθμὸς”
987 1073 1119 1128 εκαστος
1150 1041 1274 1135 ὀργάνῳ
1302 1049 1366 1116 τινὶ
1389 1046 1588 1137 πρόσφορος
1609 1057 1638 1114 et
1728 1036 1729 1041 ὅ

408 1160 593 1239 Anonymus
628 1154 666 1218 ad
689 1154 837 1234 Hermog.
860 1154 921 1218 Vll
945 1155 1006 1218 902
1031 1154 1103 1218 adn.
1127 1153 1180 1216 W:
1202 1175 1261 1239 της
1281 1158 1439 1239 μουσικῐς
1460 1149 1542 1240 τρία
1567 1153 1636 1240 γείτ

406 1257 449 1324 τὰ
482 1249 658 1323 ἀνωτάτω·
693 1250 941 1337 ἔμπνευστα..
966 1254 1052 1321 .καί
1074 1252 1276 1342 κραυσταί..
1334 1253 1518 1322 .ἐ’ντατα.

407 1360 626 1427 ἕκαστοντῶν
648 1355 813 1446 ῥηθέντων
836 1355 980 1446 ῥυθμοὺς
1001 1354 1136 1437 οἰκείους
1158 1382 1223 1440 εχει
1246 1307 1582 1446 διεγερτικοίςῆυ
1507 1362 1639 1446 πραὶν

407 1457 515 1543 τικοίς
536 1466 602 1528 τῶν
623 1463 750 1528 παθῶν
770 1465 829 1545 τῆς
853 1464 967 1546 ψυχῆς.
979 1462 1002 1546 ¹)

494 1568 706 1647 Quamobrem
728 1566 839 1630 musici
855 1566 1040 1648 rhythmum
1055 1565 1183 1648 plurimi
1197 1567 1414 1644 aestimabunt
1437 1586 1639 1650 quemquem

410 1691 477 1736 rem
505 1672 537 1735 in
569 1670 672 1736 maius
704 1668 858 1732 extollunt
883 1669 1091 1750 Hermogenis
1124 1669 1309 1734 sohohestee
1336 1671 1435 1732 Anon.
1463 1669 1529 1734 Vl]
1552 1671 1576 1734 l.
1601 1691 1640 1735 c:

408 1770 519 1841 ...ἐν
539 1769 601 1855 μὲν
622 1772 761 1856 μουσικῇ
782 1761 821 1835 τὸ
844 1773 975 1856 πρῶτον
997 1765 1124 1851 ἔχουσιν
1145 1775 1202 1852 (sc.
1226 1765 1255 1836 oi
1273 1767 1419 1859 deducti,
1441 1771 1561 1836 Ioann.
1580 1773 1639 1838 Sic.

409 1861 454 1941 VI
479 1878 614 1954 238,17
639 1874 694 1937 W:
723 1867 742 1957 ἡ
764 1869 915 1958 μουσική,
944 1864 981 1959 ἣν
1003 1866 1217 1938 ἀποτελοῦσιν
1248 1868 1278 1938 oi
1303 1871 1441 1961 ῥυθμοί,
1473 1875 1641 1940 Planudes

408 1981 532 2058 vuol,
549 1978 646 2042 5W:
685 1978 731 2062 τῷ
766 1966 833 2040 ὅντε
857 1967 935 2060 παρ’
961 1970 1093 2056 ’ἐκείνοις
1115 1981 1171 2060 (so.
1195 1980 1265 2056 τοῖς
1286 1979 1495 2062 μουσικοῖς)
1499 1973 1543 2043 τὸ
1569 1973 1642 2044 ὅλον

409 2080 499 2148 ἐστὶν
521 2075 539 2147 ὁ
560 2075 696 2168 ῥυθμός.

497 2185 565 2250 Neo
598 2186 705 2248 tomen
739 2201 838 2264 oeque
874 2185 968 2267 etque
995 2184 1190 2249 nostratibus
1224 2185 1347 2250 musico
1373 2204 1428 2268 per
1457 2185 1557 2249 tibias
1587 2190 1641 2250 aut

410 2290 547 2354 citharas
570 2288 638 2352 siue
660 2285 764 2351 verbis
787 2286 988 2350 exercende
980 2304 1013 2350 111
1036 2287 1153 2352 deliciis
1177 2290 1245 2352 erat
1230 2286 1410 2364 tGraoois‚
1432 2287 1532 2352 immo
1559 2289 1642 2350 vihi-

410 2395 500 2476 perat
527 2391 617 2456 illam
644 2388 749 2466 Plato,
776 2388 890 2472 quippe
920 2408 999 2472 quac
1026 2390 1189 2454 nonsatis
1213 2393 1357 2455 accurate
1381 2389 1541 2472 quidsibi
1566 2391 1643 2455 relit

411 2497 467 2560 eut
494 2494 569 2577 quid
597 2494 737 2558 imitetur
765 2491 918 2556 declaret:
956 2492 1030 2574 Leg.
1052 2492 1085 2556 Π
1107 2493 1170 2556 669
1192 2492 1237 2556 D:
1276 2489 1413 2580 ποιηταί
1441 2489 1478 2556 δὲ
1501 2483 1642 2578 ἀνθρώ-

413 2621 505 2663 πινοι
537 2593 667 2683 σφόδρα
699 2585 741 2658 τὰ
774 2598 909 2659 τοιαίτα
940 2591 1157 2676 ἐμπλέκοντες
1183 2592 1239 2660 καὶ
1266 2598 1483 2682 συγκυκῶντες
1511 2585 1643 2680 ἀλόγως

411 2691 521 2787 γέλωτ’
555 2691 595 2764 ὅν
629 2694 906 2782 παρασκευάζοιεν
936 2701 999 2760 τῶν
1031 2689 1221 2783 ἀνθρώπια
1253 2693 1348 2776 ὅσους
1377 2695 1478 2785 φησίν
1503 2688 1642 2782 Ὀρᾳείς

412 2805 521 2884 λαχεῖν
554 2797 639 2886 ὥραν
666 2803 723 2886 της
751 2797 897 2884 τέρψιος.
926 2797 1028 2864 ταλταί
1054 2823 1090 2864 τε
1117 2792 1178 2888 γὰρ
1205 2795 1305 2886 ὁρῶσι
1326 2796 1438 2866 πάντα
1459 2796 1641 2883 κικοίμεια,

412 2906 467 2972 καί
494 2899 527 2970 εἴ
548 2928 581 2968 τι
611 2901 803 2968 διασπῶσιν
824 2897 854 2968 σί
878 2901 1016 2989 ποιηταὶ
1039 2900 1166 2990 ῥυθμὸν
1187 2901 1248 2986 μὲν
1269 2901 1324 2968 καί
1347 2901 1497 2988 σχήματα
1520 2901 1642 2984 μέλους

412 3005 517 3096 χωρίς,
540 3003 652 3091 λόγους
679 2996 796 3090 ψιλοὺς
818 3000 865 3083 είς
882 3002 987 3089 μέτρα
1008 3006 1169 3084 τιθέντες,
1192 3004 1290 3087 μέλος
1312 2998 1342 3071 δ’
1366 2993 1406 3070 αί·
1428 3003 1483 3070 καί
1507 3001 1642 3090 ῥυθμὸν

413 3107 487 3178 ίίνευ
515 3105 666 3197 ῥημάτων
697 3106 778 3193 ψιλῇ
804 3103 973 3190 κιθαρίσει
999 3131 1035 3172 τε
1062 3106 1118 3172 καί
1145 3101 1276 3195 αὐλήσει
1307 3103 1572 3194 προσχρώμενοι,
1610 3107 1643 3174 ἓν

414 3207 465 3292 οἷς
487 3203 527 3299 diy
551 3208 762 3296 παγχάλεπον
784 3203 857 3276 ίίνευ
878 3207 976 3295 λόγου
998 3207 1180 3297 γιγνόμενον
1202 3209 1329 3296 ῥυθμόν
1351 3233 1387 3275 τε
1409 3209 1464 3275 καὶ
1480 3204 1644 3298 ἁρμονίαν

413 3314 612 3406 γιγνώσκειν,
642 3309 659 3380 ὅ
685 3311 720 3378 τί
744 3337 779 3378 τε
805 3310 953 3396 polleas
975 3312 1030 3379 καί
1053 3309 1118 3400 ὅτῳ
1141 3307 1225 3380 ἔοικε
1246 3317 1312 3378 τῶν
1332 3305 1512 3398 ἀξιολόγων
1534 3338 1643 3400 μιμη-

413 3419 544 3506 μάτων·
579 3410 662 3482 ἀλλὰ
695 3412 874 3500 ὑπολαβεῖν
905 3410 1092 3502 ἀναγκαῖον,
1123 3411 1175 3483 ὅτι
1208 3415 1245 3482 τὸ
1278 3412 1424 3482 τοιοῦτόν
1450 3437 1486 3501 γε
1514 3417 1644 3502 πολλῇς

415 3518 582 3611 ἀγροικίας
616 3513 737 3603 μεστὸν
770 3524 854 3598 πᾶν,
891 3513 1017 3586 ὁπόσον
1049 3517 1166 3600 τάχους
1196 3543 1232 3583 τε
1265 3517 1320 3584 καί
1354 3510 1554 3596 ἆπνευσιιάς
1586 3519 1641 3584 καί

415 3631 523 3714 φωνῆς
550 3620 734 3710 θηριώδους
764 3617 892 3708 σφόδρα
925 3618 1035 3710 φίλον,
1069 3615 1147 3686 ὥστ’
1183 3614 1313 3708 αι’·λήσει
1346 3643 1381 3707 γε
1408 3623 1556 3706 χρῆσθαι
1586 3619 1642 3687 καί

415 3722 584 3814 κιθαρίσει
613 3722 699 3812 πλὴν
727 3720 804 3793 ὅσον
824 3716 891 3790 irco
914 3715 1046 3811 ὅρχησίν
1067 3747 1102 3790 τε
1125 3721 1180 3790 καὶ
1202 3717 1301 3812 ηίόίγν,
1333 3725 1421 3811 ψιλῷ
1444 3715 1473 3788 d'
1497 3719 1643 3811 ἑκατέρην

417 3827 514 3896 πᾶσαί
535 3853 587 3907 τις
609 3820 753 3911 ἀμουσία
775 3826 830 3892 καί
852 3824 1101 3914 θαυματουργία
1123 3819 1253 3913 γίγνοιτ’
1278 3821 1319 3892 ὅν
1340 3830 1399 3912 της
1420 3823 1573 3914 χρήσειας.

503 3935 621 4000 Contra
632 3932 824 4008 Aristoteles,
848 3951 909 4014 quo
931 3933 999 3996 loco
1022 3932 1060 3996 dc
1083 3929 1165 4017 ψιλῇ
1186 3925 1325 4018 ἁρμονίᾳ
1339 3932 1435 3997 verba
1450 3931 1525 3996 lecit
1542 3931 1643 4014 (Post

416 4059 443 4104 ο.
469 4039 485 4102 l
511 4037 606 4101 1447·
628 4037 697 4118 23),
720 4055 790 4101 eam
811 4035 940 4101 minime
962 4035 1172 4118 reprehendit.

418 4212 479 4294 §4-
502 4207 597 4288 Quid
613 4207 818 4290 rhythmus
840 4207 976 4271 inerte
999 4207 1152 4291 poetice
1174 4208 1211 4271 et
1230 4206 1269 4269 in
1285 4205 1478 4270 rhetorica
1500 4206 1642 4271 valeat

505 4345 657 4426 Quamvis
684 4345 858 4426 magnoin
886 4343 1023 4408 saltandi
1050 4347 1082 4409 ct
1108 4344 1240 4409 canendi
1269 4341 1389 4406 artibus
1418 4342 1643 4425 rhythmorum

420 4447 703 4525 auctoritasfuerit
727 4448 825 4531 pluris
847 4451 954 4511 nostra
976 4447 1116 4524 interest,
1137 4447 1169 4509 iu
1193 4445 1297 4530 poesi
1321 4445 1396 4526 quid
1420 4445 1521 4508 eidem
1535 4447 1644 4510 relue-

490 4605 510 4664 ¹)
539 4567 619 4653 Velut
642 4607 703 4652 eret
722 4600 855 4665 prunedum
874 4604 1086 4666 anapaesto-um
1114 4615 1174 4652 cum
1203 4597 1286 4662 titiis,
1314 4597 1484 4666 dactylorum
1503 4613 1565 4650 cum
1584 4597 1643 4651 lidi·

421 4690 471 4742 bus
489 4685 670 4740 necessitudo:
690 4687 781 4742 Christ
799 4685 892 4738 ιιλειυς
910 4701 935 4754 p.
954 4686 1012 4740 247.
