3546 5236
777 436 819 502 83

180 636 300 694 conato
329 649 387 698 eas
415 652 457 696 ex
485 629 636 696 dissimili
669 637 702 696 et
730 631 811 697 satis
839 637 961 696 remoto
986 630 1131 696 eiusdem
1156 630 1317 716 epistulae
1340 629 1412 696 loco

181 739 219 817 11
246 739 299 818 15)
324 735 464 803 insertas
488 757 563 804 esse
585 737 682 804 fidem
706 737 835 804 babere.

275 841 332 909 sed
357 851 470 910 extant
492 845 549 910 alii
566 865 626 912 nec
640 845 737 930 penei
753 846 825 929 loci,
850 846 966 929 quibus
981 845 1054 912 libri
1068 846 1265 913 recentiores
1279 845 1414 912 meliora

180 969 281 1032 quam
300 949 327 1013 Β
344 951 419 1016 etll
443 953 650 1034 (quamquam
674 951 770 1018 huius
793 951 948 1018 lectiones
971 971 1036 1018 nou
1059 972 1170 1018 omnes
1194 950 1414 1038 innotuerunt)

184 1057 231 1121 ita
258 1057 450 1141 praebeant,
483 1065 518 1122 ut
549 1057 583 1122 in
614 1057 873 1143 interpolationis
906 1057 1124 1143 suspicionem
1157 1059 1319 1126 incurrere
1351 1079 1415 1124 non

182 1163 320 1248 possint.
348 1183 514 1246 equorum
528 1185 660 1230 numero
674 1164 734 1230 bos
749 1165 850 1250 oligo:
874 1165 954 1230 XIX
971 1171 998 1249 1,
1017 1168 1057 1232 12
1078 1164 1150 1230 libri
1165 1166 1194 1230 Β
1212 1165 1256 1232 Pr
1278 1166 1323 1232 Pr
1348 1165 1415 1232 Col.

183 1270 318 1354 egregie
350 1290 408 1354 pro
442 1291 494 1354 eo,
526 1270 613 1355 quod
641 1279 824 1356 cormptnm
853 1280 904 1337 est
931 1273 965 1336 in
992 1271 1019 1336 B
1051 1271 1191 1356 aliisque
1222 1277 1289 1338 1111
1318 1281 1415 1338 recto

181 1385 346 1461 apparatu,
371 1375 491 1442 babent
512 1381 580 1442 sice
601 1382 702 1460 rapio
725 1387 887 1462 apparatu.
911 1415 956 1426 —
979 1381 1010 1462 8,
1034 1381 1076 1445 26
1105 1379 1205 1444 verba
1234 1399 1318 1462 quae
1342 1385 1417 1444 sunt

183 1485 407 1572 laetantemque
434 1493 506 1568 poet
536 1487 647 1550 multos
677 1493 852 1550 scalenon
883 1493 1013 1551 senuna
1044 1489 1155 1551 olium
1192 1484 1253 1570 (ite
1284 1487 1325 1569 Β,
1357 1484 1416 1551 sed

186 1590 398 1674 penultimam
421 1591 512 1656 vocis
535 1595 630 1656 otium
652 1591 794 1657 litteram
817 1599 993 1658 conectam
1022 1611 1096 1659 esse
1125 1590 1205 1657 dicit
1227 1591 1417 1676 Windhaus,

182 1719 290 1762 aecae
312 1701 450 1762 cociam
463 1697 506 1778 Α)
521 1701 627 1780 reficit,
650 1697 980 1782 Schweighaeuserus
996 1698 1125 1764 demum
1139 1699 1186 1764 ita
1210 1699 1357 1782 correxit,
1381 1707 1418 1762 ut

184 1825 326 1870 menaea
358 1808 470 1870 otiam
499 1805 663 1870 scriberet.
718 1804 804 1870 idem
831 1812 941 1871 tamen
968 1805 1034 1870 iam
1063 1804 1167 1871 codex
1195 1809 1210 1879 1
1242 1805 1350 1870 babet.
1373 1841 1417 1852 -

186 1910 250 1975 XX
276 1915 303 1994 1,
333 1913 387 1977 16:
423 1933 505 1976 unua
542 1913 620 1996 lapis
649 1916 731 1996 facit
760 1916 925 1997 famicem,
963 1914 1013 1978 ille
1049 1915 1102 1996 qui
1138 1915 1236 1978 lutera
1271 1913 1418 1978 inclinato

185 2022 356 2084 cuneavit
379 2021 538 2098 (cenauit
551 2017 593 2103 Β)
618 2027 646 2084 et
668 2023 839 2084 interventu
853 2023 1035 2085 1111111111.
1070 2019 1202 2084 verbum
1217 2018 1418 2084 rarissimum

187 2128 329 2189 cuaeaail
351 2125 503 2191 exhibent
526 2125 588 2190 soli
611 2147 628 2206 γ
652 2125 697 2190 Pa
725 2124 801 2208 Col,
824 2125 857 2190 in
880 2129 1055 2190 ecraoait
1076 2131 1280 2191 mutaverunt
1303 2126 1331 2190 R
1354 2127 1373 2189 λ
1394 2149 1418 2211 χ

188 2229 348 2315 Ρ1.-6,
366 2234 406 2298 16
430 2230 492 2297 boc
515 2232 728 2296 enuntiatum:
753 2235 839 2297 baec
864 2233 1028 2298 Graecae
1051 2235 1309 2298 ccuaaetadioi
1331 2233 1418 2297 doto

184 2341 274 2420 aiot,
300 2335 394 2423 quod,
418 2357 489 2403 cum
505 2337 641 2405 Graecis
659 2339 692 2403 in
708 2337 749 2403 iis
764 2359 849 2421 quae
864 2347 1039 2422 sequautur
1052 2339 1188 2404 Romani
1212 2341 1294 2420 (aaa)
1319 2359 1417 2426 oppo-

187 2444 408 2529 nantur‚nullo
418 2443 514 2510 modo
525 2444 642 2512 deesse
651 2453 768 2530 potest,
779 2445 819 2510 ob
830 2444 968 2510 eundem
977 2445 1239 2531 praecedentium
1249 2446 1418 2512 verborum

185 2553 308 2617 exitum
332 2551 365 2616 in
389 2551 566 2637 archetypo
590 2551 742 2618 librorum
765 2553 794 2616 Α
817 2551 844 2618 Β
869 2553 1021 2619 omissum
1045 2559 1104 2617 est
1140 2572 1245 2635 neque
1269 2553 1352 2617 enim
1376 2553 1418 2617 ab

188 2658 420 2745 interpolatore
450 2658 515 2723 ullo
545 2659 578 2724 in
606 2659 723 2726 ceteris
753 2659 844 2726 libris
877 2659 958 2726 illud
990 2658 1145 2726 insertum
1174 2679 1248 2725 esse
1277 2657 1420 2726 ostendit

185 2764 277 2831 color
300 2766 370 2830 eius
394 2784 469 2830 vere
493 2766 750 2845 Annaeanusll).

280 2877 406 2938 scatent
428 2872 553 2938 lacunis
578 2872 739 2957 epistulae
762 2873 842 2938 XlX
864 2875 887 2937 4
910 2879 943 2938 ct
967 2875 996 2939 8.
1042 2893 1126 2956 quae
1155 2893 1226 2939 cum
1254 2871 1419 2938 dialectici

185 2977 372 3062 argumenti
395 2979 461 3043 sint
483 2985 516 3043 et
539 2979 799 3045 conclusionibus
822 2978 996 3058 abundent,
1022 2979 1118 3046 facile
1134 2979 1204 3045 lieri
1223 2986 1361 3065 poterat,
1385 2988 1420 3044 ut

187 3085 232 3148 ob
256 3084 396 3168 repetita
416 3084 532 3150 eudem
547 3087 646 3150 verba
661 3086 899 3151 enuntiatorum
912 3093 1024 3172 partes
1039 3093 1096 3151 aut
1109 3085 1237 3170 integra
1253 3087 1420 3153 enuntiata

190 3190 428 3256 interciderent.
460 3212 654 3275 quamquam
674 3199 781 3258 autem
802 3191 1042 3258 concedendum
1058 3201 1109 3258 est
1121 3213 1246 3278 paucas
1260 3193 1420 3276 quasdam

187 3316 302 3363 earum
326 3317 346 3362 a
370 3297 502 3363 librario
527 3297 636 3381 aliquo
660 3306 717 3363 aut
740 3305 920 3364 correctore
939 3300 1112 3366 attentiore
1127 3299 1250 3384 expleri
1265 3301 1420 3384 potuisse,

191 3411 300 3470 111111
319 3405 563 3490 improbandum
588 3413 646 3490 est,
670 3405 960 3489 quodBartscbius
980 3405 1026 3492 (p.
1043 3409 1121 3486 279)
1146 3405 1226 3471 dicit
1249 3406 1292 3472 ad
1316 3426 1421 3471 emen·

190 3510 319 3577 dandos
347 3511 407 3578 bos
440 3512 530 3579 locos
562 3512 642 3578 nibil
675 3512 765 3579 aliud
801 3533 883 3598 opus
920 3511 1022 3578 fuisse
1058 3513 1130 3598 nisi,
1168 3520 1203 3578 ut
1236 3534 1276 3579 ea
1312 3514 1421 3598 verba,

187 3638 277 3702 qnae
301 3619 366 3684 iam
393 3627 470 3685 ante
500 3620 588 3686 dicte
621 3627 739 3705 esseut,
769 3627 999 3705 repeterentur.
1045 3621 1097 3687 cui
1125 3621 1210 3686 euim
1236 3621 1316 3686 XlX
1332 3623 1363 3703 4,
1381 3623 1420 3686 17

193 3727 225 3790 in
264 3733 402 3792 mentem
439 3728 549 3793 veniet
586 3736 715 3812 praeter
753 3736 814 3792 out
846 3729 1088 3793 irrationalia
1120 3727 1217 3793 etiam
1249 3735 1287 3793 ut
1311 3733 1423 3812 serae

188 3831 324 3917 addere,
348 3853 420 3899 cum
443 3854 540 3899 unum
564 3833 625 3899 boo
648 3833 838 3920 exemplum,
867 3832 954 3917 qnod
983 3835 1016 3900 in
1043 3834 1070 3898 B
1099 3834 1229 3919 legitur,
1256 3843 1291 3898 ut
1308 3857 1422 3918 pecora

192 3937 356 4005 sufficiat?
376 3977 420 3990 -
439 3941 554 4007 similis
578 3940 669 4009 locus
693 3944 865 4025 1118,14,
890 3941 945 4007 111
967 3941 994 4005 Β
1017 3941 1118 4008 verba
1142 3961 1226 4025 quae
1250 3950 1337 4008 sunt:
1362 3945 1423 4026 qai

187 4047 296 4112 babet
317 4050 355 4112 ira
377 4050 453 4113 olio
475 4051 572 4137 quod
593 4049 747 4114 babetur
770 4050 837 4115 illo
860 4057 962 4113 terro
984 4057 1037 4114 eat
1059 4049 1175 4114 omisit.
1197 4085 1243 4096 —
1265 4052 1296 4132 8,
1318 4051 1360 4115 10
1383 4069 1423 4114 ea

188 4171 278 4236 quae
292 4151 411 4220 desunt
423 4153 457 4219 in
471 4153 498 4218 B
513 4159 594 4221 siae
605 4159 706 4240 socit
720 4158 749 4221 11
755 4156 816 4220 lad
832 4157 914 4220 ctae
931 4158 1081 4239 potitur
1095 4155 1128 4220 in
1142 4155 1423 4239 argumentatione

190 4259 250 4324 illa
275 4269 428 4326 nontam
453 4281 698 4346 supervacanea
721 4281 795 4329 esse
818 4268 896 4347 puto
921 4281 1018 4344 quam
1036 4261 1226 4328 Rartscbius
1250 4261 1423 4328 existimat

285 4434 319 4506 Η)
343 4441 403 4492 tam
421 4441 579 4508 corruptum
599 4438 758 4495 Bartschius
780 4457 807 4508 p.
826 4439 879 4494 274
902 4439 975 4493 bunc
998 4439 1089 4494 locum
1112 4437 1189 4504 dicit,
1213 4443 1245 4494 nt
1268 4438 1302 4494 de
1324 4455 1356 4493 eo
1378 4438 1422 4494 de·

189 4525 357 4596 sperandum
380 4525 425 4592 sit,
448 4545 538 4596 neque
560 4531 656 4584 tamen
678 4545 711 4583 ea
733 4545 763 4582 re
786 4527 950 4597 impeditur,
973 4527 1120 4596 quominus
1145 4526 1240 4582 eiectis
1259 4527 1315 4581 illis
1334 4528 1425 4582 verbis

188 4616 379 4686 corruptelam
392 4616 479 4672 etiam
493 4617 649 4687 graviorem
663 4616 769 4672 reddat
795 4619 826 4672 11
839 4617 908 4672 bene
923 4615 1017 4672 omnia
1030 4633 1058 4672 se
1073 4615 1204 4672 habitura
1217 4633 1274 4672 esse
1287 4617 1424 4683 existimo,

188 4703 217 4758 11
235 4703 265 4759 in
283 4704 318 4760 iis
336 4721 409 4774 quae
426 4707 594 4776 praecedunt
612 4707 775 4762 vocabulum
794 4715 874 4775 opto
891 4705 922 4759 in
939 4714 1040 4775 optus
1057 4715 1106 4762 eat
1123 4706 1332 4760 mutaverimus.

1228 4793 1263 4849 61
