3546 5236
334 601 425 667 libris
455 602 582 668 factitat
609 601 742 684 cognitu
772 621 834 666 non
858 601 963 666 minus
987 600 1096 684 digua,
1125 600 1158 664 in
1182 603 1389 666 Anaunorum
1418 599 1565 666 decreto:

334 713 485 795 optantio,
510 712 703 792 ncpbnsmil,
727 713 760 772 ia
770 707 1042 793 possessionem³⁹)
1058 711 1123 772 aas
1139 713 1243 792 finisse
1257 711 1410 790 dicuntur,
1431 717 1564 791 mulene,

335 817 486 898 beneficio,
510 818 695 899 benficium,
721 824 864 899 lanqueum
891 816 984 895 (bis);
1017 815 1050 878 in
1074 814 1186 878 tabula
1209 814 1456 898 Luguduncnai:
1485 816 1567 898 qrrod

335 921 388 1007 (=
408 923 556 1008 quot)⁴⁰)‚
584 925 687 1007 plutis
715 924 866 1006 (acc.t⁴¹)‚
899 944 950 986 res
973 944 1017 1006 p„
1050 925 1097 986 rei
1118 921 1212 1005 pff),
1245 925 1355 1002 divom,
1388 942 1428 986 ex
1462 919 1565 986 titulis

336 1027 468 1094 fratrum
495 1029 673 1093 Arvalium:
703 1032 941 1113 luculenterque,
966 1032 1090 1094 salucra.

427 1263 459 1326 in
475 1261 643 1327 vocabulis
659 1261 795 1326 Graecis
814 1271 847 1326 et
861 1262 893 1325 in
907 1261 1089 1327 nominibus
1104 1261 1244 1347 propriis
1265 1282 1303 1326 ex
1323 1259 1438 1327 cadem
1452 1260 1563 1342 lingua

335 1369 446 1454 petitis
462 1369 587 1434 Seneca
602 1368 722 1432 formas
738 1367 883 1433 Graecas
897 1367 1024 1433 Latinis
1038 1368 1157 1451 ubique
1181 1367 1249 1434 fere
1272 1367 1435 1453 praetulit.
1468 1387 1562 1449 quam

334 1476 491 1541 rationem
516 1497 587 1540 eum
612 1475 732 1540 nonin
756 1474 935 1559 tragoediis
963 1475 1058 1540 modo
1089 1484 1121 1540 et
1145 1475 1349 1558 carminibus,
1378 1473 1438 1539 sed
1466 1473 1562 1537 etiam

333 1585 367 1649 in
391 1585 517 1649 solutae
541 1583 697 1648 orationis
726 1583 856 1668 scriptis
884 1583 1029 1649 tenuisse
1056 1583 1213 1648 videmus.
1259 1603 1332 1648 nam
1361 1603 1431 1647 cum
1457 1581 1562 1646 Plauti

334 1692 540 1775 temporibus,
565 1691 681 1773 quibus
695 1689 818 1756 Romae
841 1690 982 1756 noudum
998 1710 1117 1773 magna
1132 1689 1263 1773 linguae
1279 1691 1427 1756 Graecae
1446 1689 1564 1774 peritia

334 1807 413 1868 erat.
438 1797 565 1862 Graeca
590 1797 661 1861 usui
681 1796 797 1861 Latino
822 1797 868 1861 ita
892 1797 1212 1863 accommodarentur
1235 1805 1355 1862 utnon
1380 1797 1562 1876 Calchanta,

335 1903 394 1970 sed
411 1905 549 1984 Colobae,
575 1923 638 1967 non
653 1904 817 1984 Patrocles,
844 1903 903 1969 scd
917 1905 1085 1968 Patricoles
1107 1903 1252 1986 taliaque
1277 1911 1309 1967 et
1332 1902 1513 1968 dicerentur
1531 1914 1564 1967 et

337 2012 560 2093 scriberentur,
575 2010 745 2094 paullatim
760 2019 925 2076 crescente
941 2011 1089 2075 doctrina
1103 2020 1136 2075 et
1150 2009 1364 2092 Varronis⁴³),
1381 2017 1415 2073 ut
1430 2009 1564 2087 ridetur,

335 2118 483 2203 exemplo
507 2118 701 2201 gravissimo
725 2136 777 2182 res
801 2125 924 2181 mutata
949 2127 1007 2182 est.
1044 2117 1155 2200 itaque
1179 2117 1301 2200 Cicero,
1325 2117 1453 2182 etiamsi
1476 2115 1565 2179 Plato

335 2225 517 2308 similiaque
541 2225 647 2306 habet,
671 2223 734 2287 iam
760 2223 859 2288 multo
883 2224 988 2288 miuus
1013 2223 1121 2288 audax
1146 2230 1197 2289 est
1219 2224 1252 2287 in
1275 2223 1408 2288 vocibus
1428 2220 1565 2286 Graecis

335 2330 377 2396 ad
406 2351 498 2396 usum
527 2330 677 2394 Latinum
706 2328 918 2414 adoptandis,
948 2327 1005 2394 sed
1036 2330 1132 2412 longe
1160 2349 1231 2394 eum
1261 2338 1416 2414 superant
1438 2335 1566 2413 poetae,

427 2543 463 2612 ⁸⁹)
481 2545 546 2598 hinc
565 2547 688 2612 apparet,
713 2559 797 2611 quam
821 2547 962 2597 vetustum
981 2542 1019 2597 rit
1037 2543 1088 2597 hoc
1106 2543 1207 2597 vitium
1227 2543 1377 2598 accusativi
1396 2547 1425 2597 at
1448 2541 1567 2597 ablativi

334 2635 407 2690 inter
425 2651 453 2688 aa
471 2633 652 2689 confusorum.
690 2635 723 2688 cf.
745 2633 870 2701 Bbclring
888 2633 923 2686 ad
942 2631 995 2686 Gai
1014 2632 1079 2686 inst.
1098 2632 1139 2686 ed.
1159 2633 1183 2686 V
1203 2649 1305 2688 excurs.
1325 2633 1346 2686 l.

424 2723 460 2791 ⁴⁰)
479 2724 530 2777 hoc
553 2741 662 2792 quoque
686 2723 810 2792 exemplo
835 2722 964 2776 docemur
987 2739 1041 2776 non
1065 2725 1123 2775 tam
1148 2725 1269 2776 recentes
1288 2739 1352 2785 esse,
1377 2739 1461 2789 quam
1480 2719 1565 2788 vulgo

333 2814 496 2882 opinantur,
521 2813 635 2867 formas:
664 2821 701 2878 ut,
729 2813 834 2880 aliquit,
858 2814 923 2880 quit,
948 2815 1019 2879 quod
1041 2814 1070 2864 et
1093 2809 1170 2864 talia.
1217 2827 1385 2878 quamquam
1414 2809 1565 2878 permultas

334 2921 428 2957 aarum
447 2901 644 2956 recentioribus
664 2901 832 2969 temporibus
851 2900 880 2952 in
900 2899 1003 2953 codices
1021 2899 1149 2953 inductas
1168 2915 1225 2952 esse
1244 2915 1299 2953 non
1316 2898 1484 2968 negaverim.

424 2990 461 3056 ⁴¹)
477 2989 522 3044 hic
538 2989 710 3044 accusativus
721 2990 814 3044 creber
822 2990 852 3042 in
862 2989 989 3042 omnibus
998 2989 1116 3042 Senecae
1126 2987 1203 3042 libris
1213 3005 1277 3042 mss.
1287 2989 1316 3042 iu
1327 2987 1349 3041 Ε
1359 2987 1564 3056 tragoediarum

304 3128 312 3144 ,
333 3083 393 3134 tam
409 3084 537 3136 constans
551 3082 593 3134 est
607 3079 636 3132 in
651 3079 783 3134 vocabulo
797 3081 885 3133 omnis
905 3081 937 3132 ut
955 3078 1050 3146 paucis
1064 3077 1121 3130 illia
1134 3077 1209 3142 locis,
1229 3077 1278 3132 ubi
1292 3095 1381 3132 omnes
1394 3081 1480 3136 extat.
1495 3075 1566 3130 illud

333 3169 525 3239 corrigendum
548 3168 683 3234 videatur,
708 3168 871 3237 praesertim
895 3185 956 3222 cum
980 3185 998 3222 a
1021 3166 1134 3220 librario
1152 3185 1201 3236 pro
1220 3166 1398 3221 nominativis
1417 3165 1565 3235 singularis

332 3262 421 3312 omnis
445 3263 473 3313 at
493 3260 637 3312 incolumis
664 3258 753 3324 (Herc.
774 3257 833 3311 Oet.
854 3257 914 3320 248,
935 3255 1008 3322 295),
1038 3273 1104 3324 quoa
1133 3255 1303 3310 accusativos
1330 3255 1445 3324 pluralis
1472 3256 1501 3309 in
1528 3257 1566 3306 ·ia

333 3348 496 3403 terminatos
521 3352 632 3417 propter
655 3347 759 3401 vicinas
782 3363 860 3400 voces
883 3347 971 3399 ιιιὶιιιι
995 3349 1023 3399 et
1043 3363 1137 3413 preces
1160 3345 1334 3414 opinabatur,
1360 3362 1450 3398 omnes
1473 3349 1501 3398 et
1523 3347 1565 3396 irr-

332 3439 447 3491 coiumea
460 3438 581 3506 positum
595 3437 640 3490 sit.
666 3435 727 3490 add.
739 3437 816 3490 Herc.
829 3435 889 3489 Oet.
904 3435 979 3499 1207,
994 3435 1068 3488 1451.
1088 3451 1173 3502 quare
1187 3453 1242 3488 non
1256 3437 1329 3488 recta
1344 3433 1459 3488 absone
1473 3449 1565 3486 omnes

333 3526 386 3581 hae
400 3527 512 3590 ianuae,
531 3543 701 3594 quamquam
716 3525 775 3594 ipse
788 3524 924 3594 genuinas
939 3541 985 3578 eas
1000 3541 1057 3578 asse
1070 3523 1262 3592 suspicabatur
1277 3524 1315 3591 (ΙΙ
1329 3542 1355 3592 p.
1367 3523 1437 3587 Vll),
1457 3527 1565 3592 spretae

332 3618 361 3670 et
379 3616 410 3671 in
429 3615 637 3670 adnotationem
656 3615 774 3669 reiectae
792 3617 865 3667 sunt.
902 3631 967 3667 nam
987 3613 1061 3681 quod
1080 3613 1151 3668 hauc
1169 3613 1305 3668 rationem
1322 3614 1476 3682 legentium
1494 3629 1563 3666 com·

331 3705 419 3760 modis
438 3704 611 3774 profuturam
630 3721 687 3758 esse
706 3703 860 3767 existimat,
884 3702 960 3758 haud
978 3701 1031 3756 sibi
1049 3703 1187 3766 constitit,
1212 3721 1274 3757 cum
1298 3702 1356 3758 alia
1373 3707 1405 3757 ut
1423 3706 1498 3770 perit
1516 3719 1565 3770 pro

328 3798 403 3863 perit
413 3793 548 3848 tironibus
563 3811 618 3846 non
633 3793 724 3845 minus
738 3792 863 3846 diflicilia
877 3791 1034 3846 servaverit.
1061 3791 1131 3846 addc
1145 3793 1174 3846 in
1184 3793 1264 3846 rebus
1278 3792 1364 3862 gestis
1376 3791 1434 3845 divi
1445 3792 1563 3860 Augusti

333 3883 371 3937 VI
390 3883 419 3937 4:
447 3883 618 3952 aepo[lesqne
636 3885 743 3937 omnia
761 3881 846 3949 misit]
867 3899 921 3935 non
941 3899 1047 3935 omncs
1066 3881 1249 3950 supplendum
1272 3881 1368 3944 videri,
1393 3898 1454 3935 cum
1479 3881 1563 3934 etiam

332 3973 357 4025 V
376 3973 411 4026 32
429 3973 540 4042 legatur
558 3975 654 4038 omnis,
673 3989 809 4040 nusquam
829 3969 1002 4026 accusativus
1021 3987 1119 4026 omnes.

424 4060 460 4128 ⁴¹)
480 4065 512 4116 ut
533 4079 620 4115 unum
645 4061 801 4130 exemplum
833 4060 954 4123 afferam,
984 4059 1017 4114 da
1043 4063 1136 4128 tranq.
1162 4077 1206 4114 an.
1231 4062 1254 4122 5,
1279 4060 1348 4127 laq.
1368 4061 1393 4111 Α
1415 4058 1561 4113 secundum

332 4151 473 4206 Gartuium
497 4155 526 4206 et
549 4151 684 4205 Kochium
708 4154 770 4205 dere
792 4136 833 4214 P..
857 4167 900 4205 are
919 4142 960 4214 P„
980 4167 1024 4202 rea
1043 4133 1086 4203 .P.
1106 4148 1198 4202 habet.

424 4238 460 4307 ⁴¹)
480 4241 532 4296 hoc
546 4241 653 4294 Plinius
673 4239 819 4295 tradidisse
837 4239 948 4294 videtur
967 4240 996 4292 in
1016 4239 1147 4294 librorum
1161 4237 1241 4292 dubii
1254 4238 1385 4292 sermonis
1399 4241 1476 4292 sexto
1489 4237 1563 4305 apud

333 4329 490 4385 charisium
509 4330 574 4384 inat.
594 4347 711 4399 gramm.
731 4347 757 4398 p.
777 4330 820 4394 53,
844 4331 872 4383 l‘l
893 4329 924 4382 K.
954 4347 987 4383 ex
1004 4327 1144 4382 vatenbua
1162 4326 1196 4380 de
1214 4327 1258 4380 his
1276 4327 1370 4381 formis
1389 4325 1461 4381 dixit
1479 4326 1562 4392 Quin·

331 4419 448 4474 tilianae
462 4419 527 4474 inst.
542 4423 611 4474 orat.
623 4419 636 4472 Ι
647 4423 671 4484 b,
681 4419 717 4473 58
731 4436 779 4486 sq,
799 4435 832 4472 ax
845 4417 1042 4473 recentioribus
1061 4416 1095 4470 de
1113 4416 1147 4469 iis
1166 4419 1284 4485 egerunt
1298 4415 1412 4480 Neuius,
1433 4417 1562 4470 Forma·

331 4507 422 4563 lctrr'
440 4509 453 4562 I
471 4527 497 4577 p.
518 4509 550 4562 31
562 4526 602 4576 sq.
624 4511 654 4562 et
675 4509 720 4561 121
735 4526 783 4576 sq.‚
804 4507 958 4570 comnenus,
983 4509 1065 4561 Urbar
1084 4507 1256 4574 Ausspruclre
1275 4503 1342 4560 etc.¹
1360 4505 1386 4558 II
1405 4523 1431 4574 p.
1451 4505 1563 4573 Bldaq.

332 4599 476 4664 Iardanos,
501 4601 641 4652 Kritiaclra
665 4600 793 4663 sostrata
816 4615 868 4650 aar
893 4599 1046 4651 Gesclriclta
1068 4598 1116 4649 der
1133 4597 1309 4650 lateinisches
1329 4596 1451 4662 Spraclrc
1475 4595 1563 4648 Berul.

333 4687 402 4742 1879
421 4705 447 4757 p.
470 4689 543 4756 laq„
562 4687 610 4755 qui
629 4687 747 4756 priscam
766 4690 878 4741 tantum
897 4684 1069 4740 latinitatem
1089 4683 1207 4740 curarit.
