3480 5230
806 393 824 457 5

203 619 356 701 cogitasse
380 638 474 702 quarn
499 619 537 684 de
561 619 674 684 animis
692 619 885 685 audientium
900 621 1079 704 rhythmica
1096 622 1161 686 arte
1178 622 1419 686 commovendis.

202 723 374 788 Metrorum
403 722 486 786 enim
509 723 670 807 disciplina
692 744 765 789 cum
787 723 928 788 musicae
952 725 1027 788 artis
1049 726 1172 808 partem
1196 725 1317 789 efficere
1340 724 1421 790 desi-

202 826 279 890 isset
305 827 338 890 et
364 844 506 890 seorsum
535 829 753 910 exponeretur,
784 827 848 892 iam
870 827 1098 892 Hermesianax
1120 828 1304 892 Aristoxeno
1326 828 1419 911 paulo

202 929 328 994 inferior
357 930 512 994 minorem
536 929 659 994 distichi
683 930 811 1012 elegiaci
846 950 972 996 versum
996 931 1268 1013 „pentametrurn“
1298 929 1421 994 vocavit

203 1031 395 1114 syllabarum
410 1032 513 1116 potius
528 1053 624 1116 qoam
639 1033 860 1115 rhythmorum
881 1033 1002 1098 ratione
1017 1033 1134 1098 habita
1179 1034 1277 1099 Cuius
1299 1033 1343 1096 rei
1365 1033 1420 1115 qui

200 1136 321 1218 primns
343 1137 526 1200 memoriam
547 1137 746 1202 resuscitavit
766 1137 921 1201 Henricus
943 1136 1023 1201 Weil
1046 1136 1090 1217 (in
1114 1138 1219 1202 annal.
1241 1137 1316 1220 phil.
1339 1139 1361 1200 t.
1378 1137 1417 1200 91

201 1257 227 1302 e.
253 1238 335 1301 1865
357 1259 386 1321 p.
409 1239 483 1318 655)
506 1241 601 1304 simul
623 1241 800 1323 suspicatus
824 1242 871 1305 est
893 1241 956 1303 iem
979 1239 1204 1322 antiquioribus
1226 1239 1419 1323 temporibus

201 1341 317 1404 multos
352 1342 391 1406 ad
419 1362 516 1407 unam
544 1345 725 1410 exteriorem
754 1361 903 1408 versuum
930 1342 1063 1406 formam
1092 1343 1212 1408 animos
1241 1343 1419 1408 contulisse.

201 1444 260 1509 Cui
283 1444 418 1528 opinioni
440 1446 541 1529 prima
564 1447 690 1529 quidem
714 1445 814 1530 speeie
835 1444 1024 1528 patrocinari
1046 1446 1179 1523 ridetur,
1204 1445 1286 1529 quod
1301 1446 1420 1510 Aristo

201 1548 279 1612 teles
308 1548 384 1612 dicit
409 1547 585 1632 Metaphys.
609 1549 688 1614 XIII
711 1549 741 1627 6,
765 1550 800 1612 6:
830 1545 957 1633 λέγουσι
981 1544 1020 1613 δέ
1038 1571 1123 1626 τινες
1145 1543 1197 1613 ὅτι
1219 1539 1330 1614 πολλὰ
1350 1571 1419 1612 τοι-

201 1653 292 1730 αἴτα,
322 1639 391 1717 οἷον
418 1649 510 1714 αἵτε
530 1648 630 1732 μέσαι
653 1644 671 1736 ἡ
693 1649 755 1734 μὲν
777 1648 869 1716 ἐννέα
897 1643 916 1736 ἡ
939 1648 976 1716 δὲ
998 1642 1097 1730 ὀκτώ,
1121 1649 1177 1716 καὶ
1198 1642 1237 1718 τὸ
1260 1645 1341 1728 ἔντος
1364 1649 1419 1715 de-

200 1749 343 1835 καεπτά,
373 1748 552 1837 ἰσάριθμον
576 1751 724 1833 τούτοις·
746 1749 895 1837 βαίνεται
918 1745 947 1818 δ’
972 1750 1005 1818 ἐν
1026 1751 1088 1836 μὲν
1109 1756 1155 1839 τῷ
1180 1753 1275 1840 δεξιῷ
1302 1754 1347 1835 (id
1371 1756 1420 1818 est

199 1860 233 1923 in
261 1859 362 1942 priore
388 1859 561 1922 hexametri
586 1861 675 1942 parte
698 1858 762 1923 sive
784 1859 818 1921 in
840 1857 971 1940 pedibus
992 1856 1019 1934 1,
1041 1857 1084 1934 H,
1107 1856 1169 1938 HI)
1193 1853 1291 1920 ἐννέα.
1304 1854 1420 1921 συλλα-

199 1963 291 2044 βαῖς,
315 1957 348 2024 ἐν
370 1957 407 2025 δὲ
429 1965 476 2046 τῷ
498 1952 659 2047 ἀριστερῷ
682 1961 726 2044 (id
749 1963 798 2026 est
819 1961 851 2024 in
873 1959 1043 2044 posteriore
1063 1961 1234 2026 hexametri
1249 1962 1338 2043 parte
1355 1961 1419 2024 sive

199 2065 232 2128 in
253 2063 386 2148 pedibus
408 2063 463 2140 IV,
486 2063 522 2140 V,
544 2063 602 2145 VI)
625 2055 719 2130 ὀκτώ.
767 2065 926 2140 Attamen,
950 2064 1097 2145 quoniam
1128 2063 1184 2128 soli
1211 2056 1418 2127 ὁλοδάκτυλοι

200 2167 410 2251 septendecim
434 2168 572 2250 syllabas
595 2169 846 2251 complectuntur
873 2169 905 2230 et
930 2167 1113 2232 Aristoteles
1142 2185 1178 2231 eo
1206 2166 1348 2243 consilio,
1383 2168 1420 2230 ut

200 2271 317 2346 similes
344 2270 453 2333 fidium
477 2272 508 2334 et
529 2289 638 2334 versus
661 2271 889 2335 elementorum
914 2270 1051 2334 rationes
1080 2289 1147 2335 esse
1178 2270 1418 2348 demonstraret,

199 2374 314 2438 heroici
340 2391 448 2438 versus
474 2373 625 2456 syllabas,
658 2393 722 2438 non
750 2373 845 2457 pedes
872 2374 928 2436 ant
954 2372 1022 2437 cola
1044 2373 1238 2451 numeravit,
1273 2372 1419 2454 equidem

201 2496 264 2542 non
286 2476 471 2542 crediderim
492 2477 556 2540 iam
579 2479 651 2541 aute
669 2475 894 2540 Alexandrinos
916 2476 1081 2540 metricam
1104 2477 1136 2539 et
1157 2475 1311 2540 musicam
1335 2478 1418 2540 artes

200 2581 298 2646 ruisse
321 2579 502 2644 disiunctas,

288 2681 578 2760 „Eminentissimos
595 2681 804 2747 Graecorum“
827 2683 859 2746 iu
882 2681 937 2759 eie,
960 2700 1042 2764 qnae
1060 2681 1098 2745 de
1113 2681 1269 2764 rhythmis
1286 2682 1419 2765 scripsit,

201 2806 270 2852 esse
293 2786 512 2851 Ciceronem
535 2786 679 2849 secutum
702 2804 774 2848 cnm
790 2784 1002 2864 Quintilianus
1017 2784 1064 2848 IX
1079 2785 1109 2861 4,
1126 2785 1166 2847 19
1182 2787 1327 2862 testatur,
1350 2787 1420 2849 tum
1466 2773 1472 2782 ’

202 2909 239 2955 ex
260 2888 358 2973 ipsius
374 2887 531 2952 Ciceronis
554 2888 640 2952 libris
664 2888 841 2952 loculenter
863 2888 1000 2971 apparet.
1038 2885 1098 2965 Qui
1113 2887 1294 2965 Isocratem,
1317 2889 1420 2971 llpho-

200 3011 286 3069 rum,
319 2991 526 3069 Naucratem,
558 2991 774 3066 Aristotelem,
805 2989 1028 3066 Tbeodectem,
1056 2990 1308 3073 Theophrastum
1335 2993 1420 3075 post-

202 3114 297 3179 quam
325 3095 596 3172 commemoravit,
625 3093 702 3158 haec
730 3094 899 3157 exclamat:
927 3092 1024 3171 „Quis
1047 3111 1120 3174 ergo
1142 3093 1219 3156 istos
1242 3091 1337 3171 terat,
1366 3096 1419 3176 qui

200 3200 259 3264 hos
282 3199 425 3262 auctores
447 3216 509 3260 non
533 3198 704 3280 probent?“
741 3195 841 3276 (Orat.
867 3196 926 3258 172
951 3196 1008 3278 [z
1027 3195 1130 3259 Rufin.
1151 3217 1180 3278 p.
1204 3196 1276 3273 570,
1292 3197 1332 3259 27
1349 3196 1418 3282 KJ).

200 3303 247 3366 Ex
273 3302 334 3376 his,
362 3302 398 3364 ut
423 3319 481 3383 par
509 3302 589 3377 erut,
623 3299 800 3364 Aristotelis
827 3299 962 3362 maxime
990 3299 1143 3363 rabonem
1170 3298 1291 3376 habuit,
1324 3319 1418 3381 quem

202 3404 376 3488 „optimum
399 3404 578 3467 anctorem“
601 3403 743 3467 nominat
766 3400 850 3465 Orat.
876 3401 978 3484 1969)
1022 3399 1125 3479 Quare
1147 3421 1209 3465 non
1233 3403 1320 3466 casui
1341 3403 1419 3468 mihi

202 3506 341 3571 dandum
373 3506 509 3582 videtur,
543 3505 625 3588 quod
653 3507 758 3589 ipsum
784 3504 959 3568 Aristotelis
989 3523 1104 3569 nomen
1131 3523 1193 3568 non
1222 3503 1318 3582 addit,
1345 3524 1418 3570 cnm

201 3611 303 3692 legem
333 3608 544 3692 rhythmicam
577 3609 616 3674 eb
648 3628 684 3673 eo
714 3608 893 3690 neglectam
924 3625 993 3672 esse
1026 3606 1199 3684 contendit,
1234 3606 1320 3671 Orat.
1355 3609 1418 3672 218

202 3714 259 3796 [z
280 3712 384 3776 Rufin.
411 3713 556 3794 574,2s]:
586 3711 710 3790 „Quare
739 3710 834 3774 etiam
859 3727 980 3792 paeana
1009 3709 1062 3792 qni
1090 3708 1167 3773 dixit
1194 3709 1358 3793 aptiorem,
1385 3711 1418 3774 in

202 3834 264 3898 quo
296 3817 380 3879 esset
408 3815 502 3897 longa
531 3817 707 3897 postrema,
739 3813 817 3877 vidit
843 3831 969 3895 parum,
1007 3813 1154 3894 quoniam
1182 3812 1257 3876 nihil
1285 3813 1323 3877 ad
1350 3832 1418 3878 rem

201 3921 259 3995 est,
288 3920 447 4002 postrema
481 3937 576 3999 qnam
608 3918 702 4000 longa
729 3917 799 3980 sit.“
843 3916 890 3979 llx
916 3916 974 3980 hoc
1001 3916 1068 3980 loco
1097 3914 1192 3980 simul
1220 3915 1419 3999 perspicuum

201 4024 251 4087 est
265 4020 404 4085 Tullium
425 4021 554 4085 minime
577 4022 670 4085 nnius
692 4020 724 4083 in
747 4019 842 4083 verba
863 4017 984 4082 iurasse
1006 4018 1163 4100 magistri3
1187 4017 1281 4101 idque
1303 4038 1342 4083 ue
1365 4039 1419 4102 po-

200 4127 283 4190 terat
314 4124 455 4207 quidem,
488 4123 643 4206 siquidem
672 4124 757 4187 recte
784 4120 880 4186 tradit
905 4121 1028 4184 nohum
1054 4139 1206 4203 umquam
1234 4121 1417 4205 scriptorem

202 4245 300 4309 aeque
343 4227 464 4310 copiose
502 4226 539 4291 de
580 4243 747 4290 numerosa
783 4223 930 4288 orationis
977 4223 1197 4307 compositione
1235 4223 1418 4289 disseruisse

200 4329 299 4412 (Orat
333 4329 411 4392 226:
446 4329 507 4407 „lllt
538 4328 685 4411 quoniam
722 4328 814 4411 plura
848 4326 886 4390 de
913 4345 1081 4391 numerosa
1107 4326 1244 4391 oratione
1285 4326 1418 4391 diximus

152 4645 158 4653 ,
279 4589 300 4654 ¹)
324 4587 400 4643 (toul.
424 4585 564 4654 Hugonem
587 4583 701 4639 Jenoch
725 4582 889 4638 ‘nrutotehs
911 4597 945 4638 ex
963 4587 1023 4638 arte
1042 4581 1179 4638 rhetorica
1198 4583 1338 4651 quaeritur
1356 4582 1419 4654 quid

201 4675 305 4730 habeat
323 4673 425 4729 Cicero’
445 4671 519 4740 (diss.
539 4669 627 4727 Berol.
648 4670 724 4735 1866)
742 4685 768 4738 p.
787 4669 896 4724 35-43.
916 4670 957 4728 48.
976 4671 1011 4724 50
1028 4673 1079 4724 etc.
