3634 5240
1017 347 1058 412 28

925 431 1137 442 *-

421 567 533 634 artiore
560 569 784 653 significatione
814 574 846 638 ct
866 567 961 655 μέλος
992 575 1024 638 et
1049 566 1187 658 μουσική
1208 589 1298 636 voces
1326 572 1409 636 solas
1430 571 1660 655 designante,

421 673 534 754 quibus
571 677 691 739 ceterae
724 677 829 758 partes
864 679 918 742 aut
952 697 1013 742 uno
1047 678 1141 742 verba
1174 672 1277 758 μέτρα
1307 677 1566 759 comprehensae
1604 683 1660 741 aut

419 775 553 853 duobue
576 773 669 862 λόγος
690 773 840 863 (ῥήματα)
862 777 916 843 καί
941 774 1063 864 ῥυθμοί
1072 783 1105 861 i),
1131 779 1296 843 distinctae
1320 782 1541 862 opponuntur,
1568 782 1660 845 velut

421 877 526 962 Symp.
552 881 611 943 187
635 881 680 944 D:
702 877 860 965 χριόμενον
880 874 994 968 ὀρθῶς
1015 885 1085 960 τοῖς
1109 877 1344 968 πεποιημένοις
1369 877 1515 962 μέλεσί
1538 906 1582 946 τε
1606 883 1659 947 καί

418 978 593 1065 μέτροις;
631 985 705 1066 Leg.
728 985 761 1048 II
784 986 846 1049 669
869 987 911 1050 B:
945 979 988 1064 ῶς
1014 972 1047 1049 εί·
1072 979 1239 1070 εἴργασται
1266 986 1330 1047 τῶν
1354 977 1488 1048 εἰκόνων
1519 979 1662 1070 ἡτισοῦν

420 1079 568 1169 ῥήμασί
589 1085 697 1151 τεκαὶ
720 1084 857 1170 μέλεσι
882 1085 935 1152 καί
952 1091 1020 1167 τοῖς
1036 1090 1218 1173 ῥοθμοῖς;
1242 1087 1424 1170 Symp.205
1440 1088 1468 1151 B
1487 1089 1531 1154 C:
1562 1081 1659 1154 οἷσθ’

418 1179 470 1250 ὅτι
505 1184 641 1276 ποίησίς
668 1187 739 1255 έστί
769 1216 801 1256 τι
825 1188 921 1256 πολύ·
950 1184 1051 1276 ἡγόρ
1074 1215 1121 1255 τοι
1148 1187 1182 1253 έκ
1204 1192 1259 1254 τοῦ
1283 1180 1326 1272 μέ
1360 1179 1453 1268 ἁντος
1474 1186 1528 1269 είς
1559 1185 1603 1256 τὸ
1625 1186 1660 1258 ὃν

418 1282 500 1353 ίόντι
528 1284 649 1377 ὁτῳοῦν
676 1289 767 1360 αίτία
791 1291 886 1359 πᾶσά
913 1291 983 1360 ἔστι
1008 1290 1154 1380 ποίησις,
1183 1286 1343 1356 ὥστεκαὶ
1365 1287 1399 1356 αλ
1423 1285 1496 1357 έπὸ
1521 1293 1662 1373 πάσαις

418 1395 491 1470 ταῖς
506 1389 631 1474 τέχναις
646 1393 791 1484 ἐργασίαι
814 1395 963 1484 ποιήσεις
980 1393 1044 1462 εἰσὶ
1056 1394 1111 1461 καί
1127 1389 1158 1460 oi
1176 1392 1299 1460 τοίτιον
1315 1393 1505 1482 δημιουργοὶ
1530 1395 1661 1476 πάντες

418 1492 564 1582 ποιηταί.
589 1547 596 1562 .
621 1491 750 1566 ..ἁλλ’
783 1495 871 1584 ὅμως
893 1551 901 1566 .
926 1551 933 1565 .
957 1553 964 1566 .
987 1493 1022 1566 οὗ
1043 1500 1211 1564 καλοῦνται
1236 1493 1435 1586 ποιηταί..
1461 1549 1490 1576 .,
1516 1491 1599 1564 ἀπὸ
1624 1499 1659 1564 δέ

419 1593 528 1684 πόσης
549 1605 607 1687 τῆς
630 1600 795 1688 ποιήσεως
811 1599 846 1670 έν
861 1599 977 1688 μόριον
998 1596 1183 1691 ἀφορισθέν
1204 1593 1244 1668 τὸ
1267 1599 1343 1688 περὶ
1370 1593 1427 1688 τὴν
1449 1595 1661 1688 μουσικὴν

419 1697 473 1764 καί
500 1694 541 1765 τὰ
569 1703 694 1790 μέτρα
715 1712 762 1794 τῷ
789 1711 845 1772 τοῖ’
878 1702 952 1774 ὅλοιν
974 1699 1108 1790 ὀνόματι
1141 1700 1431 1792 προσαγορεύεται;
1469 1705 1577 1770 Isocr.
1616 1727 1658 1771 or.

421 1804 470 1882 15,
486 1807 542 1870 46:
565 1801 630 1872 είσὶ
649 1805 710 1894 γάρ
724 1834 818 1890 τινες,
843 1807 904 1876 οἳ.
929 1861 936 1876 .
960 1861 967 1875 .
991 1807 1126 1897 γράφειν
1149 1860 1155 1874 .
1180 1859 1187 1874 .
1213 1859 1219 1872 .
1244 1803 1442 1895 προῄρηνται
1459 1805 1586 1893 λόγους
1600 1861 1660 1885 ..,
1730 1805 1731 1888 3

420 1893 474 1984 οές
500 1903 644 1989 ἁπαντες
676 1903 715 1976 tio
737 1909 875 2000 φήσειαν
904 1907 1108 1998 ὁμοιοτέρους
1136 1903 1217 1979 εἶναι
1245 1915 1315 1990 τοῖς
1336 1902 1418 1994 μετὰ
1450 1915 1659 1997 μουσικῇ-ς

419 2007 474 2074 καὶ
497 2016 658 2097 ῥυθμῶν
678 2015 917 2103 πεποιημένοις
936 2007 958 2102 ’ὴ
980 2019 1051 2094 τοῖς
1072 2012 1106 2079 έν
1128 2010 1326 2103 δικαστηρίῳ
1348 2014 1550 2100 λεγομένοις.

503 2115 615 2200 Itaque
637 2119 690 2184 ubi
706 2121 871 2186 coniuncta
885 2120 1034 2201 leguntur
1049 2119 1144 2183 verba
1159 2110 1299 2200 ἁρμονία
1314 2114 1369 2180 καί
1383 2114 1490 2199 μέλος,
1516 2119 1654 2184 Ariston

419 2215 507 2283 Poet.
520 2220 576 2284 ut
594 2222 690 2286 14491’
703 2224 759 2287 28:
782 2218 866 2307 λέγιο
883 2219 919 2287 δέ
931 2216 1109 2307 ἡδοσμένον
1125 2270 1131 2283 .
1146 2270 1174 2284 ..
1191 2216 1285 2304 λόγον
1299 2211 1355 2284 τὸν
1377 2214 1493 2301 έχοντα
1517 2213 1655 2308 ῥυθμὸν

419 2317 474 2384 καί
497 2315 654 2408 ἁρμονίαν
676 2323 730 2390 καί
752 2322 858 2408 μέλος,
882 2325 1060 2409 generalem
1075 2325 1139 2388 vim
1160 2323 1257 2388 habet
1277 2319 1385 2405 μέλος,
1402 2324 1550 2388 eontinet
1566 2327 1653 2389 enim

419 2423 452 2486 et
473 2429 708 2510 comprehendit
730 2447 768 2493 ea
790 2447 868 2510 quse
884 2427 1074 2493 antecedunt
1089 2417 1216 2513 ῥυθμὸν
1234 2423 1289 2490 καί
1305 2419 1464 2513 ἁρμονίαν
1487 2428 1654 2510 (,‚pcteret

420 2527 546 2608 qrridem
577 2532 706 2596 tertium
738 2532 865 2596 abesse“
898 2531 1020 2596 Vahlen
1043 2531 1113 2596 οιλ.ες
1141 2550 1169 2612 p.
1194 2529 1278 2612 118).
1306 2529 1319 2611 )
1372 2530 1484 2610 Neque
1512 2550 1592 2595 vero
1617 2549 1653 2595 er

418 2628 473 2693 iila
494 2625 589 2717 λόγον
609 2655 646 2697 τε
666 2630 721 2697 καὶ
744 2626 901 2719 ἁρμονίας
922 2631 975 2698 καί
1000 2633 1127 2716 ῥοθμοέ
1147 2632 1363 2697 coniunctione
1379 2631 1561 2697 efflorescet
1578 2652 1653 2698 vcra

418 2733 633 2815 pulchritudo,
662 2737 724 2801 nisi
746 2736 887 2818 singulae
909 2739 1015 2821 partes
1037 2735 1222 2801 bene'inter
1245 2753 1279 2799 se
1301 2735 1488 2816 congruent,
1519 2753 1561 2800 ac
1585 2755 1652 2801 nra-

418 2834 501 2900 xime
535 2839 709 2904 cavcndum
738 2842 798 2918 est,
831 2858 871 2903 ne
895 2840 956 2904 alia
984 2841 1068 2904 aliud
1092 2838 1255 2921 exprimat.
1300 2837 1371 2916 Qua
1393 2836 1424 2899 in
1452 2855 1487 2900 re
1510 2836 1651 2903 Platone

419 2939 499 3004 teste
521 2939 649 3007 fuerunt
670 2943 723 3024 qui
746 2942 881 3025 graviter
902 2944 1083 3025 peccarent:
1106 2939 1226 3023 Leg.H
1248 2940 1311 3004 669
1333 2940 1412 3005 Bo:
1435 2932 1596 3022 ἁμαρτών
1616 2964 1652 3005 τε

418 3035 479 3126 γὰρ
502 3066 553 3121 τις
574 3044 630 3124 (sc.
654 3041 731 3131 περὶ
753 3035 810 3130 τίμ
831 3041 1001 3130 μουσικὴν)
1022 3036 1147 3129 μέγιστ’
1174 3035 1212 3107 bv
1234 3038 1432 3126 βλάπτοιτο,
1466 3033 1540 3130 ἤθη
1565 3035 1652 3108 md

419 3143 719 3232 φιλοφρονούμενος,
741 3141 973 3229 χαλεπώτατόν
994 3170 1030 3212 τε
1053 3143 1243 3213 αἰσθέσθαι
1267 3136 1322 3210 6ιὰ
1343 3136 1382 3209 τὸ
1403 3137 1477 3222 τοὺς
1501 3144 1652 3232 ποιητὰς

416 3245 634 3334 φαυλοτέρους
656 3241 738 3316 εἶναι
760 3241 901 3337 ποιητὰς
924 3242 1027 3314 αἰτῶν
1049 3255 1112 3314 τῶν
1129 3253 1284 3315 Μουσῶν.
1318 3240 1356 3314 οὗ
1377 3243 1438 3336 γὰρ
1461 3239 1501 3312 bb·
1525 3243 1651 3314 ἐκεῖναί

416 3371 452 3435 γε
474 3346 687 3436 ἐξαμάρτοιέν
708 3374 792 3420 ποτε
812 3355 974 3436 τοσοῦτον,
999 3347 1083 3419 ἁίστε
1106 3349 1234 3442 ῥήματα
1257 3343 1379 3436 ἀνδρῶν
1401 3347 1594 3436 ποιήσασαι
1611 3345 1649 3420 τὸ

484 3575 508 3641 ¹)
526 3574 588 3630 Una
617 3575 668 3630 hac
686 3573 711 3628 vi
730 3574 843 3629 verbum
872 3573 951 3640 μέλος
973 3579 1002 3629 et
1019 3576 1054 3630 ab
1076 3575 1237 3630 Aristoxeno
1256 3579 1284 3629 et
1303 3590 1319 3629 a
1337 3572 1435 3628 ceteris
1453 3572 1492 3626 rei
1521 3575 1645 3630 musicae

418 3659 595 3728 scriptoribus
613 3659 737 3728 usurpari
758 3659 865 3729 copiose
888 3661 967 3716 docet
986 3666 1014 3715 et
1036 3660 1220 3728 Marquardtii
1239 3660 1273 3716 de
1291 3661 1345 3713 hac
1363 3675 1393 3712 re
1410 3659 1581 3714 seutentiam
1600 3661 1647 3714 irn-

418 3747 523 3814 pugnst
541 3745 685 3814 westphal
703 3745 889 3801 ‘Aristoxenus
908 3765 959 3801 von
978 3747 1089 3801 Tarent’
1108 3746 1233 3814 (Lipsiae
1253 3747 1330 3808 1883)
1349 3761 1376 3812 p.
1395 3746 1447 3796 203
1465 3759 1522 3812 sqq.

489 3834 512 3898 ²)
532 3832 585 3888 Ubi
609 3832 715 3904 ῥυθμοί
740 3838 914 3902 opponuntur
934 3837 1050 3903 μέτροις
1078 3833 1112 3888 de
1133 3833 1279 3888 saltatione
1304 3831 1341 3885 iili
1368 3834 1433 3885 suut
1449 3829 1645 3898 intellegendi:

420 3917 531 3972 Aristot.
559 3918 637 3973 Poet.
665 3935 687 3974 c.
708 3921 722 3972 l
751 3920 841 3973 1447b
865 3919 910 3972 24:
940 3919 993 3970 εἰσὶ
1015 3915 1048 3970 δὲ
1063 3937 1134 3974 τινες
1155 3919 1280 3986 (τέχναι),
1299 3916 1328 3968 αἳ
1348 3917 1421 3968 πᾶσι
1443 3916 1572 3988 χρῶνται
1590 3923 1646 3973 τοῖς

420 4003 576 4070 εἰρημένοις,
595 4001 664 4074 λέγω
682 4002 711 4056 δέ
731 4004 791 4056 οἷον
810 4005 909 4077 ῥυθμῷ
928 4008 974 4055 καί
990 4001 1064 4073 μέλει
1083 4007 1128 4056 καλ
1145 4007 1245 4073 μέτρῳ,

489 4091 510 4156 ⁸)
528 4087 623 4156 Neque
641 4091 712 4144 enirn
732 4091 765 4145 de
783 4106 816 4145 es
834 4089 976 4144 harmonia
989 4089 1154 4144 Aristoteles
1172 4088 1311 4157 cogitarit,
1330 4103 1383 4156 qua
1400 4093 1433 4141 ut
1448 4101 1564 4142 numero
1582 4105 1645 4156 quo

421 4173 484 4228 dam
502 4174 585 4228 etiem
603 4175 630 4229 in
648 4176 771 4232 cretione
790 4192 857 4245 opus
875 4180 931 4243 eet;
950 4175 1051 4245 quippe
1069 4175 1114 4245 qui
1132 4175 1366 4230 demonstraturus
1378 4173 1423 4240 sit,
1443 4187 1524 4242 quam
1538 4175 1645 4243 propri-

420 4273 465 4314 am
483 4264 654 4316 venustatem
673 4259 744 4323 λέξοι
763 4262 790 4316 in
809 4260 952 4330 tragoedia
969 4262 1101 4331 praebere
1113 4260 1221 4316 debeat.
1240 4293 1272 4302 —
1291 4259 1364 4314 Alibi
1380 4257 1464 4326 μέλοι
1482 4267 1644 4328 usurpatum

420 4349 464 4399 est
482 4360 531 4413 pro
550 4343 671 4415 ,μέτρον
686 4344 829 4414 μελικόνίῆ
849 4347 920 4403 Plat.
938 4347 1014 4416 Reip.
1033 4347 1058 4402 X
1076 4348 1127 4402 607
1148 4346 1186 4400 D:
1205 4350 1235 4397 ἐν
1250 4344 1325 4414 μέλει
1342 4343 1359 4411 ἤ
1376 4363 1432 4396 τινι
1449 4341 1526 4411 ἄλλῳ
1544 4349 1643 4419 με’τριμ.

424 4431 448 4483 Α
468 4429 597 4501 Dionysia
615 4432 704 4488 Helie.
723 4450 809 4502 comp.
828 4433 903 4488 verb.
921 4435 973 4488 αλ
991 4450 1017 4503 p.
1036 4434 1071 4487 64
1089 4432 1150 4487 Sch.
1169 4436 1361 4486 enumerentur
1378 4430 1413 4482 τὰ
1431 4433 1520 4500 μέτρα
1540 4436 1589 4483 καὶ
1611 4433 1643 4484 τὰ

420 4511 487 4582 μέλη
506 4519 552 4567 καὶ
571 4516 599 4570 οί
615 4515 698 4590 λόγον,
716 4524 744 4573 et
763 4535 784 4572 c.
806 4521 835 4572 ll
855 4537 883 4588 p.
901 4519 952 4572 116
973 4519 1048 4574 Scin:
1077 4515 1105 4570 οἱ
1121 4513 1228 4588 σπονδῇ
1243 4515 1395 4590 γράφονται
1411 4519 1516 4589 μέτρον
1533 4515 1551 4584 ἢ
1569 4517 1645 4586 μέλος

421 4598 439 4676 ἢ
457 4600 509 4669 τὴν
526 4599 672 4674 λεγομένην
688 4603 774 4674 πεζὴν
791 4600 872 4666 λέξιν.
