3546 5236
736 435 946 532 Ar„

333 633 407 696 Ιιαεο
428 633 457 695 si
474 653 533 714 per
554 651 588 695 se
605 627 824 716 poreooler¹⁸),
847 633 947 696 ionico
969 638 1056 695 sunl:
1078 633 1219 698 videnlur
1241 633 1321 696 enim
1339 633 1455 698 nullom

334 740 505 822 relinquere
536 759 622 821 spem
656 739 799 802 nemaeo
835 737 1007 818 erretius,
1044 739 1099 802 sed
1134 741 1237 802 omnio
1273 739 1382 803 delicto
1415 739 1458 804 od

329 865 462 928 poerrcm
485 846 641 910 deducere.
665 845 746 928 quod
767 847 862 926 sicel,
886 845 992 928 quidni
1006 846 1080 910 lruec
1093 847 1133 910 eil
1147 843 1356 930 sopienlio¹⁹),
1379 865 1458 930 quoe

334 953 488 1016 dediscere
522 953 740 1016 lruruonilolern
775 951 857 1016 iubet
891 958 1076 1036 portumque
1112 952 1259 1016 aduente
1291 956 1456 1035 fortunam

334 1061 536 1123 cerlis-*simum
558 1066 681 1122 nucleo
704 1060 847 1124 auxilio
870 1058 982 1122 cludit?

224 1171 321 1230 taceo
354 1162 452 1230 fecile
483 1163 552 1229 lieri
584 1183 682 1249 posse
714 1171 749 1230 ut
775 1165 877 1230 verbe
902 1163 1002 1230 haec:
1033 1173 1139 1230 mutuo
1167 1167 1284 1232 coelio
1313 1185 1378 1230 non
1410 1165 1457 1228 iu·

227 1270 431 1354 tellegantur,
456 1270 514 1336 sed
529 1291 689 1354 quaenam
711 1269 794 1337 hece
817 1277 868 1337 est
881 1271 990 1355 imago
1004 1279 1117 1356 portus
1132 1268 1412 1357 (misericordiae),
1435 1290 1457 1337 e

226 1397 291 1460 quo
315 1377 438 1443 auxilia
457 1385 568 1442 mutue
585 1376 817 1463 prohibentur?
854 1396 917 1443 non
935 1377 969 1443 in
988 1384 1092 1463 portu,
1115 1376 1227 1444 sedin
1245 1376 1313 1444 ello
1334 1377 1457 1444 euxilio

226 1504 311 1570 opus
334 1492 393 1550 est.
417 1504 501 1568 quae
524 1482 700 1550 difficultas
724 1482 862 1568 facilius,
886 1484 1009 1570 opinor,
1032 1504 1130 1568 qoem
1152 1483 1256 1572 Lipsii
1280 1491 1313 1551 et
1336 1483 1458 1550 Gertzii

229 1591 436 1658 coniecturis:
464 1595 564 1655 eculei
590 1593 701 1656 cecilii
727 1589 779 1656 uel
807 1600 948 1658 cumeum
974 1593 1126 1656 auxilium
1153 1591 1205 1658 vel
1228 1595 1326 1657 melei
1347 1593 1460 1658 auelli

229 1699 359 1763 occludit
386 1697 434 1764 sic
466 1707 655 1782 removetur,
688 1704 723 1764 ut
753 1707 878 1764 moloc
904 1701 1066 1780 cecilio,
1099 1717 1184 1783 queo
1215 1705 1267 1765 est
1294 1697 1458 1785 appositio

228 1804 378 1871 vocabuli
392 1813 528 1888 porrum,
554 1805 721 1871 scribatur.
754 1803 852 1870 simili
870 1804 966 1871 modo
986 1813 1170 1892 corruptum
1189 1824 1263 1872 esse
1282 1805 1387 1872 locum
1404 1805 1459 1889 qui

229 1921 280 1980 est
300 1913 341 1980 dc
359 1914 462 1979 bonel.
482 1913 525 1978 lV
538 1915 598 1997 5,3
618 1933 717 1999 supre
736 1911 781 1999 (p.
799 1916 874 1992 144)
898 1912 1050 1998 indicaui,
1074 1911 1133 1980 sed
1158 1912 1273 1979 eadem
1296 1912 1459 1979 medicine

230 2029 328 2104 egent
342 2020 441 2085 etiam
455 2022 554 2086 verba
569 2040 654 2103 quae
668 2025 780 2086 extant
794 2019 837 2084 lV
856 2023 905 2104 18,
920 2024 954 2086 2:
979 2022 1058 2086 duos
1080 2021 1155 2086 dese
1174 2019 1272 2100 (hauc
1284 2039 1398 2087 vocem
1411 2019 1458 2085 in·

231 2128 331 2192 semit
344 2127 501 2208 Hessius)
522 2150 572 2192 ree
590 2129 671 2193 dedii
688 2149 766 2212 quoe
783 2129 888 2192 illem
905 2129 1064 2218 obnoxio
1083 2127 1145 2209 (ite
1161 2127 1192 2194 N
1211 2147 1251 2193 ex
1274 2134 1458 2194 correctore

231 2233 376 2299 eiusdem
399 2254 514 2300 manus
538 2241 570 2298 et
584 2235 624 2313 R)
648 2236 917 2300 ualidissimum
933 2240 1086 2318 sucereel,
1111 2237 1261 2300 raliomm
1285 2243 1314 2300 et
1334 2238 1460 2301 eocielo-

230 2349 298 2406 lem.
349 2339 557 2406 verisimilius
585 2348 662 2426 puto
691 2360 732 2406 ea
764 2361 803 2407 ex
835 2343 894 2406 illi
926 2341 1086 2408 obnoxio
1116 2343 1355 2406 ualidissimo
1387 2349 1460 2407 orte

230 2467 305 2514 esse
333 2467 429 2530 quem
457 2446 542 2531 quod
571 2447 702 2533 Lipsius
730 2447 831 2512 voluit
859 2447 1134 2534 praepositionem
1162 2469 1201 2512 cu
1224 2455 1300 2512 ente
1324 2449 1457 2513 omunia

226 2555 402 2622 excidisse.

339 2875 449 2961 epist.
475 2896 561 2942 mor.
581 2877 611 2939 Il
629 2881 656 2960 l,
674 2880 729 2942 ll:
753 2877 828 2962 quid
843 2879 946 2960 socies
970 2879 1065 2941 lucri?
1093 2885 1228 2961 tempus:
1251 2878 1346 2942 mulla
1368 2879 1461 2942 inler-

338 2985 455 3048 ueeieel
479 2985 587 3066 ‹ploos
610 2985 741 3048 meeum
763 2984 973 3066 perieulum
995 2991 1033 3048 ul
1055 3004 1173 3067 prope
1195 2983 1380 3048 admotum
1406 2990 1461 3048 oui

338 3090 483 3154 monetat
504 3098 557 3154 cul
580 3091 699 3154 deeieul
721 3098 774 3154 uul
795 3092 830 3154 in
851 3091 984 3154 alienum
1000 3097 1091 3173 copul
1109 3097 1255 3154 lrarueul.
1288 3091 1461 3154 incendium

338 3197 380 3260 cd
395 3199 507 3279 sepum
525 3199 637 3279 poluit,
665 3198 813 3280 precedam
841 3197 972 3261 molliter
999 3198 1092 3260 meino
1118 3197 1267 3280 deposuit,
1296 3197 1461 3280 edendo

336 3303 459 3384 plodiua
489 3303 527 3366 ab
559 3305 627 3386 ipso
664 3305 777 3366 ceroioe
807 3310 967 3366 reoocolue
999 3309 1056 3382 cel,
1094 3303 1205 3385 ulique
1236 3305 1374 3384 cmrufici
1404 3323 1461 3366 cuo

339 3417 492 3494 superstes·
507 3411 582 3492 soil.

229 3514 354 3581 scribo:
368 3519 499 3580 moinum
514 3517 568 3580 cel
575 3536 694 3599 prope
711 3515 896 3581 adrentum
909 3516 1040 3580 mulum
1053 3522 1108 3580 uel
1122 3533 1148 3578 e.
1159 3534 1188 3597 q.
1199 3535 1224 3580 s.
1252 3515 1300 3578 oel
1311 3513 1462 3579 voculem

232 3629 300 3686 lem
323 3641 423 3708 saepe
447 3628 579 3708 propter
602 3619 803 3688 notissimum
827 3619 907 3686 illud
922 3618 1147 3706 compendium
1160 3622 1286 3685 sulcum
1301 3617 1462 3706 particule

232 3738 268 3793 ut
290 3728 457 3796 confusam
481 3728 690 3794 habentium
713 3727 741 3792 T
770 3735 802 3792 et
830 3726 990 3794 editiones
1013 3725 1175 3812 quaedem
1197 3733 1355 3812 vetustae,
1378 3730 1462 3812 pes

232 3837 345 3917 edere
370 3834 457 3918 quod
480 3835 514 3899 in
531 3833 606 3900 Mw
629 3833 705 3900 aliis
727 3841 803 3919 posi
826 3840 967 3900 cicinum
992 3831 1132 3918 additur,
1156 3853 1228 3900 cum
1251 3852 1356 3916 neque
1378 3832 1412 3898 iu
1435 3833 1462 3898 P

233 3963 338 4028 neque
358 3943 390 4008 in
409 3942 481 4028 p²⁰)
497 3942 634 4026 legetur,
658 3941 860 4007 librariorum
879 3940 1137 4008 additamentum
1160 3960 1234 4007 esse
1256 3940 1289 4006 in
1312 3947 1463 4026 promptu

232 4057 293 4115 ese
339 4051 453 4116 reulum
477 4068 563 4132 vero,
586 4068 652 4133 qua
675 4067 755 4114 voce
779 4048 877 4113 etiem
901 4067 1000 4134 supra
1021 4046 1055 4135 (ξ
1073 4049 1125 4128 10)
1151 4047 1277 4113 Seneca
1300 4067 1379 4114 usus
1403 4053 1463 4132 est,

327 4261 361 4328 ¹⁸)
386 4279 561 4331 nequequam
586 4261 767 4316 necessarium
791 4264 833 4316 esi
856 4261 908 4316 hoc
930 4261 1043 4316 verbum
1062 4277 1126 4316 cum
1144 4261 1254 4316 (luicio
1276 4260 1307 4314 in
1324 4269 1464 4330 pouemr

233 4369 261 4404 m

264 4355 361 4510 Utar3)
380 4441 553 4512 Madvigium
572 4441 776 4510 Gertziumque,
795 4439 862 4508 quin
879 4439 995 4496 meliora
1012 4457 1068 4496 non
1086 4441 1248 4510 suppelunt,
1266 4442 1375 4494 secutus
1392 4455 1462 4492 sum.

234 4531 264 4586 in
283 4531 340 4585 NR
357 4534 412 4586 est:
435 4527 533 4600 quiricii
550 4533 615 4586 lese
633 4533 755 4586 σοιὀπτία.

327 4617 363 4686 ¹⁰)
380 4637 407 4674 v.
426 4619 503 4674 Aem.
523 4617 670 4674 Chatelain
689 4618 719 4672 iu
739 4619 827 4673 llam
844 4621 877 4672 ds
893 4621 997 4687 philol,
1015 4635 1093 4673 neue.
1112 4619 1164 4672 se'r.
1183 4616 1261 4672 Paris
1284 4617 1349 4671 1877
1369 4615 1463 4672 lorml

234 4728 260 4779 p.
281 4710 341 4766 117.
