3546 5236
370 627 472 691 quare
504 609 582 674 vitio
614 609 662 675 ita
694 609 887 676 medendum
919 619 997 697 puto
1031 619 1066 676 ut
1098 613 1158 696 qui
1191 616 1364 689 (ooo)
1395 615 1472 678 olio
1503 615 1599 694 mopis

371 714 538 782 scribatur.
573 737 637 782 acra
659 723 767 782 autem
782 716 975 803 particulam
998 717 1096 783 etiam
1116 717 1192 782 aliis
1211 717 1301 800 loeis,
1326 719 1442 800 quibus
1457 719 1598 784 rationes

370 823 667 909 palaeographicae
690 843 754 889 non
778 822 1028 911 adstipulantur,
1053 824 1207 891 omissam
1232 845 1305 890 esse
1322 827 1394 910 ipsa
1408 825 1596 911 haecpara-
1718 917 1719 922 ἵ

370 929 514 1015 grapbus
538 929 731 996 documento
755 936 819 997 eet:
848 935 939 997 etiam
960 934 1074 1016 ioiqrris
1089 937 1253 1010 <aoa>
1277 933 1417 1015 acerbas,
1449 931 1533 998 adde
1557 931 1598 996 de

370 1037 474 1103 benef.
497 1038 513 1101 I
537 1041 565 1122 7,
593 1043 619 1122 l,
651 1038 706 1104 ubi
732 1060 795 1104 aaa
823 1046 900 1104 ante
922 1046 1102 1124 recepturas
1125 1039 1158 1104 in
1181 1039 1211 1105 N
1235 1041 1387 1105 omissum
1410 1039 1598 1105 Vincentius

369 1144 614 1212 Bellovacensis
642 1164 728 1230 spec.
756 1144 831 1210 bist
853 1145 902 1210 IX
929 1148 989 1212 106
1023 1143 1123 1212 babet
1155 1153 1187 1211 et
1220 1146 1280 1212 VII
1310 1149 1360 1229 29,
1393 1151 1419 1230 1,
1451 1147 1506 1211 ubi
1536 1168 1598 1210 non

370 1259 446 1316 ante
469 1252 542 1316 berre
566 1250 686 1317 dudum
709 1251 872 1318 adiectum
892 1260 950 1318 est.
969 1291 1013 1298 —
1032 1251 1118 1317 idem
1141 1253 1253 1318 vitium
1278 1253 1324 1318 de
1349 1252 1600 1336 clem.116,3

370 1357 606 1424 emendandum
628 1359 765 1426 videtur.
811 1381 886 1425 nam
909 1380 980 1425 eum
1004 1360 1037 1424 in
1060 1359 1089 1425 N
1112 1358 1195 1426 haec
1217 1360 1379 1442 legantur:

476 1485 631 1549 tribunum
654 1488 918 1570 centurionemque
940 1487 981 1550 do
1003 1506 1141 1549 saeuum:
1169 1487 1339 1549 desertores
1356 1488 1463 1567 socia,
1492 1486 1600 1569 quidm

478 1599 595 1656 tomen
617 1595 839 1676 ignoscitur,

369 1715 443 1799 quis
467 1737 608 1800 unquam
631 1717 758 1783 audivit
780 1717 821 1784 iis
845 1716 1010 1801 militibus,
1040 1715 1093 1800 qui
1118 1719 1158 1783 ob
1183 1718 1403 1782 centurionum
1427 1717 1598 1784 saevitiam

371 1822 466 1906 signa
499 1823 729 1910 deseruissent
761 1824 939 1909 praecipue
970 1823 1004 1889 in
1037 1824 1231 1890 exercitibus
1269 1823 1436 1908 Romanis,
1474 1824 1598 1907 ignosci

370 1929 499 1995 solitum
514 1933 610 1998 esse?
647 1931 743 1996 immo
757 1938 853 1997 notus
873 1938 925 1996 est
947 1929 1141 2015 disciplinae
1163 1950 1272 1996 eorum
1291 1930 1441 1996 militaris
1460 1932 1598 1995 maxime

369 2038 402 2102 in
426 2036 610 2105 desertores
633 2038 730 2122 rigor.
767 2045 802 2103 nt
824 2057 922 2102 unum
946 2038 1128 2123 exemplum
1143 2037 1285 2120 afferam,
1307 2036 1451 2103 Velleius
1465 2037 1496 2102 Il
1511 2040 1596 2122 sse

370 2144 410 2210 de
442 2145 583 2210 Antonio
616 2144 711 2210 dixit:
749 2147 917 2229 imperatur
948 2148 1000 2228 qai
1030 2148 1064 2209 irs
1095 2146 1265 2209 desertores
1299 2147 1417 2209 saeuire
1444 2146 1596 2222 debuerat,

367 2254 506 2317 desertor
528 2255 680 2317 eucratas
702 2255 752 2316 ari
771 2256 879 2335 socrus
909 2259 962 2316 est.
1014 2250 1124 2335 itaque
1156 2250 1216 2316 hoo
1249 2269 1377 2334 quoque
1403 2250 1476 2316 loeo
1503 2272 1596 2316 vocu-

368 2360 434 2423 lam
464 2380 527 2424 uoe
555 2365 630 2443 post
658 2367 758 2424 tomen
785 2357 976 2423 addiderim.
1022 2358 1246 2442 Wesenbergii
1276 2379 1351 2422 vero
1380 2359 1596 2424 coniecturam

368 2469 540 2548 moecatur
573 2464 687 2530 eodem
718 2463 779 2530 boc
812 2464 883 2531 loco
916 2486 937 2529 a
965 2463 1095 2530 Gertzio
1129 2473 1292 2550 receptam
1323 2485 1597 2550 supervacaneam

369 2570 461 2637 duco.
506 2591 611 2654 neque
635 2572 720 2636 enim
744 2571 835 2655 leges
859 2572 1089 2655 grammaticas
1110 2573 1340 2638 Ciceronianae
1357 2572 1483 2637 Seneca
1508 2592 1595 2638 secu-

370 2690 422 2745 tus
446 2687 505 2744 est.
551 2687 679 2765 tempus
703 2687 810 2744 autem
835 2698 992 2764 praesens
1016 2679 1058 2745 de
1081 2677 1249 2763 industria,
1273 2681 1305 2742 ni
1331 2677 1434 2762 fallor,
1457 2680 1596 2764 positum

368 2786 452 2852 banc
475 2785 539 2850 vim
562 2785 684 2854 babere
706 2785 835 2851 videtur
857 2792 893 2850 ut
914 2789 1082 2869 peccatur
1109 2785 1194 2851 idem
1225 2785 1292 2850 fere
1316 2785 1477 2868 significet
1500 2795 1595 2869 atque

366 2896 482 2976 ipoosci
508 2895 593 2958 solet.
640 2914 669 2958 v.
693 2891 735 2958 de
758 2891 862 2958 benef.
886 2893 902 2955 Ι
925 2895 955 2976 2,
987 2896 1018 2958 1:
1052 2895 1161 2976 quibus
1187 2895 1215 2956 sr'
1241 2895 1414 2957 (terrereris
1440 2895 1593 2972 iudicium,

366 3001 510 3064 desiccat
532 2997 684 3085 (desiccat
708 2999 796 3066 solus
821 2999 1095 3084 Guelferbytanus
1119 3019 1205 3066 saec.
1221 2999 1293 3075 XV)
1318 3021 1383 3063 esse
1405 3001 1549 3082 berreficic
1565 3007 1594 3064 et

366 3105 407 3170 de
436 3105 526 3172 clem.
555 3105 570 3169 I
598 3113 632 3191 o',
663 3111 695 3172 1:
724 3111 853 3189 capitato
877 3142 1061 3154 -----
1071 3159 1082 3188 ,
1110 3115 1224 3190 praeto
1251 3109 1380 3171 solitudo
1408 3128 1445 3171 ce
1472 3109 1594 3171 castitas

360 3219 476 3298 sutura
497 3217 546 3295 sit,
571 3218 599 3279 si
620 3217 697 3279 cabil
718 3217 900 3299 relinquitur
924 3216 1125 3298 (relinquetur
1140 3213 1415 3296 Wesenbergius),
1438 3216 1500 3278 uisi
1517 3215 1595 3298 pared

369 3323 462 3385 iudea
483 3342 609 3386 seuerus
631 3323 800 3388 absolverit.

474 3446 520 3512 de
544 3446 649 3512 elem.
668 3446 701 3510 Π
721 3449 751 3525 2,
775 3451 806 3513 1:
832 3449 970 3511 tradetur
992 3449 1053 3511 istc
1075 3449 1172 3512 calori
1195 3449 1239 3510 tui
1260 3448 1460 3510 mrrasuetudo
1483 3448 1593 3530 differa-

473 3555 619 3638 deturque
645 3557 797 3638 paulatim
824 3575 884 3638 per
915 3543 1021 3618 omae
1049 3556 1201 3638 imperii
1232 3575 1342 3636 corpus
1370 3561 1398 3617 et
1426 3561 1532 3618 cuncto
1562 3555 1592 3615 iu

472 3662 703 3725 similitudieem
726 3669 810 3725 tuom
826 3662 1060 3744 sora-rabuntur.

366 3792 441 3870 post
464 3807 553 3852 ornae
576 3785 736 3851 invenitur
759 3786 792 3850 in
815 3785 845 3852 N
867 3789 948 3850 imae
971 3785 1004 3851 in
1027 3785 1056 3850 R
1077 3789 1167 3864 ieme,
1197 3784 1283 3867 quod
1311 3806 1351 3849 ex
1375 3783 1593 3869 dittographia

367 3900 472 3958 crtum
496 3912 569 3958 esse
592 3892 648 3958 vix
671 3891 826 3958 credibile
849 3891 985 3957 ridetur.
1021 3891 1055 3957 in
1077 3899 1217 3958 mentem
1240 3891 1315 3956 mihi
1334 3892 1422 3958 venit
1438 3893 1591 3957 Senecam

366 4020 423 4084 per
446 4021 549 4066 ornae
571 4003 726 4065 immane
751 4003 875 4085 imperii
902 4021 1014 4084 corpus
1043 3998 1224 4084 scripsisse,
1253 4005 1285 4064 et
1308 4005 1358 4064 est
1382 3999 1439 4063 illa
1461 4018 1532 4081 vox,
1559 4003 1591 4060 nt

366 4108 399 4172 in
422 4105 514 4173 libris
537 4106 675 4173 vetustis
699 4113 859 4191 exaratur,
884 4127 949 4171 una
971 4114 1095 4172 tantum
1120 4105 1229 4172 littera
1253 4106 1356 4170 minor
1374 4125 1470 4189 quam
1483 4109 1590 4170 imore.

366 4222 538 4298 praeterea
566 4214 704 4280 maxime
732 4213 852 4279 idonea
879 4213 931 4280 hic
959 4220 1010 4279 est
1037 4212 1272 4297 magnitudinis
1304 4212 1431 4296 imperii
1458 4208 1589 4277 Romani

366 4322 636 4387 commemoratio.

455 4447 500 4513 de
528 4449 632 4514 clem.
665 4447 696 4512 II
724 4451 754 4532 b,
782 4450 802 4513 2
832 4447 967 4531 Seneca,
990 4453 1162 4533 postquam
1187 4445 1331 4511 narravit
1354 4445 1437 4510 obici
1468 4443 1589 4520 Stoicis

366 4554 452 4638 quod
498 4561 657 4638 negarent
702 4554 882 4639 sapientem
929 4553 1084 4638 misereri,
1130 4560 1288 4637 negarent
1323 4552 1502 4635 ignoscere,
1546 4547 1588 4614 sic

365 4664 484 4747 pergit:
