3568 5238
801 445 843 506 49

716 533 922 541 *pu——

204 669 310 750 itaque
334 669 366 732 in
389 669 535 733 omnibus
566 669 596 732 S.
621 668 653 732 C.
678 669 791 749 quibus

205 771 343 853 aliquem
377 772 499 853 legibus
537 771 614 835 solvi
647 770 792 853 placebat

205 875 284 939 adini
308 877 375 938 eret
397 875 542 950 solitum,
576 877 612 936 ut
637 871 675 936 de
698 890 735 936 ea
757 891 791 936 re

204 978 244 1040 ad
266 977 416 1059 populum
444 975 590 1040 ferretur:
619 976 682 1040 sed
705 993 792 1059 pau-

204 1080 314 1144 latim
337 1079 428 1143 ferri
453 1083 535 1143 eret
557 1079 791 1143 desitum...

289 1271 360 1331 Asc.
384 1288 412 1350 p.
435 1269 485 1342 51,
511 1268 646 1341 10-52,
671 1267 704 1327 1:
1002 1267 1058 1331 Dio
1081 1267 1154 1330 ibid.
1176 1268 1203 1328 3.
1219 1270 1255 1328 4:

288 1385 791 1469 IndigneeemCOrneliru·
921 1383 1094 1469 θορύβου
1141 1406 1183 1447 σε
1229 1377 1288 1446 ἐπ’
1324 1375 1425 1469 αὐτῷ

203 1489 398 1570 gentionem
446 1490 623 1553 tulerant
665 1491 791 1570 poten·
836 1487 984 1553 πολλοὶ·
1007 1484 1241 1569 συμβάντος,
1270 1482 1426 1568 καὶγὰρ

203 1591 346 1655 tissimi
385 1592 525 1674 quique
561 1611 602 1654 err
636 1594 791 1666 senatu,
836 1582 1112 1670 ἀντέπρασσον
1139 1593 1208 1652 τῶν
1242 1610 1278 1650 τε
1301 1578 1426 1651 ἄλλων

203 1713 335 1774 querum
351 1694 452 1776 gratia
467 1713 656 1777 magnopere
671 1695 792 1759 minue-
834 1697 909 1758 νοῦν
924 1690 963 1756 ἐκ
978 1697 1044 1776 τῆς
1059 1687 1269 1777 γερουσίας
1292 1688 1423 1769 συχνοὶ

203 1799 310 1870 butun
333 1797 439 1878 itaque
456 1797 490 1860 P.
508 1796 657 1860 Servilius
674 1795 790 1861 Globu·
835 1794 899 1859 καὶ
914 1792 931 1860 ὁ
944 1792 1090 1873 Πίσων,
1117 1790 1182 1870 τοὶς
1201 1817 1239 1856 τε
1258 1789 1426 1876 ῥάβδους

205 1899 254 1962 lus
272 1899 418 1963 tribunus
434 1901 535 1981 plebis
550 1900 696 1962 inventus
714 1903 790 1975 erat,
835 1890 948 1962 αι’·νσῐ·
995 1893 1012 1962 ὁ
1055 1889 1171 1978 ὄχλος
1210 1893 1425 1976 συνέτριψε

204 2002 256 2081 qui
288 2000 320 2065 C.
350 2001 492 2066 Cornelio
522 2001 696 2066 obsisteret¹
746 2000 790 2074 Is,
833 2000 886 2066 καί
926 1993 1020 2066 αὑτὸν
1057 1997 1316 2065 διασπάσασθαι
1350 1993 1425 2059 ἐνσε-

203 2104 256 2168 ubi
279 2103 357 2185 legis
382 2104 531 2168 ferundae
562 2104 627 2167 dies
651 2104 736 2167 venit
758 2107 790 2169 et
831 2101 986 2190 per'prnev.
1022 2095 1114 2168 ἱόιὺν
1140 2089 1200 2166 οὖν
1220 2092 1284 2185 τὴν
1305 2092 1425 2184 ὁρμὴν

202 2225 312 2288 praeeo
346 2208 516 2271 subiciente
556 2207 658 2270 seriba
696 2207 790 2271 verbe
833 2202 961 2273 αὐτῶν
1003 2202 1020 2269 ὁ
1065 2201 1286 2290 Κορνήλιος
1337 2197 1424 2264 τότε

200 2308 277 2390 legis
312 2310 443 2373 renitere
471 2310 583 2390 populu
612 2311 722 2392 eoepit,
757 2315 789 2374 et
831 2313 918 2392 μέν,
934 2309 1014 2393 πρὶν
1029 2303 1237 2394 ἐπιψηφίσαι
1253 2328 1294 2378 τι,
1310 2304 1423 2389 drup-

201 2412 335 2475 seribsm
366 2412 505 2475 subicere
540 2415 573 2475 et
603 2430 788 2494 praeconem
833 2417 898 2500 ᾓκε
944 2411 1007 2478 σὸν
1050 2409 1260 2494 σύλλογον,
1317 2400 1423 2469 ὕστε-

200 2514 401 2596 pronuntisre
417 2533 529 2596 pessus
545 2533 606 2578 non
623 2520 679 2580 est.
707 2517 787 2579 Tum
833 2541 898 2600 ρον
919 2515 959 2580 δὲ
982 2511 1239 2600 νσρσςὲγραψε
1253 2511 1305 2594 τῷ
1323 2505 1423 2592 νόμον

200 2615 362 2680 Cornelius
385 2617 451 2698 ipse
474 2615 613 2682 endieem
637 2619 788 2682 recitavit.
832 2618 899 2704 τήν
921 2641 960 2683 σε
981 2612 1121 2701 portin
1145 2612 1302 2688 πάντας
1331 2611 1421 2693 περὶ

200 2716 288 2795 Quod
312 2738 384 2782 eum
406 2719 545 2800 improbe
568 2719 789 2786 fieriC.Pis0
834 2715 958 2787 αι’·σῶν
1012 2711 1294 2803 προβουλεύειν
1357 2713 1420 2777 καὶ

200 2821 332 2883 consul
366 2821 568 2885 vehementer
606 2827 790 2903 quereretur
833 2818 899 2889 τὸν
926 2825 1051 2909 δῆμον
1084 2817 1298 2904 ἕνσάναγκες
1335 2813 1423 2880 ἕσι-

202 2921 363 3002 (εοὶἱίραο)
406 2923 604 2988 tribunieium
643 2927 791 2989 interees·
835 2931 978 3013 κυροῦν
1003 2919 1041 2990 τὸ
1066 2919 1351 3010 προβούλευμα.

200 3023 318 3086 sionem
335 3023 465 3100 diceret,
490 3027 594 3106 gravi
612 3028 790 3091 convicio

200 3126 377 3207 spopulo
416 3130 609 3210 exceptus
642 3133 716 3202 est3
755 3133 792 3193 et

200 3247 284 3291 eum
332 3229 402 3292 iiie
436 3249 498 3293 ens
538 3231 599 3312 qui
634 3231 706 3294 sibi
740 3233 788 3296 in·

200 3330 412 3394 tentabant
442 3351 574 3396 manus
606 3334 739 3416 prendi
774 3354 791 3398 a

201 3434 344 3498 lieture
407 3436 607 3510 iussisset,
673 3437 790 3501 trunti

201 3538 282 3600 eins
308 3536 433 3601 fasces
457 3542 546 3600 sunt
570 3539 791 3622 lapidesque

201 3641 317 3703 etiam
336 3660 379 3703 en
395 3642 533 3705 ultima
556 3643 731 3707 contione
754 3645 790 3706 in

199 3744 398 3807 consulem
413 3745 520 3808 iacti:
538 3765 609 3827 quo
624 3747 792 3810 tumultu

199 3843 410 3910 Cornelius
433 3849 687 3930 perturbatus
710 3869 792 3913 enn-

198 3946 331 4011 eilium
363 3949 510 4012 dimisit
539 3999 790 4016 .........

198 4053 313 4114 Actum
343 4051 453 4116 deinde
487 4053 596 4117 eadem
630 4054 667 4117 de
699 4072 731 4117 re
759 4055 790 4117 in

199 4154 310 4216 senatu
332 4161 377 4216 est
391 4157 515 4236 ννσραῑο
530 4156 790 4220 contentionibus.

199 4255 292 4319 Tum
334 4257 539 4322 Cornelius
581 4258 640 4321 ita
689 4258 789 4323 ferre

199 4378 343 4421 rursus
380 4361 524 4442 eoepit,
559 4379 603 4423 ne
632 4361 718 4441 quis
750 4363 788 4425 in

200 4464 339 4524 senatu
375 4463 532 4544 legibus
570 4464 790 4527 solveretur

200 4563 281 4627 nisi
313 4567 366 4625 CC
392 4586 463 4627 nen
492 4569 615 4626 minus
649 4565 790 4630 adfuis-

200 4675 304 4743 sent,
338 4686 432 4731 neve
461 4669 559 4749 quis
598 4688 679 4732 eum
708 4674 813 4750 quisi
