3616 5228
945 423 963 484 6

850 506 1059 516 ——--..-.

438 647 576 732 Scripsit
603 647 703 732 igitur
730 647 816 714 Zeno
844 645 875 711 in
910 645 967 712 illo
999 646 1084 713 libro
1112 645 1188 735 περί
1211 645 1326 732 λέξειαν
1359 647 1399 714 de
1428 649 1565 733 singulis

344 752 526 834 vocabulis,
552 751 591 818 de
615 752 783 818 vorborum
809 751 953 834 delectu,
976 752 1046 836 ipse
1069 753 1202 837 quidem
1227 777 1290 820 non
1313 754 1409 820 nimis
1432 775 1563 822 severus

343 857 374 921 in
403 881 464 923 usu
493 858 735 938 vocabulorum,
769 857 892 943 quippe
916 858 971 942 qui
997 896 1028 906 -
1057 857 1197 926 fortasse
1226 860 1259 924 in
1287 860 1373 925 libro
1401 859 1458 925 illo
1485 857 1564 947 περὶ

344 961 460 1046 λέξεων
486 1001 520 1011 -
546 963 610 1029 hoc
643 962 687 1028 sit
714 963 899 1047 professus:
934 958 1084 1052 [ἐίγασκε]
1115 956 1190 1044 τοῖς
1215 962 1276 1050 μέν
1302 967 1365 1030 τῶν
1390 956 1564 1031 ἀσολοίκων

342 1065 453 1154 λόγους
475 1064 529 1132 καλ
551 1060 811 1154 ἀπηρτισμένους
833 1059 962 1150 ὁμοίους
984 1059 1063 1135 είναι
1079 1071 1125 1156 τῷ
1141 1059 1282 1155 ἀργυρίῳ
1303 1060 1564 1157 Ἀλεξανδρηνῷ·

342 1163 567 1255 εὖοιγθάλμοις
588 1163 647 1257 γὰρ
669 1169 724 1236 καὶ
748 1169 1062 1258 περιγεγραμμένους
1083 1164 1175 1239 xant
1196 1170 1249 1236 καί
1272 1163 1310 1237 τὸ
1332 1168 1485 1255 νόμισμα,
1511 1163 1564 1237 οδ-

344 1274 398 1340 δέν
422 1274 458 1341 δέ
482 1269 536 1341 διά
559 1278 661 1340 ταῦτα
675 1269 841 1358 βελτίους·
858 1267 932 1354 τοὺς
955 1275 992 1341 δὲ
1013 1270 1198 1342 τοάναντίον
1220 1267 1387 1360 ἀφωμοίου
1409 1279 1475 1354 τοῖς
1489 1267 1564 1340 Ἀτ-

343 1383 444 1458 τικοῖς
460 1374 715 1463 τετραδράχμοις,
738 1373 807 1464 εἰκῆ
828 1375 890 1461 μέν
911 1377 1118 1464 κεκομμένοις
1134 1377 1187 1445 καί
1207 1379 1371 1459 σολοίκιος,
1394 1377 1565 1444 καθέλκειν

342 1480 452 1564 μέντοι
481 1478 637 1560 πολλάκις
660 1477 719 1560 τὰς
749 1481 1089 1570 κεκαλλιγραφημένας
1110 1479 1222 1564 λέξεις.
1234 1482 1258 1568 ¹)
1295 1481 1457 1546 Videntur
1480 1480 1563 1547 adeo

343 1583 444 1649 fuisse
467 1583 524 1667 qui
551 1606 622 1648 curn
651 1584 882 1666 vituperarent,
906 1582 992 1667 quod
1020 1605 1082 1648 non
1109 1585 1242 1669 proprio
1273 1583 1443 1650 verborum
1467 1605 1563 1650 sensu

343 1695 501 1766 uteretur,
525 1687 684 1771 siquidem
709 1687 907 1770 Chrysippus
928 1687 1048 1752 librum
1064 1688 1246 1772 composuit
1269 1687 1346 1775 περὶ
1369 1691 1424 1754 roi·
1446 1683 1564 1775 κυρίως

343 1795 521 1878 κεχρῆσθαι
543 1789 677 1877 Ζήνωνα
708 1795 777 1869 τοῖς
800 1781 964 1874 ὀνόμασιν.
975 1793 1000 1871 2)
1044 1791 1156 1874 Neque
1180 1791 1286 1855 minus
1316 1812 1387 1856 eum
1411 1790 1564 1874 obiurga-

343 1895 432 1970 hant,
455 1893 543 1979 quod
560 1892 700 1958 docebat
721 1915 781 1958 suo
798 1913 960 1977 quamque
984 1914 1052 1958 rem
1078 1893 1206 1959 nomine
1231 1915 1302 1959 esse
1318 1892 1564 1978 appellandam3

343 1997 424 2062 nihil
447 2018 516 2062 esse
540 1996 726 2076 obscenum,
749 1996 829 2060 nihil
853 2001 949 2080 turpe
973 1996 1071 2063 dictu.
1082 1999 1107 2080 ³)

430 2100 605 2166 Praeterea
627 2099 732 2163 tradit
749 2098 909 2182 Diogenes
926 2098 999 2182 (VII
1016 2103 1047 2182 4)
1064 2099 1227 2165 Zenonem
1252 2097 1361 2187 τέχνην
1381 2100 1563 2184 scripsisse3

345 2225 442 2288 quam
467 2223 531 2268 non
555 2201 751 2267 rhetoricam
774 2202 833 2268 sed
854 2200 1058 2266 dialecticam
1081 2202 1180 2270 fuisse
1202 2202 1377 2270 verisimile
1398 2208 1462 2286 est3
1485 2202 1564 2266 alibi

347 2308 434 2372 enim
457 2327 510 2370 ars
534 2304 709 2371 dialectica
731 2306 1050 2390 commemoratur.⁴)
1073 2305 1255 2371 Notissima
1279 2313 1327 2371 est
1350 2306 1420 2371 eius
1444 2304 1564 2370 dialec-

344 2409 430 2475 ticae
447 2430 519 2473 curn
536 2408 700 2473 rhetorica
717 2409 897 2490 contentl03
922 2429 1061 2491 querum
1086 2408 1304 2475 differentiam
1328 2411 1375 2474 sic
1395 2409 1564 2492 expressit,

345 2519 382 2578 ut
403 2512 600 2578 rhetoricam
626 2512 763 2596 palmae,
787 2512 992 2579 dialecticam
1014 2513 1115 2596 pugni
1138 2515 1277 2578 similem
1302 2533 1373 2578 esse
1395 2513 1563 2594 diceret.⁵)

345 2615 467 2682 Zenoni
498 2615 532 2679 in
567 2615 692 2682 deliciis
726 2615 825 2681 fnisse
861 2614 1020 2682 eiusmodi
1052 2616 1313 2701 comparationes
1345 2622 1379 2683 et
1410 2615 1564 2700 exemplis

344 2741 445 2804 supra
478 2718 588 2784 allatis
626 2724 660 2785 et
692 2742 732 2785 ex
766 2719 931 2785 Ciceronis
965 2719 1072 2784 verbis
1106 2722 1325 2802 cognoscitur,
1365 2741 1448 2803 quae
1490 2723 1566 2783 sunt

344 2823 378 2887 in
400 2821 501 2888 head.
524 2845 572 2906 pr.
595 2823 626 2886 Il
652 2831 722 2890 145.
763 2825 869 2906 Atque
894 2823 1030 2889 eundem
1055 2827 1231 2907 praecepta
1246 2821 1406 2906 quaedam
1424 2822 1563 2902 dedisse,

346 2925 507 3010 quomodo
531 2925 564 2988 in
587 2925 708 2990 iudicio
724 2926 849 2991 versari
866 2932 899 2991 et
915 2925 1014 2992 verba
1031 2925 1137 2992 lacere
1153 2931 1329 3011 oporteret,
1353 2947 1373 2991 a
1391 2925 1565 2990 Plutarcho

345 3029 545 3112 doeemur.⁶)

433 3132 609 3196 Praeterea
633 3132 717 3198 duae
741 3132 958 3212 definitiones,
982 3132 1088 3198 altera
1111 3130 1298 3223 διηγήσεως,
1327 3133 1433 3197 altera
1455 3158 1566 3220 παρα-

346 3233 524 3322 δείγματος,
550 3235 670 3302 Ζεαοαί
693 3236 896 3302 tribuuntur:
920 3237 957 3304 cl.
983 3240 1084 3306 huon.
1106 3237 1323 3320 Seguerianus
1346 3237 1361 3301 l
1384 3260 1414 3320 p.
1430 3243 1492 3303 434
1516 3233 1564 3299 ed.

345 3337 499 3421 Spengel:
522 3335 632 3424 Ζήνων
655 3337 691 3404 δὲ
713 3334 811 3418 σίτως
832 3336 914 3428 φησί
926 3361 933 3375 ·
946 3335 1092 3427 διήγιμίς
1114 3338 1184 3407 ἐστι
1206 3347 1268 3406 τῶν
1290 3337 1323 3404 ἐν
1344 3344 1384 3428 τῇ
1405 3334 1564 3404 ἀποθέσει

347 3438 547 3529 πραγμάτων
575 3436 719 3521 έκθεσις,
752 3439 798 3522 εἷς
820 3439 858 3509 τδ
881 3436 964 3530 δπέρ
987 3445 1042 3508 τοί)ι
1064 3440 1210 3528 λέγοντος
1236 3441 1415 3530 πρόσωπον
1438 3439 1565 3528 ῥέουσα.

346 3542 468 3608 Eadem
489 3543 634 3610 definitio
659 3545 789 3628 saepius
812 3545 943 3630 legitur,
966 3545 1028 3610 nisi
1052 3546 1140 3628 quod
1164 3568 1223 3630 pro
1248 3542 1427 3633 πρόσωπον
1450 3541 1566 3630 ῥέουσα

348 3721 555 3730 ——n-—.—

417 3819 440 3880 ¹)
460 3817 536 3884 Diog.
556 3819 587 3874 h.
607 3819 657 3873 Vll
678 3822 717 3875 18.

415 3905 438 3968 ⁸)
457 3903 487 3956 Ε.
507 3904 604 3970 Zellcr,
622 3905 665 3960 dle
684 3905 857 3976 Philosophie
875 3905 923 3961 der
941 3907 1074 3962 Griechen
1093 3907 1130 3961 lll
1151 3909 1164 3961 1
1183 3907 1224 3962 od.
1244 3909 1268 3961 3.
1288 3923 1314 3975 p.
1332 3909 1364 3960 31
1386 3925 1412 3962 n.
1431 3907 1455 3960 1.

415 3992 439 4050 a)
458 3989 510 4044 Cic.
529 3991 608 4058 epist.
627 3991 665 4044 IX
683 3993 725 4059 22,
746 3994 767 4046 l.

414 4078 438 4140 ι)
458 4076 530 4130 Stob.
559 4075 615 4131 flor.
646 4079 695 4142 82,
718 4079 746 4130 5:
786 4078 885 4145 Ζήνων
907 4079 956 4134 ads
983 4081 1041 4131 τῶν
1064 4077 1245 4132 διαλεκτικῶν
1269 4084 1367 4147 τέχναις
1397 4079 1486 4142 εἴκαζε
1510 4083 1567 4133 τοῖς

347 4160 459 4215 sinales
475 4165 583 4230 μέτροις
601 4161 671 4230 κτλ.;
694 4162 746 4217 Cle.
767 4163 799 4218 de
819 4164 862 4218 fill.
883 4165 919 4218 IV
937 4167 965 4217 9:
989 4165 1089 4233 ,‚qul[l'?
1114 4181 1155 4233 ea,
1175 4181 1244 4233 quati
1262 4163 1397 4219 dialectici
1419 4181 1489 4219 nunc
1511 4171 1566 4218 lra-

346 4247 414 4300 dunt
437 4253 465 4301 et
488 4247 594 4314 docent,
616 4265 704 4303 nonne
727 4247 763 4302 ah
789 4249 841 4303 illis
864 4249 991 4303 instituta
1012 4251 1093 4304 sunt?
1120 4250 1154 4304 de
1177 4251 1275 4319 qulbus
1301 4251 1353 4305 etsi
1373 4267 1391 4304 a
1415 4249 1565 4318 Chrysippo

346 4331 463 4386 maxime
482 4337 524 4386 est
541 4333 720 4400 elaboratum,
742 4341 834 4388 tamen
853 4351 870 4388 a
888 4336 997 4389 Zenone
1017 4337 1103 4390 minus
1123 4337 1206 4390 multo
1224 4353 1302 4402 quem
1322 4337 1357 4388 ab
1378 4335 1521 4402 antiquis.“

414 4419 437 4486 ⁵)
457 4417 510 4472 Cio.
529 4418 561 4474 de
580 4419 623 4474 fin.
643 4421 668 4474 ll
689 4423 733 4486 17;
754 4421 843 4487 Quint.
862 4420 991 4490 1120,7;
1010 4421 1083 4476 Sext.
1105 4423 1204 4489 Emplr.
1219 4421 1278 4474 arlv.
1293 4421 1362 4475 rhet.
1376 4425 1391 4474 7
1405 4425 1440 4488 (p.
1453 4423 1504 4474 nlo
1520 4422 1564 4486 ln).

415 4503 438 4560 ‘l
458 4502 490 4556 de
510 4505 591 4558 Stolo.
612 4521 669 4571 rep.
683 4521 705 4557 c.
720 4508 748 4557 2:
768 4509 827 4556 ἐπεὶ
845 4512 940 4558 τοίνυν
958 4504 1045 4558 πολλὰ
1066 4505 1142 4574 αίτῷ
1155 4506 1284 4572 Ζήνωνι·
1295 4535 1306 4544 -
1316 4509 1486 4577 γεγραμμένα
1506 4525 1566 4576 τιγ-

347 4587 428 4654 χιίνει
447 4593 509 4662 περὶ
532 4587 671 4644 πολιτείας
685 4593 730 4642 καὶ
748 4593 797 4642 τοῦ
815 4591 959 4666 ἄρχεσθαι
977 4596 1023 4644 καὶ
1041 4591 1139 4666 ἄρχειν
1156 4597 1201 4645 καὶ
1220 4589 1377 4659 δικάζειν
1401 4595 1446 4643 καὶ
1469 4593 1566 4664 ῥητο-

347 4693 467 4748 ρέλῊν.
