3546 5236
919 492 925 502 -
950 449 1015 514 150

363 653 496 731 propter
522 647 676 710 admotum
705 643 802 710 facile
835 644 982 710 omittere
1013 651 1143 729 poterat
1173 643 1316 710 oscitans
1346 644 1462 709 scriba.
1518 651 1592 728 post

365 751 555 816 vocabulum
571 753 743 816 incendium
757 759 836 835 erat,
860 771 931 817 cum
945 755 1007 816 ianr
1020 749 1227 816 inserendum
1249 757 1406 836 putarem,
1431 749 1489 816 sed
1509 769 1596 816 nunc
1718 799 1719 820 .

365 858 493 924 collatis
524 857 576 923 his
608 858 703 924 locis:
746 857 787 923 de
823 858 873 922 ira
905 858 920 921 l
947 859 995 942 13,
1024 859 1043 923 3
1077 859 1164 922 multi
1188 895 1202 904 -
1227 859 1369 923 meliores
1399 861 1441 922 od
1466 863 1592 941 serrum

357 971 451 1049 fuere
484 968 562 1030 route
594 967 690 1030 sobrii
721 971 754 1030 et
786 973 851 1030 nat.
881 973 1005 1052 quaest.
1029 963 1077 1028 Ill
1104 967 1196 1049 16,3
1228 967 1323 1029 hierna
1349 985 1516 1048 numquam
1542 965 1593 1029 ad

364 1076 492 1137 errarit:
528 1081 629 1144 aestas
661 1093 716 1137 suo
745 1081 878 1156 {empore
905 1074 1045 1137 incaluit:
1078 1075 1219 1138 autumni
1245 1075 1383 1156 nmisque
1409 1080 1443 1135 ut
1469 1070 1592 1149 eolet²¹)

357 1185 447 1263 sucta
468 1181 595 1244 oratatio
619 1187 677 1244 cat:
701 1188 764 1244 tam
787 1183 1010 1263 aequinoctium
1030 1200 1121 1263 qaam
1135 1181 1297 1244 solstitium
1311 1201 1387 1243 ericus
1400 1181 1466 1243 dics
1479 1180 1596 1243 rettulit

364 1285 582 1351 necessarium
607 1305 681 1351 esse
705 1305 798 1369 nego.
846 1286 978 1371 saepius
1002 1287 1087 1352 enim
1110 1305 1171 1351 usu
1194 1285 1324 1352 venisse
1353 1293 1387 1350 ut
1409 1283 1595 1350 incendium

363 1391 407 1457 ad
431 1392 542 1475 sugam
564 1400 693 1478 pateret
722 1401 866 1477 tempore
893 1393 1047 1478 perlecta,
1076 1392 1163 1476 quod
1191 1393 1243 1458 hic
1271 1393 1411 1476 aliisque
1435 1392 1598 1458 similibus-

364 1499 444 1566 locis
468 1498 534 1564 fere
558 1498 621 1562 vim
646 1499 760 1565 aoristi
784 1499 924 1582 gnomici
947 1500 1064 1566 Graeci
1087 1499 1187 1566 habet
1214 1503 1256 1582 (v.
1285 1499 1326 1564 cle
1354 1500 1403 1564 ira
1431 1498 1464 1562 II
1489 1501 1539 1582 17,
1566 1501 1594 1580 1,

365 1607 418 1673 ubi
441 1606 520 1672 nihil
544 1605 733 1672 mutandum
757 1614 821 1690 estq
850 1608 882 1671 ll
906 1611 958 1692 34,
981 1611 1018 1690 43
1049 1629 1098 1693 ep.
1123 1628 1199 1673 mor.
1223 1608 1271 1672 IX
1295 1611 1324 1691 3,
1352 1611 1406 1690 193
1431 1605 1471 1672 cf.
1495 1625 1594 1690 supra

365 1737 394 1799 p.
415 1717 453 1779 19
478 1722 510 1780 et
529 1735 559 1800 p.
575 1717 618 1780 99
642 1713 752 1782 adnot.
778 1713 973 1781 adversum
997 1717 1030 1796 9)
1056 1714 1265 1798 significatur.
1304 1724 1416 1780 contra
1439 1714 1480 1778 iis
1501 1711 1598 1796 locis,

364 1822 480 1904 quibus
499 1820 680 1905 particulae
700 1821 896 1905 temporales
916 1845 1016 1906 saepe,
1037 1824 1211 1907 aliquando,
1235 1843 1391 1907 numquam
1408 1819 1594 1902 similesque

364 1926 514 1993 adiectae
539 1935 621 2012 sunl,
650 1929 747 1993 etiam
777 1936 920 2014 tempore
948 1929 1113 2014 praesenti
1138 1929 1263 1996 Seneca
1286 1929 1393 2012 utitur,
1423 1936 1457 1993 ut
1481 1926 1522 1992 de
1546 1925 1594 1989 ira

365 2035 446 2118 118,
462 2039 496 2102 2:
520 2057 611 2120 caepe
634 2039 745 2119 infesta
770 2035 845 2116 (ira)
864 2045 998 2120 patrono
1022 2059 1110 2101 reum
1132 2039 1259 2103 damnat
1282 2043 1314 2101 et
1337 2036 1482 2117 ib.13‚3
1506 2054 1597 2116 caepe

365 2145 525 2208 calidiores
542 2148 641 2226 furor
663 2145 772 2224 reddit,
798 2143 851 2208 ubi
874 2143 1023 2209 Gertzius
1048 2143 1264 2210 coniecturam
1289 2162 1352 2207 non
1375 2141 1597 2207 necessariam

365 2251 497 2314 reddidit
520 2249 662 2335 protulit.

472 2377 525 2440 ep.
554 2376 639 2422 mor.
666 2355 751 2440 114,
778 2359 810 2422 7:
845 2359 987 2442 quicquid
1013 2359 1086 2422 baie
1113 2359 1227 2421 dictum
1255 2365 1300 2420 est
1327 2357 1364 2420 ab
1393 2357 1466 2436 ulio,
1495 2375 1597 2418 areum

472 2472 525 2528 est.
572 2467 670 2528 sicut
697 2485 839 2548 quoque
865 2467 903 2529 ab
931 2465 1068 2548 opauco
1096 2467 1209 2529 dictum
1237 2472 1295 2528 est:
1328 2466 1356 2527 si
1382 2463 1424 2526 ad
1449 2469 1595 2526 naturum
1718 2505 1719 2562 q

473 2573 560 2651 uices,
590 2592 756 2655 aarrrqnam
784 2575 846 2635 eris
869 2593 1005 2656 pauper:
1037 2575 1065 2635 si
1087 2573 1128 2636 ad
1151 2573 1317 2655 opiniones,
1346 2591 1512 2653 auraquam
1535 2569 1598 2632 eris

471 2681 563 2742 dioec.

365 2784 483 2849 vitiosa
508 2794 582 2850 sunt
605 2785 705 2850 verba
727 2787 806 2849 sieut
828 2807 954 2869 quoque,
979 2805 1063 2868 quae
1087 2785 1135 2850 sic
1157 2784 1309 2867 leguntur
1332 2785 1363 2847 in
1389 2783 1451 2868 Pp
1472 2803 1494 2866 g
1514 2781 1595 2848 Pr.b

366 2890 501 2973 Aeliis,
528 2910 633 2973 neque
657 2892 769 2956 autin
793 2891 884 2957 libris
913 2891 1146 2957 recentioribus
1175 2895 1232 2968 (sic
1259 2911 1384 2975 quoque,
1415 2891 1495 2974 prod
1522 2887 1593 2954 GT

365 2998 449 3078 RV3
473 3001 550 3062 sicut
572 2999 613 3079 id,
638 2999 718 3082 quod
740 2997 893 3084 ειξτυ),
921 3005 979 3063 aut
1002 2997 1042 3063 ab
1063 2999 1186 3063 Haasio
1211 2996 1304 3083 (eicut
1325 2997 1419 3082 qaod)
1444 2994 1594 3062 facilibus

365 3104 516 3170 remediis
545 3112 658 3170 curata
686 3111 769 3170 sunt.
817 3103 966 3188 equidem
994 3107 1089 3170 illud
1117 3103 1209 3188 (illut)
1239 3112 1313 3190 post
1340 3108 1418 3170 ciart
1441 3103 1593 3168 omissum

366 3231 439 3277 esse
453 3219 541 3296 puto.
575 3232 675 3298 saepe
691 3211 775 3276 enim
791 3211 917 3278 Seneca
931 3211 1120 3297 pronomine
1135 3213 1185 3276 ille
1199 3211 1242 3277 ibi
1258 3211 1366 3296 ulitur,
1379 3210 1435 3275 ubi
1449 3208 1595 3275 florentis

365 3318 485 3385 aetatis
510 3319 684 3403 scriptores
707 3319 756 3383 iric
777 3317 907 3384 habent.
938 3317 1101 3385 sufficiunt
1120 3318 1269 3404 exempla
1292 3338 1376 3401 quae
1394 3316 1592 3383 Rausehnin-

365 3427 439 3509 gius
462 3427 510 3490 De
534 3429 682 3490 latinitate
704 3427 739 3488 L.
755 3426 878 3490 Annaei
896 3425 1029 3491 Senecae
1050 3427 1222 3512 philosophi
1244 3426 1368 3508 Regim.
1383 3424 1492 3489 Prusa.
1511 3425 1594 3489 1876

364 3555 395 3618 p.
420 3536 462 3599 68
474 3552 521 3616 sq.
545 3532 685 3615 collegit.

473 3659 527 3723 ep.
555 3658 640 3704 mor.
667 3638 752 3720 115,
781 3641 815 3705 3:
844 3648 1014 3724 paupertas
1042 3641 1182 3723 capedita
1209 3647 1261 3722 est,
1290 3661 1400 3704 secu-ra
1427 3648 1480 3703 eat.
1526 3658 1594 3702 cam

471 3747 631 3811 classicum
655 3749 769 3828 cecinit,
794 3749 850 3811 scit
872 3767 934 3811 mou
956 3769 989 3811 sc
1007 3749 1086 3830 peti:
1115 3768 1183 3811 caru
1207 3749 1331 3831 aliqua
1354 3747 1595 3812 conclamatio

473 3861 538 3934 est,
563 3855 714 3941 quomodo
738 3862 834 3934 emeat,
859 3874 921 3918 nore
944 3856 1018 3937 quid
1040 3857 1149 3938 efferat
1170 3857 1298 3937 quaerit.

365 3960 443 4045 quid
467 3960 510 4025 sit
537 3961 640 4044 aliqua
667 3963 866 4044 conclamatio
893 3960 1004 4025 nescio
1035 3967 1068 4025 et
1095 3961 1233 4026 nescivit
1255 3958 1446 4026 Fernandua
1469 3958 1592 4024 Nonius

281 4137 290 4160 ·
366 4068 549 4151 Pincianus,
579 4068 634 4150 qui
662 4087 733 4132 cum
762 4067 795 4130 in
821 4065 904 4131 libro
934 4064 1074 4149 quodam
1103 4087 1161 4132 suo
1191 4069 1294 4152 atiquo
1323 4071 1352 4132 ui
1375 4069 1590 4132 conclamatum

364 4185 409 4240 cat
432 4175 618 4258 invenisset,
642 4175 753 4238 alicubi
775 4177 995 4238 conclamatum
1018 4182 1063 4238 eet
1086 4173 1290 4239 scribendum
1314 4193 1387 4239 esse
1407 4171 1592 4258 suspicatus

365 4289 423 4348 est.
469 4288 504 4345 at
532 4289 647 4345 neutra
675 4281 835 4366 scriptura
862 4278 953 4345 firmo
982 4280 1081 4346 utitur
1109 4279 1328 4346 fundamento.
1383 4301 1457 4345 nam
1491 4282 1590 4364 aliqua

456 4459 490 4528 ²¹)
515 4469 549 4514 ut
571 4462 653 4515 colet
677 4477 709 4514 ex
734 4461 757 4513 B
784 4458 1035 4528 recentioribusque
1059 4463 1219 4528 receperunt
1243 4459 1385 4514 l'iclrerius
1415 4463 1443 4514 et
1467 4459 1587 4514 Haasius.

364 4549 488 4604 codicum
513 4549 534 4603 L
562 4551 598 4613 (v.
623 4549 654 4604 G.
675 4549 706 4604 G.
726 4549 843 4604 Mueller
872 4551 911 4603 De
939 4549 1054 4604 Senecae
1076 4552 1276 4618 quaestiouibus
1303 4552 1477 4604 naturalibus
1504 4568 1529 4620 p.
1546 4547 1589 4612 32)

363 4644 392 4693 et
416 4639 602 4694 Parisinorum
631 4638 701 4692 6628
729 4641 758 4692 et
781 4638 851 4691 8624
874 4639 1011 4707 scriptura
1033 4639 1102 4694 haee
1126 4643 1179 4693 est:
1210 4643 1292 4693 irride
1314 4641 1405 4694 solet.
1445 4638 1467 4692 Ε
1493 4640 1585 4694 habet:

364 4731 434 4782 rende
453 4731 544 4782 solent.
