3560 5242
914 413 954 476 50

323 633 476 700 Ps.-Iust.
510 635 578 700 coh.
616 635 656 700 ad
686 639 770 716 gent
806 636 839 712 9,
873 635 927 717 qui
959 633 1115 716 quomodo
1134 653 1222 702 cum
1249 637 1442 720 Apologetioi
1474 637 1543 702 loco

323 738 510 802 cohaereant
538 756 688 820 exponere
717 757 736 802 a
761 737 919 821 proposito
942 737 1081 802 alienum
1105 740 1163 801 est.
1186 739 1329 803 Arbitror
1355 739 1451 821 igitur
1472 740 1548 803 Ter-

323 839 493 904 tullianum
521 840 617 905 etiam
646 840 736 923 Apol.
761 841 801 904 10
823 860 853 923 p.
876 841 926 918 81,
949 843 969 902 4
991 839 1095 904 Thalli
1116 859 1231 906 nomen
1254 842 1396 924 scriptori
1419 843 1544 908 cuidam

324 943 451 1020 debere,
475 941 529 1026 qui
552 942 782 1008 ecclesiasticus
804 943 908 1020 faerit,
932 943 1086 1025 siquidem
1109 943 1142 1006 hi
1163 943 1362 1026 potissimum
1378 945 1547 1027 scriptores

325 1044 364 1109 iis
387 1048 554 1129 praecipue
576 1045 664 1122 louis,
687 1046 800 1127 quibas
823 1045 861 1110 de
886 1045 1023 1110 Saturno
1045 1045 1197 1124 referunt,
1220 1046 1258 1110 ad
1282 1047 1430 1111 Thallum
1454 1047 1546 1110 illnm

324 1150 509 1230 provocant,
537 1148 625 1212 velut
652 1148 845 1231 Theophilus
873 1148 941 1212 looo
969 1148 1137 1231 depravato
1166 1147 1220 1228 (ad
1247 1149 1352 1213 Autol.
1380 1147 1431 1212 Ill
1451 1150 1547 1230 29).¹)

324 1248 372 1313 Ab
400 1248 509 1315 eodem
537 1253 664 1314 auctore
694 1250 872 1315 Christiano
903 1250 1134 1316 Tertullianum
1164 1253 1197 1316 et
1218 1251 1346 1316 nomina
1368 1253 1546 1316 ceterorum

324 1351 511 1434 scriptorum
538 1353 570 1416 et
602 1353 721 1429 omnia,
759 1372 839 1435 quae
874 1353 913 1417 ad
948 1351 1122 1419 Saturnum
1155 1354 1329 1437 pertinent,
1362 1356 1545 1418 mutuatum

324 1472 394 1518 esse
421 1454 538 1537 opinor.
581 1455 700 1520 Eodem
727 1455 820 1520 modo
842 1457 1027 1521 Lactantius
1056 1477 1107 1532 eo,
1137 1475 1231 1538 quem
1259 1474 1355 1539 supra
1382 1457 1550 1539 exsonpsi-

324 1575 396 1621 mus
419 1557 502 1634 loeo,
525 1557 673 1621 Varronis
695 1557 822 1622 nomine
845 1559 957 1624 ceteris
982 1559 1087 1623 addito
1110 1558 1284 1623 Minucium
1307 1561 1435 1622 secutus
1458 1561 1547 1636 aelst)

325 1657 484 1742 Scriptura
517 1659 571 1723 illo
606 1659 816 1724 ecclesiastico
850 1679 913 1725 nno
940 1661 1169 1726 Tertullianum
1197 1661 1285 1744 Apol
1310 1660 1358 1723 10.
1383 1661 1421 1722 11
1450 1678 1546 1724 usum

324 1779 393 1826 esse
426 1763 532 1835 oredo;
565 1761 604 1826 ad
636 1765 700 1825 nat
726 1761 760 1825 II
791 1763 830 1824 12
863 1767 989 1846 praeter
1015 1764 1106 1828 illum
1134 1763 1211 1828 adiit
1238 1763 1343 1846 ipsum
1371 1760 1547 1826 Varronem

325 1881 459 1946 eumque
482 1864 598 1928 diserte
620 1865 804 1929 nominavit.

413 1965 491 2046 Quis
519 1967 615 2048 igitur
643 1969 752 2031 auctor
778 1966 839 2032 fuit
860 1968 1012 2032 Minucii?
1056 1967 1158 2046 Quern
1181 1987 1245 2032 non
1268 1986 1286 2031 e
1308 1967 1448 2033 Varrone
1472 1987 1551 2051 pen-

325 2069 407 2146 dere,
431 2069 485 2134 sed
509 2088 546 2134 ex
568 2070 718 2152 scriptore
741 2069 878 2152 quodam
894 2071 1104 2136 eeclesiastico
1120 2071 1189 2135 ideo
1204 2070 1365 2154 probabile
1380 2073 1436 2147 est
1463 2070 1548 2152 qnod

324 2173 390 2256 ipse
420 2191 542 2254 quoque
568 2172 716 2236 Thallum
746 2173 931 2242 nominavit,
964 2175 1053 2238 ouius
1082 2173 1200 2256 scripta
1227 2191 1302 2237 eum
1323 2173 1436 2255 legisse
1458 2173 1549 2237 nula

326 2277 400 2339 sunt
423 2275 546 2340 indicia.
599 2273 703 2353 Quare
740 2275 768 2339 ei
805 2275 948 2339 homines
985 2275 1083 2352 docti,
1121 2275 1236 2357 quibus
1274 2293 1310 2338 en
1347 2274 1551 2358 Apologetico

325 2377 448 2441 videtur
480 2376 628 2442 Octavius
665 2377 808 2453 fluxisse,
847 2381 977 2442 censent
1010 2378 1186 2443 Minacium
1220 2378 1408 2442 Tertulliani
1444 2395 1547 2440 errore

325 2482 504 2563 perspecto,
532 2499 605 2544 cum
634 2499 697 2546 non
721 2481 759 2545 ‹le
782 2479 891 2546 Cassio
914 2481 1027 2545 Severo
1050 2485 1187 2558 oratore,
1216 2481 1271 2544 sed
1294 2481 1332 2545 (le
1355 2478 1463 2545 Cassio
1484 2478 1551 2542 He-

324 2581 412 2646 mina
434 2600 539 2646 rerum
563 2583 711 2666 scriptore
737 2583 939 2665 cogitandum
962 2601 1031 2648 esse
1047 2585 1151 2660 sciret,
1174 2583 1389 2648 emendavisso
1407 2581 1549 2646 ‘Cassius

325 2685 362 2748 in
385 2684 570 2749 historia'.
620 2689 662 2750 At
685 2706 757 2751 vero
782 2687 882 2752 Cassii
904 2687 1074 2764 Heminae,
1096 2686 1311 2751 uetustissimi
1334 2685 1469 2749 enebris
1492 2703 1550 2748 an-

328 2787 467 2864 nalium,
499 2807 577 2871 opus
607 2808 667 2853 nec
689 2789 825 2853 Minucio
859 2808 960 2871 neque
988 2789 1046 2853 ulli
1071 2788 1189 2853 homini
1221 2791 1325 2852 aetate
1353 2788 1409 2852 illa
1436 2789 1546 2851 notum

328 2890 425 2954 fuisse
461 2893 594 2956 constat.
650 2890 782 2974 Oportet
810 2892 909 2972 igitur
941 2891 1193 2956 additamentum
1224 2890 1304 2954 illud
1334 2890 1376 2952 ‘in
1407 2890 1549 2953 historia*

330 2993 369 3056 ab
397 2993 458 3056 alio
486 2997 612 3058 auctore
643 2995 797 3077 acceperit
824 2994 990 3058 Minucius.
1041 2992 1171 3059 Accedit
1197 2993 1283 3058 aliud
1315 2995 1551 3074 argumentum,

331 3115 391 3178 quo
411 3095 545 3160 efficitur
566 3115 628 3160 non
643 3095 881 3180 apologeticum
903 3096 1031 3161 Minucii
1054 3096 1174 3161 fontem
1198 3095 1304 3160 husee.
1341 3095 1439 3159 Paulo
1463 3094 1548 3158 enim

330 3200 403 3262 ante
426 3216 497 3262 eam
519 3198 630 3280 eapitis
654 3200 693 3261 21
718 3201 849 3282 partem,
873 3218 936 3281 qua
957 3199 994 3264 de
1018 3198 1154 3265 Saturno
1177 3197 1283 3275 refert,
1308 3197 1464 3261 Minucius
1478 3215 1551 3280 pro-

329 3302 451 3364 rooarit
479 3300 518 3365 ad
549 3301 717 3383 epistulam
747 3301 907 3384 quandam
935 3303 973 3366 ab
996 3303 1170 3367 Alexandro
1199 3302 1314 3384 Magno
1346 3300 1385 3365 sd
1411 3303 1548 3364 matrem

331 3403 489 3486 datam,³)
523 3403 612 3467 ouius
635 3404 789 3487 epistulae
812 3423 970 3486 nusquam
992 3405 1110 3470 mentio
1133 3405 1171 3469 fit
1191 3404 1252 3470 nisi
1277 3404 1359 3488 apud
1382 3403 1550 3485 scriptores

400 3627 420 3691 ²)
445 3627 501 3675 Kal
524 3624 577 3696 γάρ
596 3621 687 3690 Βήλου
703 3625 754 3676 τοῦ
769 3623 925 3694 Ἀσσυρίων
941 3621 1137 3691 βασιλεύοντος
1155 3629 1202 3677 καί
1220 3623 1355 3697 Κρόνου
1372 3625 1434 3674 rori
1456 3625 1548 3674 Τιτᾶ-

330 3730 386 3765 νος
406 3707 537 3764 eattae
559 3711 738 3778 μέμνηται,
757 3711 874 3780 φάσκων
890 3710 942 3763 τὸν
959 3707 1052 3777 Βῆλον
1068 3707 1287 3776 πεπολεμηκέναι
1305 3707 1357 3760 σὺν
1374 3713 1431 3764 τοῖς
1452 3708 1550 3760 Τιτᾶσι

331 3795 398 3868 πρὸς
419 3796 471 3848 τὸν
488 3798 541 3846 Δία
563 3799 609 3845 καί
630 3795 693 3850 τοίς
711 3795 763 3846 σι”ν
781 3793 857 3862 αὐτῷ
876 3797 957 3852 &auia
975 3794 1143 3867 λεγομένους,
1161 3796 1235 3847 ἔνθα
1253 3800 1343 3865 φησίν·
1363 3797 1417 3846 Καὶ
1437 3793 1552 3864 clipea

332 3881 460 3948 ἡττηθείς
478 3883 575 3951 ἔφυγον
592 3881 628 3935 εἰς
650 3879 819 3953 Ταρτησσόν,
837 3881 901 3935 τότε
917 3886 968 3948 μὲν
985 3883 1031 3948 τῆς
1048 3881 1143 3951 χώρας
1161 3875 1263 3946 ἐκείνης
1280 3879 1376 3946 'Aurio
1395 3876 1550 3945 κληθείσης,

224 3987 227 3996 ·
330 3971 390 4019 νυνί
413 3963 441 4018 δὲ
456 3967 581 4032 Ἀττικῆς·
599 3971 880 4036 προσαγορευομνης,
903 3959 966 4033 ipso
992 3967 1075 4037 Γύγος
1098 3967 1163 4020 τότε
1184 3957 1266 4038 ἦρξεν
1285 4005 1292 4018 .
1311 4005 1317 4018 .
1337 4004 1343 4016 .
1366 3964 1464 4017 Karai
1486 3963 1551 4038 γοὶρ

331 4053 391 4119 τὴν
410 4048 544 4104 Θάλλου
563 4052 723 4122 ἱστορίαν
741 4051 756 4104 ὁ
775 4048 862 4117 Βῆλος
879 4057 1089 4124 προγενέστερος
1108 4049 1264 4124 εὑρίσκεται
1281 4047 1458 4103 σοῦ’ίλισκοῦ
1470 4047 1551 4102 πολέ-

330 4157 384 4204 μου
402 4139 476 4189 ἔτεσι
493 4137 564 4204 ruff.
599 4138 631 4192 ci.
651 4137 830 4204 ‘apologetici
848 4139 1026 4193 Tertullianei
1044 4137 1243 4206 i'rogmeniurn’,
1262 4137 1333 4205 quod
1351 4151 1420 4190 nnus
1438 4135 1551 4190 exhibet

332 4224 417 4280 codex
438 4222 577 4278 l‘uldensis
596 4223 684 4290 (Apol.
706 4225 762 4289 19);
781 4223 858 4276 Luat.
877 4223 898 4276 1.
917 4223 950 4276 D.
970 4224 1037 4286 123,
1049 4227 1074 4278 2.

403 4311 427 4372 2)
447 4309 508 4364 Una
526 4325 586 4364 cum
605 4308 751 4363 Diodoro
769 4307 882 4375 aliisque
900 4309 1057 4363 Thallum
1075 4309 1227 4364 nominavit
1239 4306 1478 4362 Pseudo-lustinus
1490 4305 1552 4360 coh.

333 4393 368 4448 ad
386 4399 459 4461 gent.
479 4397 503 4447 9.
541 4393 593 4448 Sed
618 4393 814 4448 sententiarum
838 4409 955 4448 conexus
974 4394 1101 4449 hocloco
1120 4394 1190 4447 alius
1208 4401 1251 4448 est
1270 4401 1351 4460 alque
1370 4391 1442 4461 apud
1461 4392 1551 4445 Minu-

334 4479 417 4545 cium,
436 4478 649 4544 Tertullianum,
668 4478 851 4535 haerentium.

413 4568 434 4627 ⁸)
467 4564 545 4618 lianc
574 4566 718 4632 epistolam
748 4566 870 4634 spuriam
902 4580 961 4620 esse
991 4564 1084 4619 docuit
1113 4564 1256 4620 Jablonshi
1287 4563 1364 4632 proli.
1389 4561 1424 4616 ad
1449 4563 1546 4616 Panth.

334 4653 453 4718 Aegypt.
471 4652 486 4718 §
505 4651 538 4703 15
555 4665 595 4717 sq.
615 4659 643 4704 et
661 4650 762 4705 homini
780 4651 934 4705 Christiano
951 4651 1086 4706 attribuit.
