3546 5236
783 446 842 506 141

705 529 917 540 —-—-—-

285 635 332 700 sio
362 635 513 718 leguntur
548 655 661 702 versus
697 635 746 700 illi
783 633 871 720 apud
902 635 1081 719 Vergilium
1108 634 1188 702 Aen.
1211 635 1287 700 VIII
1313 634 1424 721 totu:

194 753 223 808 et
250 747 353 810 scissa
379 745 526 827 pandens
554 745 646 809 eadit
674 743 853 810 Discordia
880 745 984 830 pollo,
1015 764 1113 830 qaam
1143 763 1214 808 cam
1246 749 1423 830 conpulsos

194 854 339 938 sequitur
362 850 497 916 Bellona
518 852 656 936 flapello.
694 869 733 915 ac
756 854 885 916 ceterae
908 847 1038 932 quidem
1062 847 1303 935 discrepantiae
1326 847 1424 915 facile

195 975 233 1022 eo
266 953 469 1040 explicantur
504 955 591 1038 quod
632 956 758 1022 Seneca
796 962 965 1040 poetcmm
1001 975 1115 1022 versus
1157 954 1346 1040 plerumque
1383 974 1424 1022 ex

193 1063 348 1128 memoria
375 1081 440 1128 non
468 1082 509 1128 ex
538 1062 658 1148 scripto
686 1063 767 1128 libro
796 1061 913 1128 afferre
935 1061 1105 1150 videturss),
1135 1061 1194 1128 sed
1222 1073 1278 1130 out
1306 1061 1350 1128 ad
1374 1082 1423 1128 se·

194 1169 332 1236 cundum
364 1188 491 1235 versum
524 1169 686 1256 pertinere
719 1189 882 1253 nunquam
916 1168 1056 1235 credam.
1105 1167 1201 1234 immo
1234 1168 1295 1232 hoc
1325 1167 1424 1234 modo

193 1277 293 1342 verba
316 1274 544 1342 constituenda
567 1285 655 1342 sunt:
685 1280 792 1365 paulic
816 1280 905 1364 apud
928 1287 1015 1344 votes
1038 1287 1167 1344 nostros
1190 1287 1236 1344 cst

300 1389 517 1468 sanguineam
539 1389 690 1472 quotieas
713 1387 830 1452 uestra
852 1387 989 1452 Bellona
1012 1387 1183 1471 flagellum,

193 1497 259 1558 aut
283 1490 423 1576 (scilicet
446 1490 567 1578 qualis)

299 1600 422 1664 scissa
444 1601 591 1686 gaudeas
615 1601 706 1665 vadit
729 1599 907 1666 Discordia
926 1601 1030 1686 pullo.

192 1721 240 1788 sio
274 1721 374 1806 priori
406 1733 463 1790 cat
495 1722 577 1788 bene
608 1721 785 1808 respondet
815 1722 952 1789 alterum
988 1723 1021 1788 in
1057 1723 1098 1789 iis
1131 1743 1214 1807 quae
1246 1730 1424 1806 sequuntur

192 1828 313 1894 verbis:
342 1841 400 1896 aut
422 1831 452 1896 cl
475 1855 540 1918 qua
557 1865 784 1878 ------
802 1837 917 1918 polest.
962 1849 992 1896 v.
1018 1829 1213 1896 simillimum
1242 1829 1346 1896 locum
1370 1851 1421 1915 ep.

192 1955 268 2001 mor.
291 1935 337 2000 VI
364 1940 390 2020 l,
413 1938 445 2003 3.

299 2059 345 2126 dc
367 2060 431 2126 ira
457 2061 505 2125 III
531 2063 580 2146 13,
607 2065 639 2128 1:
664 2085 777 2150 pupae
801 2073 900 2129 tecam
926 2069 1004 2150 ipse,
1033 2068 1064 2130 si
1087 2068 1211 2130 vincera
1235 2068 1321 2128 iram
1345 2087 1420 2130 non

293 2179 418 2255 poles,
442 2173 580 2248 <ne>
603 2176 637 2236 tc
660 2171 741 2236 illu.
786 2174 907 2256 incipis
930 2175 1064 2254 vincere,
1087 2175 1118 2237 ai
1141 2171 1360 2252 absconditur,
1388 2177 1420 2238 si

299 2275 352 2341 illi
375 2281 480 2343 emitae
503 2299 570 2343 non
593 2279 703 2342 datar.

193 2398 314 2463 nnllnm
342 2399 412 2464 vitii
440 2419 545 2483 genus
572 2399 772 2484 frequentius
801 2421 874 2467 esse
903 2400 937 2465 in
961 2400 1106 2467 Senecae
1134 2399 1300 2468 codicibus
1323 2421 1420 2485 qnam

192 2504 226 2570 id
250 2526 313 2589 quo
337 2507 438 2572 verba
461 2506 622 2590 quaedam
646 2515 722 2573 ante
744 2509 795 2574 rel
819 2515 894 2592 post
917 2507 1037 2574 similia
1063 2507 1171 2573 vicina
1199 2507 1420 2592 omittuntnr⁹)

282 2737 302 2804 ²)
321 2739 416 2794 omisit
433 2739 508 2794 huno
525 2740 616 2795 locum
635 2739 664 2794 in
683 2739 850 2795 testimoniis
868 2739 1044 2794 Ribbeckius.

282 2827 306 2897 ⁸)
325 2829 376 2884 lroo
394 2829 428 2884 de
446 2845 525 2884 versu
539 2831 637 2900 Georg.
653 2829 740 2884 11177
756 2829 889 2884 aSeneoa
902 2846 944 2898 ep.
958 2846 1026 2883 mor.
1043 2829 1092 2883 lIV
1102 2829 1127 2893 3,
1142 2831 1176 2884 68
1195 2830 1283 2884 allato
1302 2829 1421 2885 coniecit

191 2918 366 2982 Ribbeckius‚
390 2917 439 2986 qui
457 2917 485 2972 in
506 2919 610 2988 proleg.
630 2918 666 2974 ad
684 2918 767 2988 Verg.
782 2935 825 2987 op.
840 2918 906 2972 edit.
922 2919 986 2972 mai.
1007 2937 1033 2988 p.
1048 2919 1102 2974 202
1121 2923 1165 2974 set
1183 2920 1275 2974 multa
1292 2921 1421 2990 exempla

191 3007 239 3062 ubi
252 3006 356 3062 Seneca
374 3024 391 3060 a
408 3009 485 3062 rectu
501 3007 620 3062 lectione
639 3007 761 3062 discedat
779 3007 901 3076 collegit.
938 3025 1028 3076 neque
1046 3011 1140 3062 tamen
1159 3007 1225 3063 hinc
1242 3009 1369 3078 sequitur
1386 3012 1420 3063 ut

191 3094 294 3150 nullius
317 3095 399 3164 plane
422 3095 506 3164 pretii
529 3096 586 3149 sint
609 3113 703 3150 eorum
727 3097 848 3150 locorum
870 3113 938 3165 quos
961 3095 1064 3151 Seneca
1086 3095 1168 3150 affert
1191 3098 1343 3168 scripturae
1366 3097 1419 3151 dis·

191 3185 339 3252 crepantes.
368 3184 453 3237 immo
471 3183 526 3237 duo
545 3184 799 3253 metamorphoseon
814 3183 914 3239 Ovidia
931 3201 1025 3239 versus
1038 3185 1137 3238 melius
1152 3184 1224 3254 apud
1239 3203 1302 3239 enm
1316 3188 1419 3241 servati

190 3276 256 3327 sunt
278 3291 362 3342 quam
385 3273 414 3326 in
437 3273 632 3328 vetustissimis
655 3273 713 3327 eius
732 3273 861 3328 carminis
879 3273 1024 3328 codicibus.
1063 3273 1102 3328 VI
1120 3275 1154 3328 56
1169 3291 1207 3343 sq.
1227 3273 1258 3329 in
1276 3274 1333 3328 illis
1351 3275 1420 3330 haec

189 3363 334 3432 leguntur:
366 3365 500 3418 inseritur
526 3366 641 3418 medium
669 3366 759 3418 radiis
787 3365 917 3418 subtemen
945 3366 1042 3429 acutis,
1069 3365 1139 3433 quod
1166 3365 1250 3433 stipiti
1273 3367 1420 3432 expediant

189 3462 284 3523 etque
301 3456 389 3507 inter
406 3455 552 3506 stamina
575 3456 706 3507 ductum
720 3470 881 3522 percusso
899 3454 1031 3518 ferisset
1054 3453 1167 3522 (pereat
1186 3452 1254 3510 Bm.
1271 3457 1302 3512 l.)
1321 3457 1416 3507 insecti

185 3545 291 3610 pectine
310 3545 407 3598 dentes.
445 3559 516 3610 quae
534 3559 704 3612 quamquam
722 3543 752 3596 in
771 3542 850 3612 epist.
867 3541 930 3596 XIV
945 3543 970 3606 2,
987 3542 1023 3595 20
1041 3559 1114 3596 more
1133 3559 1182 3596 suo
1200 3541 1243 3596 ite
1260 3543 1290 3596 in
1309 3543 1420 3597 brevius

189 3631 338 3686 contruxit:
367 3633 499 3685 inseritur
521 3633 637 3685 taedium
664 3635 754 3685 radiis
779 3633 913 3688 subtemen
940 3634 1041 3698 acatis,
1068 3633 1153 3700 quod
1180 3632 1249 3686 lato
1272 3635 1419 3700 paviunt

188 3721 318 3788 (pariunt
342 3721 377 3774 B:
403 3739 469 3776 corr.
488 3719 633 3790 Gruterus)
655 3723 751 3775 insecti
766 3725 871 3791 pectine
888 3723 986 3787 dentes,
1009 3725 1104 3775 tumen
1122 3737 1172 3790 pro
1187 3723 1318 3789 paeleum·
1335 3723 1420 3776 uerbo

188 3809 280 3864 minus
302 3810 408 3864 usitato
430 3827 448 3864 a
469 3809 590 3866 librariis
613 3812 732 3876 faciendi
753 3809 874 3880 positum
897 3827 954 3866 esse
975 3813 1100 3880 apparet.
1136 3811 1265 3864 similiter
1284 3811 1370 3865 V16'l
1389 3811 1419 3867 id

188 3899 261 3968 quod
280 3903 338 3955 nat.
357 3901 463 3969 quaest
483 3899 496 3954 Ι
514 3901 539 3964 3,
559 3900 577 3954 4
600 3899 663 3954 libri
684 3900 704 3954 u
723 3901 759 3955 W
778 3904 924 3955 servarunt
942 3917 1025 3969 usqae
1043 3903 1109 3956 adeo
1126 3903 1197 3970 quod
1214 3904 1329 3969 tonps's
1347 3904 1418 3956 idem

187 3997 234 4054 est,
257 3999 344 4042 tamea
367 3991 463 4044 auimo
484 3993 587 4044 distant
609 3992 734 4060 praestat
756 3989 954 4046 Ouidianorum
978 3989 1103 4044 codicum
1120 3989 1272 4060 scripturae
1295 3995 1418 4059 tangit.

279 4093 301 4162 ⁹)
319 4095 374 4150 dici
392 4096 439 4151 vix
456 4099 549 4166 potest
572 4099 692 4164 quantas
714 4097 810 4152 turbas
832 4096 879 4152 hic
901 4113 976 4152 error
997 4097 1027 4151 in
1045 4096 1164 4152 Senecae
1186 4096 1324 4152 codicibus
1347 4098 1418 4154 exci-

188 4185 300 4242 taverit.
337 4185 384 4240 sed
404 4184 478 4256 apud
496 4185 565 4240 ulios
583 4203 694 4254 quoqne
712 4186 857 4255 scriptores
875 4185 1015 4241 interdum
1034 4186 1088 4241 loci
1105 4186 1163 4240 iam
1182 4185 1239 4242 iere
1252 4186 1419 4242 conclamati

187 4273 264 4329 sacili
291 4291 375 4343 opera
400 4275 441 4330 sio
467 4275 498 4330 in
524 4275 665 4344 integrum
693 4274 888 4330 restituuntur.
933 4274 1012 4330 velut
1039 4273 1114 4334 Suet.
1138 4275 1220 4344 Vesp.
1249 4277 1294 4330 12:
1326 4293 1359 4330 ac
1385 4294 1419 4330 no

187 4365 360 4418 tribuniciam
388 4367 496 4433 quidem
518 4373 734 4434 potestatem,
760 4368 875 4433 putris
901 4367 1015 4432 patrios
1040 4367 1248 4434 appellationem
1275 4368 1332 4420 aiei
1358 4382 1420 4421 aero

187 4457 286 4522 recepit
299 4455 362 4523 post
372 4461 531 4523 potestatem
540 4453 639 4510 rocula
651 4456 768 4509 statim
781 4453 983 4523 interponenda
996 4457 1046 4508 est.
1071 4454 1182 4524 egregie
1195 4455 1264 4510 haec
1272 4454 1420 4525 respondet

187 4542 270 4598 alteri
293 4543 422 4598 adverbio
445 4559 518 4609 ser·o;
543 4561 590 4598 mc
616 4559 689 4608 vero,
712 4543 786 4611 quod
809 4543 841 4598 G.
865 4543 1002 4598 Beckerus
1025 4541 1144 4611 (Quaest.
1163 4547 1224 4598 crit.
1243 4547 1275 4599 do
1293 4545 1367 4599 Suet.
1385 4547 1419 4600 de

187 4637 242 4688 atla
263 4633 562 4699 castanensium
582 4632 659 4698 1862,
678 4649 705 4702 p.
724 4631 800 4696 XIV)
822 4631 928 4696 inserit
951 4648 1043 4700 neque
1065 4632 1148 4687 facile
1166 4632 1289 4688 excidere
1307 4635 1418 4702 poteret

186 4738 275 4790 neque
293 4723 392 4792 aptum
410 4725 460 4786 est,
485 4739 549 4778 cum
566 4721 752 4792 Vespasianus
771 4721 950 4778 tribuniciam
967 4724 1144 4792 potestatem,
1166 4723 1197 4777 iu
1220 4739 1276 4792 qua
1294 4722 1420 4793 dignitas
