3634 5240
693 391 903 494 A...

191 639 263 685 vero
286 617 425 685 Platonis
450 621 496 686 vel
521 639 615 704 quem
637 619 664 684 is
687 621 814 685 secutus
836 623 885 688 est
906 621 1057 688 Damonis
1076 619 1250 705 praeceptis
1271 619 1411 684 abundet

189 725 335 790 Aristidis
367 735 443 809 opus
475 727 532 803 eis,
565 727 678 810 quibus
707 727 744 792 de
776 729 913 794 musicae
945 729 1049 794 indole
1069 727 1199 808 agitur,
1231 725 1306 792 locis
1317 727 1341 806 1)
1376 729 1409 790 et

191 831 307 894 summi
333 831 485 894 momenti
517 831 558 894 sit
580 831 620 896 ad
642 833 784 896 veterum
813 831 851 897 de
874 833 905 896 vi
927 851 1129 897 numerorum
1151 830 1266 895 iudicia
1297 849 1410 911 cogno

191 931 316 1010 secuda,
339 934 550 1017 maximopere
573 935 742 1000 dolendum
765 938 821 1012 est,
845 938 928 1019 quod
949 937 1140 1018 ignoramus,
1158 935 1196 998 ad
1220 952 1314 1016 quem
1338 951 1409 997 auc·

190 1038 291 1100 torem
306 1036 447 1101 doctrina
467 1038 531 1114 illa,
555 1037 644 1102 cuius
665 1037 842 1121 fragmenta
857 1041 992 1105 servarit
1005 1038 1167 1115 Aristides,
1182 1036 1345 1102 referenda
1360 1037 1409 1114 sit,

189 1159 292 1221 neque
326 1140 364 1204 de
390 1141 536 1206 Aristidis
567 1141 692 1222 ingenio
721 1147 752 1207 et
779 1143 811 1206 in
832 1142 971 1208 lontibus
1003 1141 1213 1207 describendis
1234 1141 1295 1205 fide
1318 1141 1410 1206 aesti-

190 1243 315 1308 mandis
348 1246 550 1308 consentiunt
575 1245 717 1310 homines
744 1245 826 1310 docti
849 1247 900 1326 (oi.
922 1247 1030 1311 Jahnii
1057 1245 1128 1310 edit.
1149 1266 1178 1329 p.
1201 1242 1339 1308 XXXIV
1362 1263 1408 1324 sq.

190 1349 224 1411 et
257 1345 447 1427 XXXVIII).
500 1351 546 1412 Ac
578 1349 811 1432 Westphalium
842 1350 969 1432 quidem
1001 1350 1026 1414 si
1056 1349 1144 1413 andis
1178 1347 1321 1430 (Theorie
1355 1347 1410 1411 der

189 1450 372 1514 musischen
394 1450 519 1516 Kdnste
550 1450 565 1514 1
589 1452 659 1532 23),
689 1454 740 1535 qni
767 1453 937 1518 Aristidem
960 1452 1051 1517 tertio
1083 1473 1113 1535 p.
1136 1451 1207 1517 Chr.
1229 1471 1261 1514 n.
1285 1450 1409 1515 saeculo

191 1553 344 1630 attribuit,
368 1556 546 1637 excerptum
569 1558 618 1620 est
639 1556 715 1620 illud
739 1559 834 1640 caput
860 1555 906 1638 (II
930 1557 981 1635 15)
1008 1574 1071 1620 non
1099 1573 1135 1618 ex
1162 1554 1260 1637 ipsius
1283 1552 1409 1636 quidem

191 1657 367 1722 Aristoxeni
396 1652 588 1739 συμμίκτοις
611 1662 841 1741 συμποτικοῖς,
877 1658 931 1724 sed
960 1677 992 1722 e.
1005 1658 1060 1722 tali
1082 1676 1183 1741 opere,
1207 1657 1298 1739 quale
1320 1658 1410 1720 erant

189 1760 245 1825 illa
271 1762 427 1844 μουσικῆς
450 1754 604 1838 παιδείας
623 1754 643 1848 ’ἦ
667 1761 835 1848 διατριβῆς
854 1760 967 1845 βιβλία
987 1757 1038 1843 κβ’
1056 1761 1229 1843 imperante
1250 1759 1409 1824 Hadriano

189 1863 235 1943 (id
264 1866 313 1928 est
341 1863 463 1940 eodem,
496 1882 557 1944 quo
592 1863 761 1931 Aristidem
788 1866 897 1931 vixisse
924 1865 1082 1950 probabile
1116 1867 1178 1941 est,
1210 1861 1362 1946 tempore)
1390 1883 1409 1927 a

189 1967 340 2050 Dionysio
354 1966 483 2042 musico,
499 1966 638 2032 Platonis
654 1971 687 2032 et
701 1969 897 2052 Pythagorae
913 1970 1077 2045 sectatore,
1100 1967 1282 2050 conscripta.
1319 1965 1408 2030 idem

189 2070 355 2152 Westphal
376 2068 481 2150 (Metr.
504 2069 800 2137 1²89-104coll.
824 2071 1007 2152 cel-599)
1031 2072 1162 2136 conatus
1185 2071 1246 2145 est,
1269 2087 1348 2150 quae
1371 2069 1408 2133 de

191 2174 334 2239 doctrina
354 2173 533 2256 rhythmica
548 2175 702 2239 Aristides
717 2176 823 2253 tradit,
844 2177 878 2240 iu
895 2176 973 2240 duas
988 2177 1093 2258 partes
1109 2173 1293 2238 discernere.
1327 2172 1407 2237 Cum

190 2278 276 2342 enim
297 2276 363 2360 ipse
386 2276 517 2360 scriptor
538 2277 616 2342 duas
639 2272 783 2362 αἱρέσεις
804 2279 967 2361 significet,
991 2279 1123 2342 alteram
1145 2275 1214 2358 (B),
1242 2293 1337 2356 quarn
1360 2293 1409 2340 ss-

191 2381 330 2461 quantur
363 2373 392 2444 oi
428 2375 666 2460 συμπλέκοντες
695 2383 735 2467 τῇ
760 2385 894 2468 μετρικῇ
920 2376 1047 2467 θεωρίᾳ
1073 2369 1131 2464 τὴν
1157 2375 1236 2464 περὶ
1263 2381 1407 2464 ῥυθμῶν,

188 2484 323 2550 alteram
339 2483 402 2563 (A),
424 2501 520 2565 qnam
535 2483 739 2566 profiteantur
757 2479 786 2549 oi
806 2481 999 2569 χωρίζοντες
1015 2485 1056 2568 (p.
1072 2484 1113 2546 40
1129 2482 1184 2561 Μ),
1207 2477 1408 2565 χωριζόντων

187 2587 410 2669 gravissimum
442 2586 538 2650 luisse
569 2587 766 2670 rhythmicae
801 2589 959 2653 doetrinae
995 2589 1153 2652 auctorem
1175 2586 1406 2650 Aristoxenum.

185 2691 285 2754 Illum
307 2691 423 2764 autem,
447 2689 485 2753 de
509 2709 569 2771 quo
592 2690 726 2772 ag'muS,
748 2693 853 2756 locum
876 2710 954 2755 num
976 2709 1032 2755 suc
1047 2690 1113 2753 iure
1138 2692 1240 2753 toturn
1264 2686 1409 2753 tribuerit
1458 2705 1462 2714 ·

186 2796 236 2878 τῷ
260 2788 478 2874 ονμιιλέκοντι
500 2793 553 2872 (Β)
575 2793 756 2877 Westphal,
789 2795 879 2860 valde
902 2794 1019 2858 dubito.
1063 2793 1189 2856 Etenim
1217 2793 1254 2869 ei,
1288 2809 1408 2874 exque

186 2895 259 2960 libri
282 2895 316 2959 11
339 2897 435 2978 eaput
451 2896 491 2958 15
515 2895 667 2961 derivarit
692 2898 853 2975 Aristides,
875 2899 999 2981 praeter
1022 2895 1144 2960 iontem
1167 2896 1194 2958 B
1222 2914 1259 2960 ea
1285 2913 1408 2976 quoque

186 3001 312 3082 praesto
334 2999 439 3075 luisse,
464 3018 544 3081 quae
566 3000 599 3063 in
621 2999 712 3082 primi
734 3001 805 3065 libri
829 3001 983 3086 capitibus
1007 3000 1132 3062 13-19
1155 3000 1199 3082 (id
1223 3001 1272 3064 est
1285 3000 1360 3063 inA
1377 3000 1409 3063 et

186 3101 229 3184 B)
253 3102 392 3185 exposita
414 3105 502 3178 sunt,
531 3102 580 3166 his
602 3103 800 3186 potissimum
823 3105 956 3169 efficitur
977 3103 1095 3178 causis,
1129 3121 1263 3184 quarum
1284 3104 1408 3185 partem

187 3208 253 3270 iam
273 3204 431 3289 perspexit
449 3205 635 3270 Ihaneiscus
657 3207 815 3272 Susamihl
831 3208 862 3270 in
879 3207 1109 3290 programmate
1125 3205 1408 3289 Gryphiswaldensi

189 3327 217 3373 a.
238 3309 333 3372 1866:
356 3307 395 3370 In
418 3309 554 3373 secundo
575 3309 653 3374 libro
674 3311 776 3391 agitur
796 3310 834 3374 de
855 3305 1042 3395 ὁλοκλήροις
1061 3330 1091 3393 p.
1108 3309 1194 3373 0711
1208 3337 1250 3364 --
1268 3309 1360 3387 salu
1375 3309 1407 3386 J,

187 3411 227 3475 de
251 3411 348 3477 ductu
371 3411 547 3493 rhythmico
580 3403 715 3498 (ἀγωγή)
748 3433 776 3496 p.
809 3413 905 3478 9911
927 3441 970 3468 =
992 3415 1087 3489 6034
1114 3413 1152 3486 J;
1185 3414 1313 3478 eaedem
1348 3432 1408 3490 res,

186 3515 243 3578 ubi
275 3515 307 3578 in
341 3515 441 3597 primo
464 3514 542 3579 libro
571 3519 856 3581 commemorantur
883 3519 925 3600 (p.
954 3519 995 3579 40
1022 3517 1055 3580 hl
1077 3545 1120 3571 =
1143 3518 1192 3592 27,
1215 3516 1279 3581 4.]
1312 3519 1343 3580 et
1377 3536 1407 3599 p.

188 3618 229 3679 42
253 3617 287 3680 Μ
309 3643 351 3673 =
374 3619 469 3693 2739
489 3618 541 3695 J),
575 3618 614 3682 ad
641 3617 758 3683 iontem
780 3623 808 3683 A
834 3620 1014 3684 referendae
1043 3622 1127 3684 sunt.
1176 3621 1298 3685 Deinde
1325 3620 1408 3703 quod

188 3720 353 3803 Westphal
377 3739 393 3784 e
416 3720 574 3803 rhythmis
597 3719 811 3805 στρογγύλοις,
835 3743 968 3806 quorum
991 3725 1023 3787 in
1045 3725 1123 3788 libro
1139 3724 1275 3788 seeundo
1289 3723 1408 3788 mentio

188 3823 225 3886 iit
246 3825 289 3906 (p.
315 3822 376 3886 100
398 3823 431 3886 hl
453 3849 496 3878 =
512 3823 561 3899 60,
579 3824 618 3886 37
634 3825 676 3904 J),
699 3825 854 3890 conclusit
881 3828 1122 3909 respondentem
1137 3828 1164 3893 ei
1190 3825 1288 3890 libriI
1303 3827 1408 3890 locum

188 3933 229 4010 (p.
254 3927 294 3989 34
317 3925 351 3989 hi
372 3953 416 3981 =
438 3927 530 4004 anal
553 3924 586 4010 J)
610 3927 646 3991 et
665 3929 882 3993 antecedentia
902 3931 996 3994 verba
1023 3930 1136 3994 iudea
1165 3929 1267 3995 verbis
1288 3923 1409 3992 coiaco

188 4018 229 4114 δὴ
262 4029 327 4092 τῶν
358 4023 480 4112 χρόνων
501 4031 541 4112 (p.
566 4031 607 4092 33
629 4030 663 4094 hi
689 4059 731 4085 =
759 4033 852 4108 22,14
879 4033 914 4115 J)
947 4033 1025 4097 sonti
1058 4034 1085 4097 B
1114 4051 1182 4098 esse
1210 4031 1408 4114 assignanda,

187 4132 325 4214 neglexit
345 4131 393 4196 nir
414 4132 615 4197 doctissimus
637 4131 720 4198 hane
742 4135 895 4202 rationem
918 4136 1121 4220 sequentibus
1149 4156 1190 4201 ne
1213 4155 1250 4201 aa
1272 4135 1408 4218 quidem,

259 4322 283 4384 ¹)
302 4321 362 4390 Qua
380 4319 413 4374 de
430 4335 460 4374 re
478 4321 546 4375 baec
564 4321 676 4388 legimur
694 4321 765 4388 apud
779 4322 964 4378 Hermannum
979 4322 1086 4378 Deiters
1104 4323 1149 4391 (de
1162 4322 1290 4378 Aristidis
1303 4321 1408 4392 Quinti·

188 4405 256 4459 liani
274 4403 415 4460 doetrime
434 4406 606 4461 harmonicae
625 4405 743 4462 lontibus
760 4412 831 4474 part.
851 4408 863 4462 l
881 4423 971 4476 progr.
992 4408 1125 4478 gymnasii
1143 4407 1361 4464 Marcodurensis
1383 4423 1407 4463 a.

190 4491 258 4546 1870
276 4505 302 4557 p.
320 4491 363 4554 3):
390 4491 542 4556 „Aristides
563 4534 569 4545 .
589 4534 594 4546 .
614 4533 639 4558 .,
657 4491 701 4558 qui
720 4508 779 4546 cum
798 4492 825 4546 in
844 4491 1058 4547 demonstranda
1075 4493 1122 4547 illa
1140 4493 1255 4547 musices
1273 4493 1299 4546 vi
1317 4493 1409 4547 ethica

189 4575 333 4644 plurimum
352 4590 452 4642 operae
470 4577 601 4646 posuerit,
617 4576 694 4630 buius
712 4575 797 4644 ipsius
816 4577 955 4632 doctrinae
969 4577 1112 4632 Platonem
1132 4576 1225 4633 ducem
1245 4583 1353 4634 secutus
1366 4583 1409 4634 est

188 4659 394 4720 certissimum‘t
