3546 5236
975 425 1037 502 144

494 618 542 683 ad
565 617 671 683 Helu.
696 616 742 684 de
766 618 908 685 consol.
935 622 986 703 12,
1012 624 1044 686 l:
1077 641 1116 684 aa
1144 640 1193 684 me
1214 627 1305 702 putes
1333 619 1374 683 nd
1400 619 1544 684 εἰευωιάα
1570 621 1613 683 iu

494 727 653 791 caminada
670 729 873 810 paupertatis,
898 747 989 810 mmm
1012 747 1101 791 amaa
1114 747 1239 807 prooem
1255 727 1355 806 sentit
1379 727 1441 788 uisi
1454 729 1506 809 arsi
1515 733 1612 809 putat,

494 835 541 896 uti
554 840 672 896 tautum
686 836 860 917 praeceptis
877 835 1070 917 sapientium,
1090 835 1229 916 minum
1246 835 1357 917 aspice,
1380 840 1495 915 quatuo
1516 835 1614 896 maior

488 961 568 1024 pars
586 943 626 1004 sit
642 961 826 1024 pauperum,
850 961 926 1024 quos
948 941 1042 1006 aibilo
1064 941 1184 1006 notabis
1202 942 1352 1005 tristiores
1369 941 1615 1023 sollicitioresque

493 1047 651 1111 diuitibus:
674 1049 764 1112 immo
788 1050 898 1127 aescio,
922 1067 965 1112 aa
988 1068 1022 1112 eo
1046 1048 1187 1112 laetiores
1205 1049 1275 1128 siat,
1300 1049 1496 1131 pascimus
1510 1067 1613 1111 eorum

492 1156 526 1217 ia
542 1157 695 1239 pauciora
717 1155 920 1236 distriapitur.
964 1161 1156 1220 summum
1178 1175 1246 1238 ape
1268 1175 1332 1238 spe
1353 1175 1425 1219 aaa
1446 1154 1613 1218 oboeaia·

492 1281 569 1324 mus
591 1262 633 1325 ud
655 1262 830 1344 locupletes:
859 1282 951 1348 quum
972 1262 1069 1325 rauba
1092 1269 1227 1344 ternpore
1250 1268 1322 1326 suat
1344 1261 1452 1344 potas
1470 1263 1614 1344 pauperi

492 1367 547 1431 bris
569 1369 683 1432 similes
705 1371 787 1431 siali

385 1473 495 1538 nescio
523 1491 565 1538 sn
593 1473 683 1539 locus
711 1473 932 1540 conclamatus
959 1474 1086 1540 lenibus
1120 1473 1352 1540 mutationibus
1384 1473 1432 1539 sic
1466 1481 1614 1540 sanetur:
1719 1493 1720 1498 ¹

384 1603 405 1645 a
427 1603 467 1644 re
488 1579 646 1664 saepem)
669 1600 741 1645 aaa
763 1581 880 1664 obuia,
904 1583 1096 1646 oeaiamus
1119 1601 1147 1648 e.
1163 1601 1193 1664 q.
1210 1601 1236 1647 s.
1261 1580 1493 1646 sententiarum
1515 1580 1616 1664 igitur

385 1707 504 1753 nexum
527 1687 743 1753 nanciscimur
760 1687 860 1754 hunc:
884 1707 1005 1771 magna
1028 1707 1105 1772 pars
1127 1707 1306 1773 pauperum
1330 1708 1394 1753 non
1417 1687 1539 1753 tristior
1564 1695 1614 1754 est

385 1814 479 1876 quem
510 1793 637 1860 divites.
687 1802 723 1860 at
750 1814 821 1860 cum
849 1815 949 1881 saepe
978 1795 1025 1858 illi
1053 1814 1180 1878 quoque
1208 1795 1317 1862 tristes
1345 1795 1418 1878 sint,
1449 1795 1615 1861 mittamus

384 1900 469 1966 hauc
492 1921 568 1986 rem,
595 1902 763 1966 veniamus
788 1901 831 1966 ad
855 1899 983 1968 divites.
1030 1901 1218 1967 transeundi
1245 1902 1378 1967 verbum
1406 1901 1504 1967 etiam
1532 1902 1613 1966 alibi

385 2007 511 2075 Seneca
534 2029 606 2074 cum
628 2007 870 2095 praepositione
894 2030 913 2073 a
936 2007 1102 2073 coniunxit
1131 2007 1281 2091 idemque
1306 2028 1344 2073 eo
1368 2008 1474 2092 magis
1499 2008 1528 2074 ei
1552 2007 1614 2074 hoo

383 2115 455 2182 loco
479 2113 587 2181 faeere
609 2115 737 2198 licebat,
760 2114 838 2200 quia
861 2114 895 2180 id
918 2115 962 2180 ad
986 2115 1072 2199 quod
1096 2115 1250 2182 transitur
1273 2109 1428 2202 proximis
1446 2113 1613 2181 indicavit

490 2238 537 2305 de
559 2239 681 2306 benet.
703 2239 749 2304 IV
764 2243 829 2325 b,3
853 2240 936 2306 inter
959 2239 1013 2306 dei
1036 2239 1195 2308 beneficia
1219 2248 1461 2306 enumerantur:
1478 2243 1614 2322 flumina

490 2349 563 2412 baec
588 2349 811 2413 amoenissimis
832 2349 967 2430 flexibus
999 2369 1122 2433 campos
1154 2350 1317 2430 ciapeatia,
1349 2349 1404 2414 illa
1430 2349 1614 2432 praebitura

490 2457 703 2520 commercia
724 2457 782 2518 oia
797 2451 858 2539 (sio
872 2455 935 2520 NR
950 2455 1019 2536 alii)
1034 2463 1118 2520 uasto
1133 2463 1162 2520 et
1174 2456 1336 2538 aavmabiti
1350 2477 1445 2520 cursu
1459 2457 1612 2520 sauma.

383 2561 483 2627 verba
507 2569 658 2647 corrupta
681 2569 756 2648 post
771 2561 951 2640 Erasmum‚
977 2565 1032 2645 qui
1048 2566 1237 2628 commerciis
1250 2566 1331 2628 viora
1346 2562 1485 2647 scripsit,
1509 2569 1611 2628 certa-

383 2669 440 2732 tim
463 2667 521 2732 alii
544 2666 610 2731 olio
633 2667 729 2732 mado
754 2687 871 2733 sanare
895 2669 1003 2734 conati
1027 2677 1110 2735 sunt.
1148 2689 1282 2754 quorum
1304 2669 1437 2736 ultimus
1461 2669 1612 2734 Gertzius

383 2775 502 2840 collata
525 2773 597 2840 loco
621 2775 676 2858 qui
699 2781 837 2842 estuat.
862 2781 987 2858 quaest.
1010 2775 1055 2841 IV
1074 2779 1104 2861 2,
1127 2780 1149 2842 4
1172 2779 1213 2841 ud
1235 2780 1419 2842 mmmcrcia
1441 2779 1521 2842 viam
1542 2776 1610 2858 legi

382 2882 493 2948 voluit.
540 2881 599 2947 sed
628 2882 725 2946 aliam
754 2881 824 2947 cius
852 2882 1011 2948 rationem
1039 2903 1112 2950 esse
1140 2891 1238 2968 atque
1266 2883 1361 2948 buius
1391 2883 1473 2968 ipsis
1501 2882 1611 2949 verbis

382 2988 597 3056 consideratis
629 2989 726 3056 facile
759 2989 978 3073 intellegetur:
1018 3027 1043 3037 -
1059 3027 1083 3037 -
1103 2993 1195 3056 Nilus
1227 3013 1358 3078 urapaus
1389 2993 1487 3074 mapis
1517 3010 1609 3074 quam

380 3100 527 3164 mataritae
551 3118 690 3180 opressus
703 3097 896 3182 Aethiopiam
919 3119 1041 3178 aratos,
1060 3120 1120 3184 per
1143 3120 1218 3182 quas
1241 3101 1282 3164 od
1304 3100 1488 3163 commercia
1511 3099 1611 3161 ludici

381 3208 480 3269 etiams
507 3207 565 3268 iter
598 3212 655 3286 est,
684 3205 887 3288 praelabitur.
944 3224 1055 3270 verum
1087 3211 1195 3269 tamen
1226 3224 1291 3269 non
1322 3204 1527 3270 necessarius
1560 3212 1611 3268 est

381 3330 531 3378 numerus
554 3310 699 3396 pluralis.
736 3310 815 3375 alibi
840 3311 925 3376 enim
948 3309 1004 3396 (de
1019 3309 1124 3378 benef.
1138 3311 1198 3375 VH
1213 3315 1242 3395 9,
1257 3310 1292 3398 5)
1318 3311 1476 3394 singulari
1499 3315 1609 3394 mactis

381 3419 473 3484 etiam
508 3419 550 3483 ad
581 3420 790 3482 commercium
824 3419 963 3499 pratibus
1001 3417 1127 3484 Seneca
1159 3417 1265 3486 utitur.
1321 3418 1432 3502 itaque
1463 3417 1608 3483 faciliore

380 3525 558 3591 mutatione
582 3527 799 3590 coucmercio
821 3527 915 3590 aiam
939 3525 1173 3591 restituendum
1198 3545 1271 3592 csse
1294 3533 1381 3611 puto.

488 3649 534 3716 de
565 3649 686 3716 benef.
715 3648 744 3713 V
776 3653 807 3726 6,
844 3657 876 3716 l:
914 3651 1105 3734 Atacaader,
1137 3653 1341 3717 nltacedaaam
1371 3673 1444 3732 rea,
1478 3652 1609 3734 plorimi

487 3759 601 3822 solebat
627 3780 647 3822 a
674 3759 758 3822 callo
785 3779 818 3822 se
844 3759 996 3840 berreficiis
1027 3760 1146 3822 aicium.
1203 3779 1266 3824 aaa
1297 3765 1351 3838 ast,
1384 3759 1465 3841 qttod
1494 3760 1608 3821 nimius

488 3867 585 3930 aairui
607 3865 794 3929 liacedoaas
818 3873 846 3929 ct
870 3866 1005 3930 Graecos
1028 3873 1057 3929 et
1081 3865 1180 3930 Caras
1202 3873 1231 3930 et
1253 3866 1368 3930 Persas
1390 3872 1419 3928 et
1440 3865 1608 3929 actiones

486 3973 650 4055 discriptas
685 3974 718 4035 ia
749 3974 917 4036 ramatum
948 3974 1107 4056 asspiciat,
1145 3993 1200 4036 aec
1236 3973 1291 4037 boc
1327 3972 1384 4036 sibi
1415 3973 1607 4056 praestitisse

485 4099 613 4160 repausa
635 4101 656 4142 a
681 4079 831 4143 Thraciae
853 4080 964 4160 amputa
983 4087 1163 4163 porrectum
1185 4099 1280 4163 usque
1302 4079 1344 4143 od
1366 4078 1438 4141 litus
1464 4078 1607 4159 iacopaiti

486 4188 583 4250 maris
597 4187 723 4250 iudicet:
743 4187 847 4250 eadem
860 4207 896 4250 rc
907 4187 1037 4266 ploriari
1052 4186 1194 4252 Socrates
1203 4188 1313 4270 potuit,
1330 4187 1434 4249 eadem
1444 4185 1603 4266 Dioperes,

486 4315 506 4358 a
529 4314 587 4376 quo
610 4297 714 4378 utique
735 4295 830 4357 uictus
854 4301 907 4358 est.

379 4399 526 4482 quamvis
555 4399 701 4464 codicum
730 4399 901 4466 lectionem
928 4402 1083 4465 districtas
1110 4403 1177 4464 aaa
1200 4402 1366 4464 sacratum
1389 4398 1423 4463 in
1445 4400 1605 4484 discriptis

377 4510 411 4571 ia
440 4509 606 4572 cosmatum
635 4506 732 4572 cerlis
761 4505 1040 4572 emendationibus
1068 4506 1093 4573 Ι.
1123 4506 1158 4572 F.
1182 4504 1364 4572 Gronovius
1394 4505 1603 4589 Gertziusque

470 4700 508 4770 ¹¹)
527 4720 606 4771 saepe
625 4701 682 4757 iam
700 4718 718 4757 a
736 4702 840 4757 Koohio
857 4702 1003 4756 inventum
1021 4705 1070 4756 ea
