3568 5238
976 425 1016 486 74

388 656 615 731 absolveretur,
650 661 681 719 et
708 657 740 719 in
763 657 811 720 his
833 677 934 740 pauca
955 661 1073 740 puncta
1095 659 1177 720 inter
1199 656 1440 720 damnationem
1465 659 1496 718 et
1518 657 1607 719 abso-

386 759 538 822 lutionem
559 759 765 823 interessent.

472 882 542 942 Asc.
565 898 595 960 p.
614 879 662 954 19,
683 879 821 942 ll-li:
846 879 892 958 ‘Q
913 879 1061 944 Servilius
1086 879 1199 962 Caepio
1213 878 1367 943 Scaurum
1389 879 1427 942 ob
1444 878 1606 958 legationis

386 981 542 1044 Asiaticae
577 981 727 1044 invidiam
767 982 917 1046 adversus
956 984 1041 1063 leges
1072 982 1277 1066 pecuniarum
1316 983 1481 1062 captarum
1518 998 1606 1042 reum

387 1083 462 1146 fecit
494 1082 739 1165 repetundarum
775 1085 842 1166 lege
877 1104 972 1165 quam
1006 1086 1079 1148 tulit
1108 1083 1257 1148 Serrilius
1282 1082 1424 1147 Glaucia.
1470 1081 1607 1145 Scaurus

386 1188 476 1248 tanta
499 1184 558 1248 fuit
581 1186 774 1250 continentia
797 1188 890 1250 animi
915 1191 946 1249 et
968 1187 1199 1268 magnitudine,
1229 1189 1266 1248 ut
1289 1185 1476 1269 Caepionem
1500 1187 1608 1247 contra

386 1306 474 1349 reum
499 1287 647 1350 detulerit
670 1293 701 1352 et
724 1290 860 1352 breviore
885 1290 933 1353 die
957 1290 1167 1370 inquisitionis
1184 1290 1312 1370 accepta
1330 1287 1474 1360 effecerit,
1498 1288 1534 1349 ut
1555 1287 1608 1348 ille

385 1390 469 1473 prior
491 1408 618 1453 causam
642 1391 771 1464 diceret;
804 1391 846 1453 M.
871 1411 992 1472 quoque
1017 1392 1156 1454 Drusum
1181 1391 1344 1453 tribunum
1371 1389 1471 1473 plebis
1500 1390 1610 1453 cohor·
1673 1439 1679 1450 .

387 1495 472 1554 tatus
495 1493 545 1566 sit,
572 1496 606 1554 ut
629 1493 742 1556 iudicia
765 1495 990 1557 commutaret!

471 1614 545 1674 Asc.
568 1632 597 1695 p.
625 1613 671 1686 19,
696 1614 832 1686 22-20,
858 1615 891 1675 9:
933 1612 1052 1676 ‘Italico
1081 1613 1163 1675 bello
1194 1616 1314 1688 exorto,
1345 1633 1417 1676 curn
1448 1612 1486 1675 ob
1516 1612 1609 1675 sociis

386 1718 535 1794 negatam
560 1715 720 1778 civitatem
743 1716 889 1779 nobilitas
912 1717 943 1779 iu
967 1715 1085 1779 invidia
1109 1719 1192 1778 esset
1209 1763 1390 1778 ........
1439 1713 1476 1792 Q.
1493 1715 1609 1796 Caepio

386 1818 476 1879 retus
498 1817 645 1880 inimicus
670 1816 778 1880 Scauri
804 1837 931 1900 sperans
956 1839 988 1882 se
1011 1819 1166 1882 inuenisse
1191 1821 1389 1898 sequestrem
1413 1817 1609 1899 opprimendi

386 1920 453 1982 eius
477 1919 549 2000 egit,
579 1923 615 1982 ut
637 1919 672 1998 Q.
696 1919 810 1984 Varius
832 1924 870 1982 tr.
895 1922 937 2003 pl.
961 1922 1034 1984 belli
1058 1921 1203 1984 concitati
1227 1921 1357 1983 crimine
1386 1920 1495 1983 adesse
1525 1920 1608 2002 apud

386 2041 418 2084 se
443 2021 597 2086 Scaurum
620 2023 743 2086 iuberet
765 2042 917 2088 annorum
941 2024 1066 2087 LXXII.
1100 2023 1157 2086 Ille
1180 2043 1235 2105 per
1256 2025 1407 2086 viatorem
1431 2022 1611 2094 accersitus,

386 2143 458 2187 cum
480 2126 542 2187 iam
567 2144 603 2188 eu
625 2127 734 2188 morbo
758 2126 839 2189 male
863 2127 1046 2202 solveretur,
1070 2126 1326 2189 dissuadentibus
1350 2126 1474 2200 amicis,
1512 2145 1552 2188 ne
1577 2146 1610 2188 se

385 2227 417 2289 in
439 2227 493 2289 illa
516 2227 695 2292 valetudine
731 2232 762 2291 et
790 2231 893 2291 aetate
918 2228 1050 2291 invidiae
1074 2229 1181 2312 populi
1205 2228 1350 2302 obiceret,
1374 2227 1499 2290 innisus
1522 2229 1611 2292 nobi·

385 2329 512 2393 lissimis
535 2330 700 2393 iuvenibus
724 2331 875 2413 processit
898 2332 929 2392 in
953 2331 1071 2406 forum,
1101 2331 1213 2393 deinde
1244 2334 1371 2412 accepto
1399 2331 1611 2412 respondendi

385 2432 452 2495 loco
469 2433 559 2494 dixit:
584 2433 639 2510 „Q
658 2433 769 2497 Varius
792 2433 952 2515 Hispanus
975 2433 1017 2495 M.
1035 2435 1189 2497 Scaurum
1213 2434 1385 2516 principem
1408 2437 1538 2496 senatus
1563 2453 1612 2496 so-

385 2539 448 2597 cios
472 2535 504 2596 in
529 2553 617 2597 arma
646 2536 690 2598 ait
712 2554 913 2608 convocasse3
936 2537 977 2598 Μ.
1004 2535 1140 2600 Scaurus
1171 2538 1314 2618 princeps
1343 2540 1472 2599 senatus
1496 2542 1610 2618 negat;

385 2637 476 2700 testis
504 2655 597 2700 nemo
620 2642 682 2700 est:
718 2638 780 2701 utri
804 2657 866 2714 ros,
889 2639 1037 2716 Quirites,
1062 2639 1207 2702 convenit
1230 2637 1397 2701 credere?“
1442 2637 1512 2716 Qua
1535 2659 1611 2702 voce

385 2741 430 2802 ita
454 2740 594 2804 omnium
618 2741 824 2803 commutavit
847 2741 984 2817 animoS,
1020 2746 1055 2804 ut
1083 2742 1121 2804 ab
1145 2742 1211 2823 ipso
1236 2741 1331 2804 otiam
1356 2743 1481 2804 tribuno
1504 2741 1612 2804 dimit-

385 2844 523 2906 teretur!

473 2967 543 3026 Asc.
567 2983 596 3044 p.
615 2963 665 3037 20,
684 2964 723 3024 18
737 2964 823 3024 -23:
848 2962 994 3027 ‘Scaurus
1017 2965 1062 3026 ita
1077 2963 1138 3027 fuit
1152 2964 1311 3046 patricius,
1335 2969 1371 3025 ut
1393 2963 1492 3026 tribus
1515 2981 1612 3044 supra

386 3083 459 3128 eum
484 3066 640 3129 aetatibus
666 3067 798 3130 iacuerit
833 3066 944 3129 domus
982 3066 1048 3129 eius
1079 3067 1211 3129 fortuna.
1271 3065 1354 3128 Nam
1388 3084 1488 3146 neque
1521 3069 1612 3148 pater

385 3187 487 3248 neque
540 3187 616 3232 avus
662 3188 763 3249 neque
810 3170 906 3232 etiam
949 3189 1082 3251 proavus
1119 3172 1167 3248 (ut
1201 3173 1290 3251 puto,
1335 3173 1460 3251 propter
1498 3171 1611 3231 tenues

385 3291 458 3354 opes
493 3274 525 3334 et
558 3273 679 3335 nullam
713 3273 795 3336 ritae
829 3273 1031 3351 industriam)
1065 3273 1199 3336 honores
1234 3273 1338 3354 adepti
1372 3276 1462 3345 sunt;
1499 3271 1610 3352 itaque

386 3374 503 3438 Scauro
529 3393 627 3455 aeque
651 3395 687 3438 ac
710 3394 788 3438 notro
812 3375 930 3438 homini
953 3374 1160 3439 laborandum
1184 3375 1262 3437 fuit*

481 3501 552 3558 Asc.
575 3515 604 3578 p.
622 3497 671 3570 24,
696 3496 836 3557 11-13:
861 3495 1025 3558 ‘Patemus
1054 3514 1130 3558 avrrs
1157 3513 1352 3577 proavosque
1375 3493 1483 3556 Scauri
1501 3542 1609 3557 .....

385 3599 520 3661 humiles
547 3603 641 3679 atque
666 3599 788 3661 obscuri
813 3599 958 3662 fuerunt?

472 3719 621 3782 Videmus
645 3720 740 3800 igitur
755 3707 924 3781 orationem
942 3719 985 3780 ita
1005 3720 1226 3800 compositam,
1250 3720 1286 3779 ut
1308 3715 1412 3780 omnia
1439 3717 1476 3780 ad
1495 3716 1608 3780 Scauri

385 3821 512 3884 laudem
529 3825 679 3903 spectent.
704 3821 786 3885 Nam
802 3823 886 3883 hunc
902 3839 919 3883 a
936 3821 1137 3884 CnDomitio
1154 3827 1185 3882 et
1200 3819 1263 3897 ati.
1277 3819 1431 3901 Caepione
1443 3824 1610 3902 propterea

385 3927 511 3986 tantum
550 3925 580 3986 in
611 3926 725 3988 crimen
762 3928 907 3988 vocatum
943 3943 1012 3986 esse
1049 3924 1198 4004 legimus,
1234 3924 1316 4004 quod
1348 3923 1394 3984 illi
1431 3923 1608 3988 inimicitia.

385 4027 441 4103 ira,
465 4027 534 4090 odio
558 4028 677 4091 incensi
699 4029 852 4091 Scaurum
878 4048 909 4091 se
933 4029 977 4090 ita
1000 4027 1091 4091 facile
1115 4045 1316 4110 oppressuros
1340 4045 1408 4090 esse
1426 4028 1608 4108 sperabant.

386 4129 507 4192 Deinde
530 4123 595 4192 eius
619 4131 808 4194 continentia
833 4131 928 4194 animi
952 4135 984 4194 et
1006 4130 1199 4210 magnitudo,
1222 4128 1377 4192 industria
1399 4135 1431 4193 et
1446 4132 1608 4193 contentio

387 4232 540 4295 honorum
563 4233 666 4296 nimiis
689 4232 835 4296 laudibus
857 4233 1024 4308 tolluntur,
1048 4233 1182 4312 denique
1204 4234 1324 4311 quanta
1347 4233 1429 4314 apud
1456 4251 1529 4296 suos
1552 4233 1609 4296 tio-

386 4334 484 4397 ruerit
507 4335 691 4398 auctoritate
714 4335 912 4417 praedicatur
941 4339 1035 4417 atque
1064 4337 1101 4398 ad
1129 4335 1260 4398 verbum
1286 4335 1448 4418 praeclara
1478 4337 1531 4398 illa
1555 4336 1609 4398 de-

385 4437 484 4500 fensio
504 4437 652 4515 redditur,
670 4457 765 4520 quam
779 4439 860 4520 apud
878 4437 913 4516 Q.
928 4437 1058 4502 Varium
1080 4443 1205 4502 auctore
1221 4437 1257 4516 Q,
1269 4438 1422 4520 Caepione
1439 4443 1607 4502 aecusatus

385 4540 504 4603 babuit.
534 4541 665 4623 Propter
676 4541 759 4603 huuc
776 4541 878 4623 ipsum
896 4542 1080 4605 narrationis
1097 4542 1229 4605 colorem
1246 4542 1398 4604 Asconius
1415 4541 1453 4604 ab
1477 4561 1514 4604 ea
1529 4542 1606 4604 mihi
