<?xml version="1.0" encoding="UTF-8"?>
<!DOCTYPE html PUBLIC "-//W3C//DTD XHTML 1.0 Transitional//EN"
    "http://www.w3.org/TR/xhtml1/DTD/xhtml1-transitional.dtd">
<html xmlns="http://www.w3.org/1999/xhtml" xml:lang="en" lang="en">
 <head>
  <title>
</title>
<meta http-equiv="Content-Type" content="text/html;charset=utf-8" />
  <meta name='ocr-system' content='tesseract 3.04.00' />
  <meta name='ocr-capabilities' content='ocr_page ocr_carea ocr_par ocr_line ocrx_word'/>
</head>
<body>
  <div class='ocr_page' id='page_1' title='image "./destoicorumstud00strigoog_0283.png"; bbox 0 0 3634 5240; ppageno 0'>
   <div class='ocr_carea' id='block_1_1' title="bbox 933 284 974 345">
    <p class='ocr_par' dir='ltr' id='par_1_1' title="bbox 933 284 974 345">
     <span class='ocr_line' id='line_1_1' title="bbox 933 284 974 345; baseline 0 0"><span class='ocrx_word' id='word_1_1' title='bbox 933 284 974 345; x_wconf 99' lang='grc'>94</span> 
     </span>
    </p>
   </div>
   <div class='ocr_carea' id='block_1_2' title="bbox 845 369 1053 378">
    <p class='ocr_par' dir='ltr' id='par_1_2' title="bbox 845 369 1053 378">
     <span class='ocr_line' id='line_1_2' title="bbox 845 369 1053 378; baseline 0.005 -1"><span class='ocrx_word' id='word_1_2' title='bbox 845 369 1053 378; x_wconf 52' lang='lat'>*—</span> 
     </span>
    </p>
   </div>
   <div class='ocr_carea' id='block_1_3' title="bbox 337 502 1561 1825">
    <p class='ocr_par' dir='ltr' id='par_1_3' title="bbox 337 502 1561 1825">
     <span class='ocr_line' id='line_1_3' title="bbox 338 502 1559 586; baseline -0.003 -18"><span class='ocrx_word' id='word_1_3' title='bbox 338 506 584 569; x_wconf 88' lang='lat' dir='ltr'>narrationibus:</span> <span class='ocrx_word' id='word_1_4' title='bbox 609 507 657 569; x_wconf 87' lang='lat' dir='ltr'>est</span> <span class='ocrx_word' id='word_1_5' title='bbox 682 505 764 568; x_wconf 90' lang='lat' dir='ltr'>enim</span> <span class='ocrx_word' id='word_1_6' title='bbox 788 507 820 568; x_wconf 89' lang='lat' dir='ltr'>et</span> <span class='ocrx_word' id='word_1_7' title='bbox 842 505 996 586; x_wconf 89' lang='lat' dir='ltr'>agitatum</span> <span class='ocrx_word' id='word_1_8' title='bbox 1019 507 1051 568; x_wconf 88' lang='lat' dir='ltr'>et</span> <span class='ocrx_word' id='word_1_9' title='bbox 1065 503 1219 568; x_wconf 82' lang='lat' dir='ltr'>volubile“</span> <span class='ocrx_word' id='word_1_10' title='bbox 1232 505 1272 578; x_wconf 84' lang='grc'>1);</span> <span class='ocrx_word' id='word_1_11' title='bbox 1297 502 1374 566; x_wconf 87' lang='lat' dir='ltr'>llar.</span> <span class='ocrx_word' id='word_1_12' title='bbox 1388 503 1470 565; x_wconf 92' lang='lat' dir='ltr'>Plot.</span> <span class='ocrx_word' id='word_1_13' title='bbox 1487 503 1559 576; x_wconf 84' lang='lat'>498,</span> 
     </span>
     <span class='ocr_line' id='line_1_4' title="bbox 340 606 1559 690; baseline -0.002 -21"><span class='ocrx_word' id='word_1_14' title='bbox 340 609 379 670; x_wconf 88' lang='grc'>13</span> <span class='ocrx_word' id='word_1_15' title='bbox 403 607 448 670; x_wconf 87' lang='lat' dir='ltr'>K:</span> <span class='ocrx_word' id='word_1_16' title='bbox 478 608 663 683; x_wconf 82' lang='lat' dir='ltr'>„trochaeus</span> <span class='ocrx_word' id='word_1_17' title='bbox 681 656 687 670; x_wconf 93' lang='lat'><strong>.</strong></span> <span class='ocrx_word' id='word_1_18' title='bbox 704 657 711 669; x_wconf 91' lang='lat'><strong>.</strong></span> <span class='ocrx_word' id='word_1_19' title='bbox 729 655 735 669; x_wconf 95' lang='lat'><strong>.</strong></span> <span class='ocrx_word' id='word_1_20' title='bbox 752 655 760 670; x_wconf 90' lang='lat'><strong>.</strong></span> <span class='ocrx_word' id='word_1_21' title='bbox 776 606 877 670; x_wconf 89' lang='lat' dir='ltr'>dictus</span> <span class='ocrx_word' id='word_1_22' title='bbox 901 606 1095 690; x_wconf 87' lang='lat' dir='ltr'>[trochaeus]</span> <span class='ocrx_word' id='word_1_23' title='bbox 1120 624 1139 669; x_wconf 90' lang='lat' dir='ltr'>a</span> <span class='ocrx_word' id='word_1_24' title='bbox 1160 606 1324 670; x_wconf 83' lang='lat' dir='ltr'>velocitate</span> <span class='ocrx_word' id='word_1_25' title='bbox 1346 609 1440 680; x_wconf 85' lang='lat' dir='ltr'>rotae,</span> <span class='ocrx_word' id='word_1_26' title='bbox 1464 623 1559 686; x_wconf 89' lang='lat' dir='ltr'>quam</span> 
     </span>
     <span class='ocr_line' id='line_1_5' title="bbox 339 705 1559 792; baseline -0.003 -19"><span class='ocrx_word' id='word_1_27' title='bbox 339 711 394 774; x_wconf 86' lang='lat' dir='ltr'>srio</span> <span class='ocrx_word' id='word_1_28' title='bbox 418 728 493 774; x_wconf 91' lang='lat' dir='ltr'>sono</span> <span class='ocrx_word' id='word_1_29' title='bbox 521 711 673 787; x_wconf 82' lang='lat' dir='ltr'><strong>imitatur,</strong></span> <span class='ocrx_word' id='word_1_30' title='bbox 696 728 777 792; x_wconf 86' lang='lat' dir='ltr'>quae</span> <span class='ocrx_word' id='word_1_31' title='bbox 800 727 910 791; x_wconf 81' lang='lat' dir='ltr'>graece</span> <span class='ocrx_word' id='word_1_32' title='bbox 932 705 1046 792; x_wconf 87' lang='grc' dir='ltr'><strong><em>τροχός</em></strong></span> <span class='ocrx_word' id='word_1_33' title='bbox 1066 711 1298 792; x_wconf 71' lang='lat' dir='ltr'>nuncupatur‘3</span> <span class='ocrx_word' id='word_1_34' title='bbox 1332 707 1417 771; x_wconf 87' lang='lat' dir='ltr'>hlall.</span> <span class='ocrx_word' id='word_1_35' title='bbox 1444 706 1559 770; x_wconf 86' lang='lat' dir='ltr'>Theod.</span> 
     </span>
     <span class='ocr_line' id='line_1_6' title="bbox 338 809 1560 896; baseline -0.002 -22"><span class='ocrx_word' id='word_1_36' title='bbox 338 833 367 896; x_wconf 88' lang='lat' dir='ltr'>p.</span> <span class='ocrx_word' id='word_1_37' title='bbox 393 814 463 890; x_wconf 89' lang='grc'>595,</span> <span class='ocrx_word' id='word_1_38' title='bbox 486 815 505 876; x_wconf 88' lang='lat'><strong>3</strong></span> <span class='ocrx_word' id='word_1_39' title='bbox 528 813 573 876; x_wconf 89' lang='lat' dir='ltr'>K:</span> <span class='ocrx_word' id='word_1_40' title='bbox 612 812 825 888; x_wconf 84' lang='lat' dir='ltr'>„trochaicum</span> <span class='ocrx_word' id='word_1_41' title='bbox 847 861 854 874; x_wconf 94' lang='lat'><strong>.</strong></span> <span class='ocrx_word' id='word_1_42' title='bbox 877 860 885 875; x_wconf 90' lang='lat'><strong>.</strong></span> <span class='ocrx_word' id='word_1_43' title='bbox 908 860 915 874; x_wconf 93' lang='lat'><strong>.</strong></span> <span class='ocrx_word' id='word_1_44' title='bbox 937 816 1074 875; x_wconf 88' lang='lat' dir='ltr'>metrum</span> <span class='ocrx_word' id='word_1_45' title='bbox 1098 831 1116 875; x_wconf 91' lang='lat' dir='ltr'>a</span> <span class='ocrx_word' id='word_1_46' title='bbox 1137 812 1236 895; x_wconf 89' lang='lat' dir='ltr'>poetis</span> <span class='ocrx_word' id='word_1_47' title='bbox 1259 811 1378 892; x_wconf 87' lang='lat' dir='ltr'>graecis</span> <span class='ocrx_word' id='word_1_48' title='bbox 1401 812 1434 874; x_wconf 89' lang='lat' dir='ltr'>et</span> <span class='ocrx_word' id='word_1_49' title='bbox 1456 809 1560 872; x_wconf 88' lang='lat' dir='ltr'>latinis</span> 
     </span>
     <span class='ocr_line' id='line_1_7' title="bbox 339 911 1560 998; baseline -0.002 -20"><span class='ocrx_word' id='word_1_50' title='bbox 339 915 556 997; x_wconf 73' lang='lat' dir='ltr'>frequentatur</span> <span class='ocrx_word' id='word_1_51' title='bbox 589 915 757 998; x_wconf 88' lang='lat' dir='ltr'>[ponitur]‚</span> <span class='ocrx_word' id='word_1_52' title='bbox 796 915 878 997; x_wconf 87' lang='lat' dir='ltr'>quod</span> <span class='ocrx_word' id='word_1_53' title='bbox 912 914 1008 979; x_wconf 91' lang='lat' dir='ltr'>etiam</span> <span class='ocrx_word' id='word_1_54' title='bbox 1041 915 1125 978; x_wconf 90' lang='lat' dir='ltr'>solus</span> <span class='ocrx_word' id='word_1_55' title='bbox 1159 914 1325 977; x_wconf 89' lang='lat' dir='ltr'>trochaeus</span> <span class='ocrx_word' id='word_1_56' title='bbox 1359 914 1405 976; x_wconf 86' lang='lat' dir='ltr'>ita</span> <span class='ocrx_word' id='word_1_57' title='bbox 1437 911 1560 976; x_wconf 86' lang='lat' dir='ltr'>efficere</span> 
     </span>
     <span class='ocr_line' id='line_1_8' title="bbox 337 1015 1559 1101; baseline -0.004 -20"><span class='ocrx_word' id='word_1_58' title='bbox 337 1021 452 1101; x_wconf 91' lang='lat' dir='ltr'>potest,</span> <span class='ocrx_word' id='word_1_59' title='bbox 479 1022 515 1082; x_wconf 90' lang='lat' dir='ltr'>ut</span> <span class='ocrx_word' id='word_1_60' title='bbox 538 1019 632 1082; x_wconf 91' lang='lat' dir='ltr'>citato</span> <span class='ocrx_word' id='word_1_61' title='bbox 656 1020 688 1081; x_wconf 92' lang='lat' dir='ltr'>et</span> <span class='ocrx_word' id='word_1_62' title='bbox 709 1019 831 1082; x_wconf 90' lang='lat' dir='ltr'>minuto</span> <span class='ocrx_word' id='word_1_63' title='bbox 855 1018 990 1100; x_wconf 87' lang='lat' dir='ltr'>quodam</span> <span class='ocrx_word' id='word_1_64' title='bbox 1014 1037 1108 1082; x_wconf 91' lang='lat' dir='ltr'>cursu</span> <span class='ocrx_word' id='word_1_65' title='bbox 1130 1017 1285 1090; x_wconf 72' lang='lat' dir='ltr'>feratur‘3</span> <span class='ocrx_word' id='word_1_66' title='bbox 1307 1015 1419 1078; x_wconf 80' lang='lat' dir='ltr'><strong>Audax</strong></span> <span class='ocrx_word' id='word_1_67' title='bbox 1440 1035 1470 1098; x_wconf 89' lang='lat' dir='ltr'>p.</span> <span class='ocrx_word' id='word_1_68' title='bbox 1488 1015 1559 1088; x_wconf 87' lang='grc'>334,</span> 
     </span>
     <span class='ocr_line' id='line_1_9' title="bbox 340 1118 1559 1203; baseline -0.002 -21"><span class='ocrx_word' id='word_1_69' title='bbox 340 1122 379 1183; x_wconf 90' lang='grc'>12</span> <span class='ocrx_word' id='word_1_70' title='bbox 402 1122 449 1184; x_wconf 88' lang='grc' dir='ltr'>Κ;</span> <span class='ocrx_word' id='word_1_71' title='bbox 485 1122 681 1198; x_wconf 75' lang='lat' dir='ltr'>„Troohaeus</span> <span class='ocrx_word' id='word_1_72' title='bbox 709 1120 792 1185; x_wconf 88' lang='lat' dir='ltr'>unde</span> <span class='ocrx_word' id='word_1_73' title='bbox 821 1121 945 1185; x_wconf 81' lang='lat' dir='ltr'>dictus?</span> <span class='ocrx_word' id='word_1_74' title='bbox 984 1120 1115 1203; x_wconf 78' lang='lat' dir='ltr'>Propter</span> <span class='ocrx_word' id='word_1_75' title='bbox 1142 1139 1270 1184; x_wconf 87' lang='lat' dir='ltr'>cursum</span> <span class='ocrx_word' id='word_1_76' title='bbox 1304 1121 1335 1183; x_wconf 91' lang='lat' dir='ltr'>et</span> <span class='ocrx_word' id='word_1_77' title='bbox 1366 1118 1559 1182; x_wconf 73' lang='lat' dir='ltr'>celeritatem</span> 
     </span>
     <span class='ocr_line' id='line_1_10' title="bbox 339 1220 1485 1304; baseline -0.004 -17"><span class='ocrx_word' id='word_1_78' title='bbox 339 1243 447 1288; x_wconf 88' lang='lat' dir='ltr'>suurn:</span> <span class='ocrx_word' id='word_1_79' title='bbox 470 1226 608 1288; x_wconf 89' lang='lat' dir='ltr'>metmm</span> <span class='ocrx_word' id='word_1_80' title='bbox 631 1225 714 1287; x_wconf 91' lang='lat' dir='ltr'>enim</span> <span class='ocrx_word' id='word_1_81' title='bbox 737 1225 796 1288; x_wconf 90' lang='lat' dir='ltr'>hoo</span> <span class='ocrx_word' id='word_1_82' title='bbox 818 1225 922 1300; x_wconf 83' lang='lat' dir='ltr'>currit</span> <span class='ocrx_word' id='word_1_83' title='bbox 946 1243 1017 1287; x_wconf 91' lang='lat' dir='ltr'>oum</span> <span class='ocrx_word' id='word_1_84' title='bbox 1041 1225 1135 1304; x_wconf 86' lang='lat' dir='ltr'>longa</span> <span class='ocrx_word' id='word_1_85' title='bbox 1158 1242 1176 1287; x_wconf 90' lang='lat' dir='ltr'>a</span> <span class='ocrx_word' id='word_1_86' title='bbox 1198 1224 1283 1287; x_wconf 82' lang='lat' dir='ltr'>brevi</span> <span class='ocrx_word' id='word_1_87' title='bbox 1306 1220 1485 1303; x_wconf 83' lang='lat' dir='ltr'>excipitur.“</span> 
     </span>
     <span class='ocr_line' id='line_1_11' title="bbox 424 1325 1561 1411; baseline -0.004 -21"><span class='ocrx_word' id='word_1_88' title='bbox 424 1327 554 1411; x_wconf 85' lang='lat' dir='ltr'>Propter</span> <span class='ocrx_word' id='word_1_89' title='bbox 582 1327 774 1391; x_wconf 81' lang='lat' dir='ltr'>celeritatem</span> <span class='ocrx_word' id='word_1_90' title='bbox 801 1329 833 1390; x_wconf 90' lang='lat' dir='ltr'>et</span> <span class='ocrx_word' id='word_1_91' title='bbox 861 1327 1011 1390; x_wconf 87' lang='lat' dir='ltr'>sermonis</span> <span class='ocrx_word' id='word_1_92' title='bbox 1042 1327 1194 1408; x_wconf 88' lang='lat' dir='ltr'>pedestris</span> <span class='ocrx_word' id='word_1_93' title='bbox 1223 1325 1459 1390; x_wconf 90' lang='lat' dir='ltr'>similitudinem</span> <span class='ocrx_word' id='word_1_94' title='bbox 1487 1343 1561 1388; x_wconf 92' lang='lat' dir='ltr'>cou-</span> 
     </span>
     <span class='ocr_line' id='line_1_12' title="bbox 338 1426 1561 1515; baseline -0.006 -20"><span class='ocrx_word' id='word_1_95' title='bbox 338 1431 468 1495; x_wconf 88' lang='lat' dir='ltr'>veninnt</span> <span class='ocrx_word' id='word_1_96' title='bbox 490 1431 626 1495; x_wconf 82' lang='lat' dir='ltr'>trochaei</span> <span class='ocrx_word' id='word_1_97' title='bbox 654 1426 821 1515; x_wconf 71' lang='grc' dir='ltr'><strong><em>γοργότχτι</em></strong></span> <span class='ocrx_word' id='word_1_98' title='bbox 844 1432 926 1493; x_wconf 89' lang='lat' dir='ltr'>teste</span> <span class='ocrx_word' id='word_1_99' title='bbox 961 1452 979 1486; x_wconf 71' lang='lat' dir='ltr'>a</span> <span class='ocrx_word' id='word_1_100' title='bbox 1003 1429 1200 1510; x_wconf 86' lang='lat' dir='ltr'>Hermogene</span> <span class='ocrx_word' id='word_1_101' title='bbox 1234 1449 1262 1512; x_wconf 90' lang='lat' dir='ltr'>p.</span> <span class='ocrx_word' id='word_1_102' title='bbox 1287 1429 1359 1504; x_wconf 93' lang='grc'>302,</span> <span class='ocrx_word' id='word_1_103' title='bbox 1384 1429 1423 1492; x_wconf 98' lang='grc'>18</span> <span class='ocrx_word' id='word_1_104' title='bbox 1446 1427 1485 1488; x_wconf 88' lang='lat' dir='ltr'>W</span> <span class='ocrx_word' id='word_1_105' title='bbox 1518 1453 1561 1480; x_wconf 89' lang='lat'><strong><em>=</em></strong></span> 
     </span>
     <span class='ocr_line' id='line_1_13' title="bbox 340 1525 1560 1618; baseline -0.004 -21"><span class='ocrx_word' id='word_1_106' title='bbox 340 1536 412 1612; x_wconf 87' lang='grc'>349,</span> <span class='ocrx_word' id='word_1_107' title='bbox 435 1537 455 1596; x_wconf 89' lang='lat'><em>8</em></span> <span class='ocrx_word' id='word_1_108' title='bbox 478 1534 547 1616; x_wconf 80' lang='lat' dir='ltr'>sp:</span> <span class='ocrx_word' id='word_1_109' title='bbox 571 1527 760 1611; x_wconf 67' lang='grc' dir='ltr'><strong><em>πλεονάζειν</em></strong></span> <span class='ocrx_word' id='word_1_110' title='bbox 862 1529 992 1607; x_wconf 89' lang='grc' dir='ltr'><strong><em>πάντως</em></strong></span> <span class='ocrx_word' id='word_1_111' title='bbox 1014 1527 1157 1595; x_wconf 77' lang='grc' dir='ltr'><strong><em>ἐνταῦθα</em></strong></span> <span class='ocrx_word' id='word_1_112' title='bbox 1181 1535 1237 1609; x_wconf 90' lang='lat' dir='ltr'>(so.</span> <span class='ocrx_word' id='word_1_113' title='bbox 1261 1527 1294 1594; x_wconf 79' lang='grc' dir='ltr'>έν</span> <span class='ocrx_word' id='word_1_114' title='bbox 1315 1533 1354 1618; x_wconf 75' lang='grc' dir='ltr'><strong><em>τῇ</em></strong></span> <span class='ocrx_word' id='word_1_115' title='bbox 1377 1525 1560 1616; x_wconf 73' lang='grc' dir='ltr'><strong><em>γοργότιγτι)</em></strong></span> 
     </span>
     <span class='ocr_line' id='line_1_14' title="bbox 339 1625 1561 1721; baseline -0.004 -21"><span class='ocrx_word' id='word_1_116' title='bbox 339 1629 413 1715; x_wconf 85' lang='grc' dir='ltr'><strong><em>τοὺς</em></strong></span> <span class='ocrx_word' id='word_1_117' title='bbox 433 1631 600 1721; x_wconf 86' lang='grc' dir='ltr'><strong><em>τροχαίους</em></strong></span> <span class='ocrx_word' id='word_1_118' title='bbox 626 1631 680 1698; x_wconf 88' lang='grc' dir='ltr'>καὶ</span> <span class='ocrx_word' id='word_1_119' title='bbox 702 1625 761 1711; x_wconf 82' lang='grc' dir='ltr'>τὰς</span> <span class='ocrx_word' id='word_1_120' title='bbox 782 1625 955 1718; x_wconf 64' lang='grc' dir='ltr'><strong><em>τροχαὶὶιάς</em></strong></span> <span class='ocrx_word' id='word_1_121' title='bbox 983 1629 1136 1719; x_wconf 73' lang='grc' dir='ltr'><strong><em>συζυγίας</em></strong></span> <span class='ocrx_word' id='word_1_122' title='bbox 1163 1630 1329 1721; x_wconf 84' lang='grc' dir='ltr'><strong><em>προσήκει.</em></strong></span> <span class='ocrx_word' id='word_1_123' title='bbox 1366 1631 1421 1697; x_wconf 81' lang='grc' dir='ltr'>καί</span> <span class='ocrx_word' id='word_1_124' title='bbox 1447 1628 1561 1696; x_wconf 79' lang='grc' dir='ltr'><strong><em>τούτου</em></strong></span> 
     </span>
     <span class='ocr_line' id='line_1_15' title="bbox 339 1727 1560 1825; baseline -0.004 -21"><span class='ocrx_word' id='word_1_125' title='bbox 339 1762 375 1825; x_wconf 90' lang='grc' dir='ltr'>γε</span> <span class='ocrx_word' id='word_1_126' title='bbox 397 1735 553 1825; x_wconf 83' lang='grc' dir='ltr'><strong><em>τεκμήρια</em></strong></span> <span class='ocrx_word' id='word_1_127' title='bbox 575 1733 687 1822; x_wconf 73' lang='grc' dir='ltr'><strong><em>ἐναργῆ</em></strong></span> <span class='ocrx_word' id='word_1_128' title='bbox 716 1728 824 1801; x_wconf 60' lang='lat' dir='ltr'>nol-lai</span> <span class='ocrx_word' id='word_1_129' title='bbox 846 1732 882 1799; x_wconf 81' lang='grc' dir='ltr'>ἐκ</span> <span class='ocrx_word' id='word_1_130' title='bbox 903 1740 961 1822; x_wconf 83' lang='grc' dir='ltr'>τῆς</span> <span class='ocrx_word' id='word_1_131' title='bbox 983 1731 1181 1822; x_wconf 73' lang='grc' dir='ltr'>τραγῳδίας,</span> <span class='ocrx_word' id='word_1_132' title='bbox 1216 1731 1298 1801; x_wconf 78' lang='grc' dir='ltr'><strong><em>ἔνθα</em></strong></span> <span class='ocrx_word' id='word_1_133' title='bbox 1320 1731 1516 1821; x_wconf 73' lang='grc' dir='ltr'><strong><em>ἐπείγεσθαι</em></strong></span> <span class='ocrx_word' id='word_1_134' title='bbox 1542 1727 1560 1799; x_wconf 88' lang='grc' dir='ltr'>ὁ</span> 
     </span>
    </p>
   </div>
   <div class='ocr_carea' id='block_1_4' title="bbox 339 1830 1623 1936">
    <p class='ocr_par' dir='ltr' id='par_1_4' title="bbox 339 1830 1623 1936">
     <span class='ocr_line' id='line_1_16' title="bbox 339 1830 1623 1936; baseline -0.005 -30"><span class='ocrx_word' id='word_1_135' title='bbox 339 1838 438 1928; x_wconf 75' lang='grc' dir='ltr'><strong><em>ίέγτον</em></strong></span> <span class='ocrx_word' id='word_1_136' title='bbox 460 1840 557 1919; x_wconf 86' lang='grc' dir='ltr'><strong><em>δοκεῖ,</em></strong></span> <span class='ocrx_word' id='word_1_137' title='bbox 582 1841 761 1926; x_wconf 84' lang='grc' dir='ltr'><strong><em>τροχαϊκῶς</em></strong></span> <span class='ocrx_word' id='word_1_138' title='bbox 784 1837 982 1904; x_wconf 74' lang='grc' dir='ltr'><strong><em>συντεθέντα</em></strong></span> <span class='ocrx_word' id='word_1_139' title='bbox 1004 1837 1058 1904; x_wconf 85' lang='grc' dir='ltr'>καί</span> <span class='ocrx_word' id='word_1_140' title='bbox 1082 1832 1174 1926; x_wconf 81' lang='grc' dir='ltr'><strong><em>παρὰ</em></strong></span> <span class='ocrx_word' id='word_1_141' title='bbox 1195 1843 1241 1926; x_wconf 75' lang='grc' dir='ltr'><strong><em>τῷ</em></strong></span> <span class='ocrx_word' id='word_1_142' title='bbox 1266 1836 1455 1924; x_wconf 79' lang='grc' dir='ltr'><strong><em>Μενάνδρῳ.</em></strong></span> <span class='ocrx_word' id='word_1_143' title='bbox 1483 1830 1561 1901; x_wconf 82' lang='grc' dir='ltr'>όδέ</span> <span class='ocrx_word' id='word_1_144' title='bbox 1620 1927 1623 1936; x_wconf 24' lang='lat' dir='ltr'>y</span> 
     </span>
    </p>
   </div>
   <div class='ocr_carea' id='block_1_5' title="bbox 338 1931 1561 2030">
    <p class='ocr_par' dir='ltr' id='par_1_5' title="bbox 338 1931 1561 2030">
     <span class='ocr_line' id='line_1_17' title="bbox 338 1931 1561 2030; baseline -0.004 -20"><span class='ocrx_word' id='word_1_145' title='bbox 338 1936 520 2030; x_wconf 75' lang='grc' dir='ltr'><strong><em>Ἀρχίλοχος</em></strong></span> <span class='ocrx_word' id='word_1_146' title='bbox 545 1933 624 2006; x_wconf 87' lang='grc' dir='ltr'><strong><em>αίτδ</em></strong></span> <span class='ocrx_word' id='word_1_147' title='bbox 651 1940 705 2006; x_wconf 87' lang='grc' dir='ltr'>καί</span> <span class='ocrx_word' id='word_1_148' title='bbox 735 1938 935 2028; x_wconf 83' lang='grc' dir='ltr'><strong><em>σαφέστερον</em></strong></span> <span class='ocrx_word' id='word_1_149' title='bbox 963 1939 1098 2030; x_wconf 77' lang='grc' dir='ltr'><strong><em>ἐποίησε</em></strong></span> <span class='ocrx_word' id='word_1_150' title='bbox 1124 1941 1179 2007; x_wconf 88' lang='grc' dir='ltr'>καὶ</span> <span class='ocrx_word' id='word_1_151' title='bbox 1206 1938 1401 2028; x_wconf 82' lang='grc' dir='ltr'><strong><em>γοργότερον·</em></strong></span> <span class='ocrx_word' id='word_1_152' title='bbox 1437 1935 1468 2006; x_wconf 80' lang='grc' dir='ltr'>οἱ</span> <span class='ocrx_word' id='word_1_153' title='bbox 1502 1931 1561 2025; x_wconf 84' lang='grc' dir='ltr'>γὰρ</span> 
     </span>
    </p>
   </div>
   <div class='ocr_carea' id='block_1_6' title="bbox 340 2036 1589 2132">
    <p class='ocr_par' dir='ltr' id='par_1_6' title="bbox 340 2036 1589 2132">
     <span class='ocr_line' id='line_1_18' title="bbox 340 2036 1589 2132; baseline -0.004 -20"><span class='ocrx_word' id='word_1_154' title='bbox 340 2043 545 2132; x_wconf 75' lang='grc' dir='ltr'><strong><em>τετράμετρα</em></strong></span> <span class='ocrx_word' id='word_1_155' title='bbox 568 2036 656 2131; x_wconf 75' lang='grc' dir='ltr'><strong><em>αίτῷ</em></strong></span> <span class='ocrx_word' id='word_1_156' title='bbox 680 2037 736 2109; x_wconf 84' lang='grc' dir='ltr'>διὰ</span> <span class='ocrx_word' id='word_1_157' title='bbox 757 2038 842 2110; x_wconf 76' lang='grc' dir='ltr'><strong><em>τρίτ’</em></strong></span> <span class='ocrx_word' id='word_1_158' title='bbox 867 2037 1036 2128; x_wconf 74' lang='grc' dir='ltr'><strong><em>οἶμαικαὶ</em></strong></span> <span class='ocrx_word' id='word_1_159' title='bbox 1059 2043 1243 2132; x_wconf 87' lang='grc' dir='ltr'><strong><em>γοργότεροι</em></strong></span> <span class='ocrx_word' id='word_1_160' title='bbox 1264 2043 1319 2110; x_wconf 85' lang='grc' dir='ltr'>καί</span> <span class='ocrx_word' id='word_1_161' title='bbox 1342 2041 1560 2131; x_wconf 79' lang='grc' dir='ltr'><strong><em>λογοειδέστε·</em></strong></span> <span class='ocrx_word' id='word_1_162' title='bbox 1583 2062 1589 2076; x_wconf 93' lang='grc'><em>·</em></span> 
     </span>
    </p>
   </div>
   <div class='ocr_carea' id='block_1_7' title="bbox 337 2139 1563 3982">
    <p class='ocr_par' dir='ltr' id='par_1_7' title="bbox 337 2139 1562 3058">
     <span class='ocr_line' id='line_1_19' title="bbox 341 2139 1560 2236; baseline -0.001 -22"><span class='ocrx_word' id='word_1_163' title='bbox 341 2173 390 2236; x_wconf 92' lang='grc' dir='ltr'>ροι</span> <span class='ocrx_word' id='word_1_164' title='bbox 412 2153 478 2214; x_wconf 81' lang='grc' dir='ltr'><strong><em>τῶν</em></strong></span> <span class='ocrx_word' id='word_1_165' title='bbox 502 2139 607 2212; x_wconf 81' lang='grc' dir='ltr'><strong><em>άλλων</em></strong></span> <span class='ocrx_word' id='word_1_166' title='bbox 636 2140 718 2213; x_wconf 75' lang='grc' dir='ltr'><strong><em>εἶναι</em></strong></span> <span class='ocrx_word' id='word_1_167' title='bbox 740 2147 882 2229; x_wconf 85' lang='grc' dir='ltr'><strong><em>δοκοῦσι,</em></strong></span> <span class='ocrx_word' id='word_1_168' title='bbox 917 2145 1003 2214; x_wconf 84' lang='grc' dir='ltr'><strong><em>διότι</em></strong></span> <span class='ocrx_word' id='word_1_169' title='bbox 1024 2151 1202 2232; x_wconf 83' lang='grc' dir='ltr'><strong><em>τροχαϊκῶς</em></strong></span> <span class='ocrx_word' id='word_1_170' title='bbox 1229 2145 1422 2234; x_wconf 84' lang='grc' dir='ltr'><strong><em>σίγκεινται·</em></strong></span> <span class='ocrx_word' id='word_1_171' title='bbox 1455 2148 1560 2234; x_wconf 79' lang='grc' dir='ltr'><strong><em>τρέχει</em></strong></span> 
     </span>
     <span class='ocr_line' id='line_1_20' title="bbox 339 2241 1561 2339; baseline 0 -22"><span class='ocrx_word' id='word_1_172' title='bbox 339 2249 400 2339; x_wconf 84' lang='grc' dir='ltr'>γὰρ</span> <span class='ocrx_word' id='word_1_173' title='bbox 427 2245 470 2329; x_wconf 79' lang='grc' dir='ltr'>τίς</span> <span class='ocrx_word' id='word_1_174' title='bbox 497 2241 596 2329; x_wconf 81' lang='grc' dir='ltr'><strong><em>όντως</em></strong></span> <span class='ocrx_word' id='word_1_175' title='bbox 625 2248 658 2314; x_wconf 80' lang='grc' dir='ltr'>ἐν</span> <span class='ocrx_word' id='word_1_176' title='bbox 683 2248 805 2328; x_wconf 78' lang='grc' dir='ltr'><strong><em>τούτοις</em></strong></span> <span class='ocrx_word' id='word_1_177' title='bbox 833 2244 851 2315; x_wconf 87' lang='grc' dir='ltr'>ὁ</span> <span class='ocrx_word' id='word_1_178' title='bbox 881 2248 1017 2334; x_wconf 85' lang='grc' dir='ltr'><strong><em>ῥυθμός.</em></strong></span> <span class='ocrx_word' id='word_1_179' title='bbox 1063 2257 1165 2334; x_wconf 86' lang='lat' dir='ltr'>Atque</span> <span class='ocrx_word' id='word_1_180' title='bbox 1188 2252 1321 2316; x_wconf 87' lang='lat' dir='ltr'>Ioannes</span> <span class='ocrx_word' id='word_1_181' title='bbox 1346 2253 1405 2316; x_wconf 83' lang='lat' dir='ltr'>sio.</span> <span class='ocrx_word' id='word_1_182' title='bbox 1429 2251 1561 2317; x_wconf 88' lang='lat' dir='ltr'>Hermo-</span> 
     </span>
     <span class='ocr_line' id='line_1_21' title="bbox 338 2345 1561 2440; baseline -0.002 -20"><span class='ocrx_word' id='word_1_183' title='bbox 338 2357 426 2439; x_wconf 82' lang='lat' dir='ltr'>genis</span> <span class='ocrx_word' id='word_1_184' title='bbox 460 2356 556 2419; x_wconf 85' lang='lat' dir='ltr'>verha</span> <span class='ocrx_word' id='word_1_185' title='bbox 587 2345 663 2440; x_wconf 71' lang='grc' dir='ltr'>μηδ</span> <span class='ocrx_word' id='word_1_186' title='bbox 695 2348 860 2439; x_wconf 75' lang='grc' dir='ltr'><strong><em>ἁρπασθῇ</em></strong></span> <span class='ocrx_word' id='word_1_187' title='bbox 892 2348 1059 2440; x_wconf 82' lang='grc' dir='ltr'><strong><em>δροθμός</em></strong></span> <span class='ocrx_word' id='word_1_188' title='bbox 1092 2351 1134 2439; x_wconf 86' lang='lat' dir='ltr'>(p.</span> <span class='ocrx_word' id='word_1_189' title='bbox 1157 2356 1230 2428; x_wconf 84' lang='lat'>231,</span> <span class='ocrx_word' id='word_1_190' title='bbox 1255 2356 1294 2417; x_wconf 95' lang='grc'>13</span> <span class='ocrx_word' id='word_1_191' title='bbox 1317 2355 1357 2416; x_wconf 90' lang='lat' dir='ltr'>W</span> <span class='ocrx_word' id='word_1_192' title='bbox 1379 2383 1422 2408; x_wconf 93' lang='lat'>=</span> <span class='ocrx_word' id='word_1_193' title='bbox 1445 2356 1561 2430; x_wconf 90' lang='grc'>296,4</span> 
     </span>
     <span class='ocr_line' id='line_1_22' title="bbox 339 2447 1562 2544; baseline -0.003 -20"><span class='ocrx_word' id='word_1_194' title='bbox 339 2461 401 2544; x_wconf 86' lang='lat' dir='ltr'>Sp,</span> <span class='ocrx_word' id='word_1_195' title='bbox 423 2477 564 2540; x_wconf 77' lang='lat' dir='ltr'>usupra</span> <span class='ocrx_word' id='word_1_196' title='bbox 585 2478 615 2540; x_wconf 87' lang='lat' dir='ltr'>p.</span> <span class='ocrx_word' id='word_1_197' title='bbox 634 2458 688 2538; x_wconf 79' lang='lat'>76)</span> <span class='ocrx_word' id='word_1_198' title='bbox 710 2459 755 2521; x_wconf 90' lang='lat' dir='ltr'>sic</span> <span class='ocrx_word' id='word_1_199' title='bbox 778 2459 911 2540; x_wconf 83' lang='lat' dir='ltr'>explicat</span> <span class='ocrx_word' id='word_1_200' title='bbox 933 2458 966 2540; x_wconf 67' lang='lat' dir='ltr'>(a</span> <span class='ocrx_word' id='word_1_201' title='bbox 991 2458 1035 2520; x_wconf 85' lang='lat' dir='ltr'>VI</span> <span class='ocrx_word' id='word_1_202' title='bbox 1058 2458 1129 2535; x_wconf 82' lang='lat'>246,</span> <span class='ocrx_word' id='word_1_203' title='bbox 1148 2459 1188 2521; x_wconf 91' lang='grc'>30</span> <span class='ocrx_word' id='word_1_204' title='bbox 1201 2458 1269 2538; x_wconf 73' lang='lat' dir='ltr'>Wl:</span> <span class='ocrx_word' id='word_1_205' title='bbox 1293 2453 1310 2522; x_wconf 89' lang='grc' dir='ltr'><strong><em>ό</em></strong></span> <span class='ocrx_word' id='word_1_206' title='bbox 1333 2447 1394 2543; x_wconf 87' lang='grc' dir='ltr'>γὰρ</span> <span class='ocrx_word' id='word_1_207' title='bbox 1415 2459 1562 2542; x_wconf 84' lang='grc' dir='ltr'><strong><em>τροχαῖος</em></strong></span> 
     </span>
     <span class='ocr_line' id='line_1_23' title="bbox 337 2551 1562 2648; baseline -0.002 -22"><span class='ocrx_word' id='word_1_208' title='bbox 337 2552 491 2648; x_wconf 79' lang='grc' dir='ltr'><strong><em>τροχαλὸς</em></strong></span> <span class='ocrx_word' id='word_1_209' title='bbox 518 2552 564 2624; x_wconf 77' lang='grc' dir='ltr'>ὢν</span> <span class='ocrx_word' id='word_1_210' title='bbox 585 2553 629 2637; x_wconf 80' lang='grc' dir='ltr'><strong><em>ὡς</em></strong></span> <span class='ocrx_word' id='word_1_211' title='bbox 655 2556 776 2646; x_wconf 79' lang='grc' dir='ltr'><strong><em>ῥόμβος</em></strong></span> <span class='ocrx_word' id='word_1_212' title='bbox 798 2553 938 2646; x_wconf 78' lang='grc' dir='ltr'><strong><em>ἁρπάζει</em></strong></span> <span class='ocrx_word' id='word_1_213' title='bbox 965 2556 1022 2625; x_wconf 90' lang='grc' dir='ltr'><strong><em>τδν</em></strong></span> <span class='ocrx_word' id='word_1_214' title='bbox 1050 2551 1177 2646; x_wconf 83' lang='grc' dir='ltr'><strong><em>ῥυθμὸν</em></strong></span> <span class='ocrx_word' id='word_1_215' title='bbox 1199 2551 1268 2624; x_wconf 86' lang='grc' dir='ltr'><strong><em>άπὸ</em></strong></span> <span class='ocrx_word' id='word_1_216' title='bbox 1294 2564 1350 2623; x_wconf 85' lang='grc' dir='ltr'><strong><em>τοῦ</em></strong></span> <span class='ocrx_word' id='word_1_217' title='bbox 1372 2562 1488 2642; x_wconf 79' lang='grc' dir='ltr'><strong><em>σεμνοῦ</em></strong></span> <span class='ocrx_word' id='word_1_218' title='bbox 1516 2554 1562 2636; x_wconf 88' lang='grc' dir='ltr'>είς</span> 
     </span>
     <span class='ocr_line' id='line_1_24' title="bbox 337 2661 1561 2751; baseline -0.003 -21"><span class='ocrx_word' id='word_1_219' title='bbox 337 2661 525 2751; x_wconf 77' lang='grc' dir='ltr'><strong><em>γοργότητα.</em></strong></span> <span class='ocrx_word' id='word_1_220' title='bbox 561 2662 704 2744; x_wconf 89' lang='lat' dir='ltr'>Denique</span> <span class='ocrx_word' id='word_1_221' title='bbox 726 2664 764 2727; x_wconf 89' lang='lat' dir='ltr'>ad</span> <span class='ocrx_word' id='word_1_222' title='bbox 786 2664 921 2727; x_wconf 90' lang='lat' dir='ltr'>eundem</span> <span class='ocrx_word' id='word_1_223' title='bbox 933 2663 1139 2746; x_wconf 88' lang='lat' dir='ltr'>Hermogenis</span> <span class='ocrx_word' id='word_1_224' title='bbox 1163 2665 1267 2728; x_wconf 91' lang='lat' dir='ltr'>locum</span> <span class='ocrx_word' id='word_1_225' title='bbox 1286 2664 1406 2727; x_wconf 88' lang='lat' dir='ltr'>addunt</span> <span class='ocrx_word' id='word_1_226' title='bbox 1423 2663 1561 2738; x_wconf 85' lang='lat' dir='ltr'>„scholia</span> 
     </span>
     <span class='ocr_line' id='line_1_25' title="bbox 338 2757 1561 2849; baseline -0.003 -18"><span class='ocrx_word' id='word_1_227' title='bbox 338 2769 477 2831; x_wconf 85' lang='lat' dir='ltr'>minora“</span> <span class='ocrx_word' id='word_1_228' title='bbox 513 2766 574 2829; x_wconf 86' lang='lat' dir='ltr'>VII</span> <span class='ocrx_word' id='word_1_229' title='bbox 604 2768 665 2829; x_wconf 89' lang='grc'>982</span> <span class='ocrx_word' id='word_1_230' title='bbox 700 2767 771 2830; x_wconf 87' lang='lat' dir='ltr'>adn.</span> <span class='ocrx_word' id='word_1_231' title='bbox 796 2768 836 2828; x_wconf 78' lang='lat'>78</span> <span class='ocrx_word' id='word_1_232' title='bbox 860 2765 915 2848; x_wconf 80' lang='lat' dir='ltr'>(z</span> <span class='ocrx_word' id='word_1_233' title='bbox 938 2766 1089 2848; x_wconf 85' lang='lat' dir='ltr'>Syrianus</span> <span class='ocrx_word' id='word_1_234' title='bbox 1112 2765 1157 2828; x_wconf 89' lang='lat' dir='ltr'>VI</span> <span class='ocrx_word' id='word_1_235' title='bbox 1180 2769 1250 2843; x_wconf 90' lang='grc'>212,</span> <span class='ocrx_word' id='word_1_236' title='bbox 1272 2768 1313 2828; x_wconf 92' lang='grc'>23</span> <span class='ocrx_word' id='word_1_237' title='bbox 1335 2766 1390 2849; x_wconf 89' lang='lat' dir='ltr'>W)</span> <span class='ocrx_word' id='word_1_238' title='bbox 1413 2767 1505 2830; x_wconf 87' lang='lat' dir='ltr'>haec:</span> <span class='ocrx_word' id='word_1_239' title='bbox 1543 2757 1561 2827; x_wconf 91' lang='grc' dir='ltr'><strong><em>ό</em></strong></span> 
     </span>
     <span class='ocr_line' id='line_1_26' title="bbox 339 2859 1561 2953; baseline -0.001 -20"><span class='ocrx_word' id='word_1_240' title='bbox 339 2872 488 2952; x_wconf 85' lang='grc' dir='ltr'><strong><em>τροχαῖος</em></strong></span> <span class='ocrx_word' id='word_1_241' title='bbox 518 2866 846 2951; x_wconf 85' lang='grc' dir='ltr'><strong><em>κατεσπουδασμένον</em></strong></span> <span class='ocrx_word' id='word_1_242' title='bbox 875 2863 1010 2952; x_wconf 79' lang='grc' dir='ltr'><strong><em>ἐποίησε</em></strong></span> <span class='ocrx_word' id='word_1_243' title='bbox 1031 2859 1087 2932; x_wconf 84' lang='grc' dir='ltr'><strong><em>τὸν</em></strong></span> <span class='ocrx_word' id='word_1_244' title='bbox 1109 2864 1201 2953; x_wconf 81' lang='grc' dir='ltr'><strong><em>λόγον</em></strong></span> <span class='ocrx_word' id='word_1_245' title='bbox 1223 2866 1276 2932; x_wconf 85' lang='grc' dir='ltr'>καί</span> <span class='ocrx_word' id='word_1_246' title='bbox 1301 2865 1474 2949; x_wconf 77' lang='grc' dir='ltr'><strong><em>ἐπετάχυνε</em></strong></span> <span class='ocrx_word' id='word_1_247' title='bbox 1507 2887 1561 2932; x_wconf 89' lang='grc' dir='ltr'>σε·</span> 
     </span>
     <span class='ocr_line' id='line_1_27' title="bbox 338 2968 862 3058; baseline -0.006 -21"><span class='ocrx_word' id='word_1_248' title='bbox 338 2975 426 3056; x_wconf 82' lang='grc' dir='ltr'><strong><em>μνῶς</em></strong></span> <span class='ocrx_word' id='word_1_249' title='bbox 447 2970 502 3036; x_wconf 84' lang='grc' dir='ltr'>καὶ</span> <span class='ocrx_word' id='word_1_250' title='bbox 526 2968 559 3035; x_wconf 79' lang='grc' dir='ltr'>ἐν</span> <span class='ocrx_word' id='word_1_251' title='bbox 580 2969 671 3052; x_wconf 83' lang='grc' dir='ltr'><strong><em>τάξει</em></strong></span> <span class='ocrx_word' id='word_1_252' title='bbox 694 2968 862 3058; x_wconf 82' lang='grc' dir='ltr'><strong><em>προϊόντα.</em></strong></span> 
     </span>
    </p>

    <p class='ocr_par' dir='ltr' id='par_1_8' title="bbox 338 3061 1563 3982">
     <span class='ocr_line' id='line_1_28' title="bbox 424 3061 1562 3158; baseline -0.003 -19"><span class='ocrx_word' id='word_1_253' title='bbox 424 3075 532 3140; x_wconf 84' lang='lat' dir='ltr'>Simile</span> <span class='ocrx_word' id='word_1_254' title='bbox 559 3061 642 3158; x_wconf 72' lang='grc' dir='ltr'><strong><em>ίγθος</em></strong></span> <span class='ocrx_word' id='word_1_255' title='bbox 671 3075 781 3139; x_wconf 90' lang='lat' dir='ltr'>tribuit</span> <span class='ocrx_word' id='word_1_256' title='bbox 807 3075 961 3139; x_wconf 86' lang='lat' dir='ltr'>trochaeis</span> <span class='ocrx_word' id='word_1_257' title='bbox 991 3078 1084 3157; x_wconf 87' lang='lat' dir='ltr'>atque</span> <span class='ocrx_word' id='word_1_258' title='bbox 1113 3075 1237 3149; x_wconf 87' lang='lat' dir='ltr'>ionicis,</span> <span class='ocrx_word' id='word_1_259' title='bbox 1271 3095 1343 3138; x_wconf 83' lang='lat' dir='ltr'>curn</span> <span class='ocrx_word' id='word_1_260' title='bbox 1370 3077 1402 3140; x_wconf 90' lang='lat' dir='ltr'>in</span> <span class='ocrx_word' id='word_1_261' title='bbox 1427 3073 1562 3138; x_wconf 84' lang='lat' dir='ltr'>sotadeis</span> 
     </span>
     <span class='ocr_line' id='line_1_29' title="bbox 339 3167 1561 3261; baseline -0.004 -18"><span class='ocrx_word' id='word_1_262' title='bbox 339 3167 484 3244; x_wconf 85' lang='lat' dir='ltr'>versibus</span> <span class='ocrx_word' id='word_1_263' title='bbox 500 3178 665 3242; x_wconf 85' lang='lat' dir='ltr'>trochaicis</span> <span class='ocrx_word' id='word_1_264' title='bbox 688 3196 811 3260; x_wconf 86' lang='lat' dir='ltr'>quoque</span> <span class='ocrx_word' id='word_1_265' title='bbox 828 3177 962 3261; x_wconf 82' lang='lat' dir='ltr'>syzygiis</span> <span class='ocrx_word' id='word_1_266' title='bbox 985 3179 1072 3242; x_wconf 91' lang='lat' dir='ltr'>loous</span> <span class='ocrx_word' id='word_1_267' title='bbox 1089 3179 1186 3255; x_wconf 91' lang='lat' dir='ltr'>detur,</span> <span class='ocrx_word' id='word_1_268' title='bbox 1210 3177 1426 3260; x_wconf 86' lang='lat' dir='ltr'>Hermogenes</span> <span class='ocrx_word' id='word_1_269' title='bbox 1441 3196 1471 3259; x_wconf 92' lang='lat' dir='ltr'>p.</span> <span class='ocrx_word' id='word_1_270' title='bbox 1489 3178 1561 3252; x_wconf 90' lang='grc'>229,</span> 
     </span>
     <span class='ocr_line' id='line_1_30' title="bbox 341 3275 1562 3364; baseline -0.002 -19"><span class='ocrx_word' id='word_1_271' title='bbox 341 3284 380 3345; x_wconf 88' lang='grc'>14</span> <span class='ocrx_word' id='word_1_272' title='bbox 402 3283 443 3344; x_wconf 90' lang='lat' dir='ltr'>W</span> <span class='ocrx_word' id='word_1_273' title='bbox 465 3310 507 3336; x_wconf 93' lang='lat'>=</span> <span class='ocrx_word' id='word_1_274' title='bbox 530 3282 602 3358; x_wconf 89' lang='grc'>294,</span> <span class='ocrx_word' id='word_1_275' title='bbox 626 3282 664 3343; x_wconf 89' lang='grc'>31</span> <span class='ocrx_word' id='word_1_276' title='bbox 690 3281 756 3363; x_wconf 81' lang='lat' dir='ltr'>sp:</span> <span class='ocrx_word' id='word_1_277' title='bbox 793 3277 961 3361; x_wconf 84' lang='grc' dir='ltr'><strong><em>τροχαίκαί</em></strong></span> <span class='ocrx_word' id='word_1_278' title='bbox 984 3329 991 3343; x_wconf 95' lang='grc'><strong>.</strong></span> <span class='ocrx_word' id='word_1_279' title='bbox 1014 3329 1021 3342; x_wconf 94' lang='grc'><strong>.</strong></span> <span class='ocrx_word' id='word_1_280' title='bbox 1045 3329 1051 3342; x_wconf 91' lang='grc'>.</span> <span class='ocrx_word' id='word_1_281' title='bbox 1074 3277 1130 3344; x_wconf 82' lang='grc' dir='ltr'>καὶ</span> <span class='ocrx_word' id='word_1_282' title='bbox 1152 3275 1278 3344; x_wconf 83' lang='grc' dir='ltr'><strong><em>ίαννικαί</em></strong></span> <span class='ocrx_word' id='word_1_283' title='bbox 1302 3283 1358 3363; x_wconf 83' lang='lat' dir='ltr'>(so.</span> <span class='ocrx_word' id='word_1_284' title='bbox 1384 3281 1562 3364; x_wconf 77' lang='grc' dir='ltr'><strong><em>συνθῆκαι)</em></strong></span> 
     </span>
     <span class='ocr_line' id='line_1_31' title="bbox 340 3377 1562 3469; baseline -0.002 -21"><span class='ocrx_word' id='word_1_285' title='bbox 340 3379 481 3448; x_wconf 75' lang='grc' dir='ltr'><strong><em>ἐναντίαι</em></strong></span> <span class='ocrx_word' id='word_1_286' title='bbox 520 3379 704 3469; x_wconf 76' lang='grc' dir='ltr'><strong><em>σεμνότητι.</em></strong></span> <span class='ocrx_word' id='word_1_287' title='bbox 740 3380 909 3467; x_wconf 76' lang='grc' dir='ltr'><strong><em>τεκμήριον</em></strong></span> <span class='ocrx_word' id='word_1_288' title='bbox 946 3381 983 3447; x_wconf 80' lang='grc' dir='ltr'>δὲ</span> <span class='ocrx_word' id='word_1_289' title='bbox 1021 3379 1133 3448; x_wconf 73' lang='grc' dir='ltr'><strong><em>τούτου</em></strong></span> <span class='ocrx_word' id='word_1_290' title='bbox 1167 3379 1348 3469; x_wconf 79' lang='grc' dir='ltr'><strong><em>πεποίηκεν</em></strong></span> <span class='ocrx_word' id='word_1_291' title='bbox 1382 3379 1511 3469; x_wconf 79' lang='grc' dir='ltr'><strong><em>ἐναργὲς</em></strong></span> <span class='ocrx_word' id='word_1_292' title='bbox 1544 3377 1562 3447; x_wconf 86' lang='grc' dir='ltr'><strong><em>δ</em></strong></span> 
     </span>
     <span class='ocr_line' id='line_1_32' title="bbox 339 3477 1563 3573; baseline -0.002 -23"><span class='ocrx_word' id='word_1_293' title='bbox 339 3481 539 3573; x_wconf 71' lang='grc' dir='ltr'><strong><em>διαφθείρας</em></strong></span> <span class='ocrx_word' id='word_1_294' title='bbox 562 3535 617 3550; x_wconf 93' lang='grc'>...</span> <span class='ocrx_word' id='word_1_295' title='bbox 641 3477 678 3550; x_wconf 84' lang='grc' dir='ltr'><strong><em>τὸ</em></strong></span> <span class='ocrx_word' id='word_1_296' title='bbox 702 3481 784 3564; x_wconf 78' lang='grc' dir='ltr'><strong><em>ἔπος</em></strong></span> <span class='ocrx_word' id='word_1_297' title='bbox 806 3487 861 3567; x_wconf 87' lang='lat' dir='ltr'>(sc.</span> <span class='ocrx_word' id='word_1_298' title='bbox 884 3482 1053 3571; x_wconf 75' lang='grc' dir='ltr'><strong><em>Σωτάδης)</em></strong></span> <span class='ocrx_word' id='word_1_299' title='bbox 1077 3535 1132 3549; x_wconf 94' lang='grc'>...</span> <span class='ocrx_word' id='word_1_300' title='bbox 1155 3485 1209 3550; x_wconf 86' lang='grc' dir='ltr'>καὶ</span> <span class='ocrx_word' id='word_1_301' title='bbox 1233 3477 1288 3550; x_wconf 83' lang='grc' dir='ltr'>διδ</span> <span class='ocrx_word' id='word_1_302' title='bbox 1309 3490 1367 3570; x_wconf 83' lang='grc' dir='ltr'>τῆς</span> <span class='ocrx_word' id='word_1_303' title='bbox 1389 3479 1563 3572; x_wconf 80' lang='grc' dir='ltr'><strong><em>έναλλαγῆς</em></strong></span> 
     </span>
     <span class='ocr_line' id='line_1_33' title="bbox 338 3580 1563 3674; baseline -0.002 -21"><span class='ocrx_word' id='word_1_304' title='bbox 338 3593 401 3653; x_wconf 89' lang='grc' dir='ltr'><strong><em>τῶν</em></strong></span> <span class='ocrx_word' id='word_1_305' title='bbox 422 3586 538 3670; x_wconf 80' lang='grc' dir='ltr'><strong><em>λέξεων</em></strong></span> <span class='ocrx_word' id='word_1_306' title='bbox 560 3581 630 3653; x_wconf 82' lang='grc' dir='ltr'><strong><em>άπὸ</em></strong></span> <span class='ocrx_word' id='word_1_307' title='bbox 652 3591 709 3652; x_wconf 72' lang='lat' dir='ltr'>coi·</span> <span class='ocrx_word' id='word_1_308' title='bbox 731 3587 920 3652; x_wconf 76' lang='grc' dir='ltr'><strong><em>δακτυλικοῦ</em></strong></span> <span class='ocrx_word' id='word_1_309' title='bbox 943 3585 1000 3652; x_wconf 79' lang='grc' dir='ltr'>ἐπὶ</span> <span class='ocrx_word' id='word_1_310' title='bbox 1024 3580 1062 3652; x_wconf 87' lang='grc' dir='ltr'><strong><em>τὸ</em></strong></span> <span class='ocrx_word' id='word_1_311' title='bbox 1077 3584 1204 3653; x_wconf 83' lang='grc' dir='ltr'><strong><em>ι’ωνικόν</em></strong></span> <span class='ocrx_word' id='word_1_312' title='bbox 1226 3611 1261 3652; x_wconf 92' lang='grc' dir='ltr'>τε</span> <span class='ocrx_word' id='word_1_313' title='bbox 1283 3587 1338 3653; x_wconf 87' lang='grc' dir='ltr'>καί</span> <span class='ocrx_word' id='word_1_314' title='bbox 1361 3581 1400 3654; x_wconf 85' lang='grc' dir='ltr'><strong><em>τὸ</em></strong></span> <span class='ocrx_word' id='word_1_315' title='bbox 1417 3586 1563 3674; x_wconf 78' lang='grc' dir='ltr'><strong><em>συγγενές</em></strong></span> 
     </span>
     <span class='ocr_line' id='line_1_34' title="bbox 338 3683 1562 3779; baseline -0.002 -24"><span class='ocrx_word' id='word_1_316' title='bbox 338 3695 385 3778; x_wconf 76' lang='grc' dir='ltr'><strong><em>τῷ</em></strong></span> <span class='ocrx_word' id='word_1_317' title='bbox 419 3686 539 3778; x_wconf 79' lang='grc' dir='ltr'><strong><em>ίωνικῷ</em></strong></span> <span class='ocrx_word' id='word_1_318' title='bbox 571 3683 743 3777; x_wconf 80' lang='grc' dir='ltr'><strong><em>τροχοίκὸν</em></strong></span> <span class='ocrx_word' id='word_1_319' title='bbox 776 3683 856 3756; x_wconf 86' lang='grc' dir='ltr'><strong><em>αίτὸ</em></strong></span> <span class='ocrx_word' id='word_1_320' title='bbox 889 3689 1109 3779; x_wconf 74' lang='grc' dir='ltr'><strong><em>μεθαρμόσας</em></strong></span> <span class='ocrx_word' id='word_1_321' title='bbox 1137 3741 1143 3754; x_wconf 94' lang='grc'>.</span> <span class='ocrx_word' id='word_1_322' title='bbox 1179 3741 1185 3754; x_wconf 97' lang='grc'>.</span> <span class='ocrx_word' id='word_1_323' title='bbox 1221 3740 1227 3754; x_wconf 92' lang='grc'>.</span> <span class='ocrx_word' id='word_1_324' title='bbox 1263 3687 1411 3777; x_wconf 77' lang='grc' dir='ltr'><strong><em>ἐκλάσθη</em></strong></span> <span class='ocrx_word' id='word_1_325' title='bbox 1444 3695 1512 3769; x_wconf 81' lang='grc' dir='ltr'><strong><em>πᾶς</em></strong></span> <span class='ocrx_word' id='word_1_326' title='bbox 1544 3683 1562 3753; x_wconf 90' lang='grc' dir='ltr'>ὁ</span> 
     </span>
     <span class='ocr_line' id='line_1_35' title="bbox 340 3786 1561 3880; baseline 0.001 -23"><span class='ocrx_word' id='word_1_327' title='bbox 340 3786 467 3880; x_wconf 81' lang='grc' dir='ltr'><strong><em>ῥυθμὸς</em></strong></span> <span class='ocrx_word' id='word_1_328' title='bbox 492 3794 645 3876; x_wconf 79' lang='grc' dir='ltr'><strong><em>βιασθείς</em></strong></span> <span class='ocrx_word' id='word_1_329' title='bbox 673 3786 756 3879; x_wconf 85' lang='grc' dir='ltr'><strong><em>πρὸς</em></strong></span> <span class='ocrx_word' id='word_1_330' title='bbox 783 3786 821 3859; x_wconf 85' lang='grc' dir='ltr'><strong><em>τὸ</em></strong></span> <span class='ocrx_word' id='word_1_331' title='bbox 848 3789 992 3860; x_wconf 75' lang='grc' dir='ltr'><strong><em>ἐναντίον</em></strong></span> <span class='ocrx_word' id='word_1_332' title='bbox 1014 3792 1123 3859; x_wconf 78' lang='grc' dir='ltr'><strong><em>ἐλθεῖν</em></strong></span> <span class='ocrx_word' id='word_1_333' title='bbox 1151 3793 1338 3858; x_wconf 82' lang='grc' dir='ltr'><strong><em>δακτυλικοῦ</em></strong></span> <span class='ocrx_word' id='word_1_334' title='bbox 1367 3793 1420 3858; x_wconf 85' lang='grc' dir='ltr'>καί</span> <span class='ocrx_word' id='word_1_335' title='bbox 1444 3789 1561 3876; x_wconf 85' lang='grc' dir='ltr'><strong><em>σεμνό-</em></strong></span> 
     </span>
     <span class='ocr_line' id='line_1_36' title="bbox 340 3895 1562 3982; baseline 0 -22"><span class='ocrx_word' id='word_1_336' title='bbox 340 3919 443 3981; x_wconf 81' lang='grc' dir='ltr'><strong><em>τητος,</em></strong></span> <span class='ocrx_word' id='word_1_337' title='bbox 478 3898 562 3979; x_wconf 87' lang='lat' dir='ltr'>quod</span> <span class='ocrx_word' id='word_1_338' title='bbox 595 3899 708 3981; x_wconf 89' lang='lat' dir='ltr'>repetit</span> <span class='ocrx_word' id='word_1_339' title='bbox 739 3901 923 3982; x_wconf 83' lang='lat' dir='ltr'>Anonymus</span> <span class='ocrx_word' id='word_1_340' title='bbox 952 3899 1010 3961; x_wconf 89' lang='lat' dir='ltr'>VH</span> <span class='ocrx_word' id='word_1_341' title='bbox 1041 3901 1112 3976; x_wconf 92' lang='grc'>983,</span> <span class='ocrx_word' id='word_1_342' title='bbox 1137 3899 1175 3960; x_wconf 81' lang='lat' dir='ltr'>ll</span> <span class='ocrx_word' id='word_1_343' title='bbox 1200 3919 1267 3980; x_wconf 92' lang='lat' dir='ltr'>sqq.</span> <span class='ocrx_word' id='word_1_344' title='bbox 1292 3899 1340 3960; x_wconf 92' lang='lat' dir='ltr'>W.</span> <span class='ocrx_word' id='word_1_345' title='bbox 1385 3899 1487 3978; x_wconf 74' lang='lat' dir='ltr'>Quem</span> <span class='ocrx_word' id='word_1_346' title='bbox 1523 3895 1562 3960; x_wconf 88' lang='lat' dir='ltr'>ad</span> 
     </span>
    </p>
   </div>
   <div class='ocr_carea' id='block_1_8' title="bbox 342 4185 1563 4600">
    <p class='ocr_par' dir='ltr' id='par_1_9' title="bbox 342 4185 1563 4600">
     <span class='ocr_line' id='line_1_37' title="bbox 411 4185 1560 4256; baseline -0.001 -15"><span class='ocrx_word' id='word_1_347' title='bbox 411 4191 433 4254; x_wconf 92' lang='lat'>¹)</span> <span class='ocrx_word' id='word_1_348' title='bbox 454 4188 603 4241; x_wconf 85' lang='lat' dir='ltr'>llimotrom</span> <span class='ocrx_word' id='word_1_349' title='bbox 625 4203 729 4254; x_wconf 84' lang='lat' dir='ltr'>qnoque</span> <span class='ocrx_word' id='word_1_350' title='bbox 749 4188 917 4243; x_wconf 84' lang='lat' dir='ltr'>trochaicum</span> <span class='ocrx_word' id='word_1_351' title='bbox 935 4187 1116 4242; x_wconf 86' lang='lat' dir='ltr'>acatalectum</span> <span class='ocrx_word' id='word_1_352' title='bbox 1138 4187 1223 4242; x_wconf 85' lang='lat' dir='ltr'>visum</span> <span class='ocrx_word' id='word_1_353' title='bbox 1242 4203 1301 4242; x_wconf 84' lang='lat' dir='ltr'>osse</span> <span class='ocrx_word' id='word_1_354' title='bbox 1320 4194 1432 4256; x_wconf 83' lang='lat' dir='ltr'>„aptorn</span> <span class='ocrx_word' id='word_1_355' title='bbox 1452 4185 1560 4241; x_wconf 77' lang='lat' dir='ltr'>lestinis</span> 
     </span>
     <span class='ocr_line' id='line_1_38' title="bbox 342 4273 1561 4343; baseline -0.002 -16"><span class='ocrx_word' id='word_1_356' title='bbox 342 4273 560 4328; x_wconf 85' lang='lat' dir='ltr'>narrationihns“</span> <span class='ocrx_word' id='word_1_357' title='bbox 574 4275 721 4328; x_wconf 84' lang='lat' dir='ltr'>conicimus</span> <span class='ocrx_word' id='word_1_358' title='bbox 739 4290 772 4327; x_wconf 89' lang='lat' dir='ltr'>ex</span> <span class='ocrx_word' id='word_1_359' title='bbox 791 4277 848 4328; x_wconf 85' lang='lat' dir='ltr'>sios</span> <span class='ocrx_word' id='word_1_360' title='bbox 867 4275 974 4328; x_wconf 84' lang='lat' dir='ltr'>nornine</span> <span class='ocrx_word' id='word_1_361' title='bbox 987 4275 1057 4343; x_wconf 90' lang='lat' dir='ltr'>quod</span> <span class='ocrx_word' id='word_1_362' title='bbox 1077 4281 1118 4327; x_wconf 87' lang='lat' dir='ltr'>est</span> <span class='ocrx_word' id='word_1_363' title='bbox 1139 4275 1277 4342; x_wconf 85' lang='lat' dir='ltr'>angelicon</span> <span class='ocrx_word' id='word_1_364' title='bbox 1293 4275 1363 4342; x_wconf 89' lang='lat' dir='ltr'>apud</span> <span class='ocrx_word' id='word_1_365' title='bbox 1378 4275 1447 4327; x_wconf 88' lang='lat' dir='ltr'>llor.</span> <span class='ocrx_word' id='word_1_366' title='bbox 1459 4273 1561 4326; x_wconf 82' lang='lat' dir='ltr'>Victor.</span> 
     </span>
     <span class='ocr_line' id='line_1_39' title="bbox 342 4360 1561 4430; baseline -0.001 -17"><span class='ocrx_word' id='word_1_367' title='bbox 342 4376 366 4428; x_wconf 93' lang='lat' dir='ltr'>p.</span> <span class='ocrx_word' id='word_1_368' title='bbox 393 4361 436 4422; x_wconf 87' lang='grc'>85,</span> <span class='ocrx_word' id='word_1_369' title='bbox 456 4361 532 4414; x_wconf 83' lang='grc'>271(</span> <span class='ocrx_word' id='word_1_370' title='bbox 558 4363 601 4430; x_wconf 73' lang='lat' dir='ltr'>(z</span> <span class='ocrx_word' id='word_1_371' title='bbox 630 4360 713 4413; x_wconf 87' lang='lat' dir='ltr'>lohae</span> <span class='ocrx_word' id='word_1_372' title='bbox 743 4361 839 4428; x_wconf 81' lang='lat' dir='ltr'>fragm.</span> <span class='ocrx_word' id='word_1_373' title='bbox 867 4361 922 4414; x_wconf 80' lang='grc' dir='ltr'>86’ΙΙ</span> <span class='ocrx_word' id='word_1_374' title='bbox 946 4361 987 4422; x_wconf 74' lang='lat' dir='ltr'>ll).</span> <span class='ocrx_word' id='word_1_375' title='bbox 1025 4363 1066 4414; x_wconf 84' lang='lat' dir='ltr'>Ab</span> <span class='ocrx_word' id='word_1_376' title='bbox 1095 4361 1156 4414; x_wconf 87' lang='lat' dir='ltr'>aliis</span> <span class='ocrx_word' id='word_1_377' title='bbox 1184 4361 1290 4427; x_wconf 86' lang='lat' dir='ltr'>quidem</span> <span class='ocrx_word' id='word_1_378' title='bbox 1318 4361 1437 4414; x_wconf 85' lang='lat' dir='ltr'>metricis</span> <span class='ocrx_word' id='word_1_379' title='bbox 1465 4375 1561 4412; x_wconf 89' lang='lat' dir='ltr'>nornen</span> 
     </span>
     <span class='ocr_line' id='line_1_40' title="bbox 343 4445 1563 4516; baseline -0.002 -16"><span class='ocrx_word' id='word_1_380' title='bbox 343 4447 519 4513; x_wconf 80' lang='lat' dir='ltr'>‚,augelicon“</span> <span class='ocrx_word' id='word_1_381' title='bbox 543 4446 656 4500; x_wconf 83' lang='lat' dir='ltr'>inditum</span> <span class='ocrx_word' id='word_1_382' title='bbox 676 4451 719 4500; x_wconf 85' lang='lat' dir='ltr'>eat</span> <span class='ocrx_word' id='word_1_383' title='bbox 743 4446 899 4500; x_wconf 80' lang='lat' dir='ltr'>hexametro</span> <span class='ocrx_word' id='word_1_384' title='bbox 922 4447 1056 4514; x_wconf 85' lang='lat' dir='ltr'>dactylico</span> <span class='ocrx_word' id='word_1_385' title='bbox 1079 4447 1241 4501; x_wconf 80' lang='lat' dir='ltr'>catalectico</span> <span class='ocrx_word' id='word_1_386' title='bbox 1265 4447 1292 4500; x_wconf 92' lang='lat' dir='ltr'>in</span> <span class='ocrx_word' id='word_1_387' title='bbox 1315 4448 1459 4516; x_wconf 84' lang='lat' dir='ltr'>syllabam:</span> <span class='ocrx_word' id='word_1_388' title='bbox 1492 4445 1563 4499; x_wconf 84' lang='lat' dir='ltr'>Mar.</span> 
     </span>
     <span class='ocr_line' id='line_1_41' title="bbox 345 4531 1153 4600; baseline -0.001 -14"><span class='ocrx_word' id='word_1_389' title='bbox 345 4531 414 4586; x_wconf 89' lang='lat' dir='ltr'>Plot.</span> <span class='ocrx_word' id='word_1_390' title='bbox 433 4533 492 4595; x_wconf 81' lang='grc'>507,</span> <span class='ocrx_word' id='word_1_391' title='bbox 510 4533 556 4598; x_wconf 82' lang='grc'>20;</span> <span class='ocrx_word' id='word_1_392' title='bbox 576 4535 661 4585; x_wconf 81' lang='lat' dir='ltr'>Aaou.</span> <span class='ocrx_word' id='word_1_393' title='bbox 681 4543 743 4600; x_wconf 87' lang='lat' dir='ltr'>post</span> <span class='ocrx_word' id='word_1_394' title='bbox 762 4533 871 4587; x_wconf 83' lang='lat' dir='ltr'>Censor.</span> <span class='ocrx_word' id='word_1_395' title='bbox 888 4535 947 4597; x_wconf 88' lang='grc'>615,</span> <span class='ocrx_word' id='word_1_396' title='bbox 968 4537 988 4584; x_wconf 92' lang='grc'>1.</span> <span class='ocrx_word' id='word_1_397' title='bbox 1007 4533 1066 4598; x_wconf 73' lang='lat' dir='ltr'>arr,</span> <span class='ocrx_word' id='word_1_398' title='bbox 1085 4535 1102 4584; x_wconf 88' lang='grc'>5</span> <span class='ocrx_word' id='word_1_399' title='bbox 1121 4533 1153 4586; x_wconf 87' lang='grc' dir='ltr'>Κ.</span> 
     </span>
    </p>
   </div>
   <div class='ocr_carea' id='block_1_9' title="bbox 0 0 1825 5240">
    <p class='ocr_par' dir='ltr' id='par_1_10' title="bbox 0 0 1825 5240">
     <span class='ocr_line' id='line_1_42' title="bbox 0 0 1825 5240; baseline 0 0"><span class='ocrx_word' id='word_1_400' title='bbox 0 0 1825 5240; x_wconf 95' lang='lat' dir='ltr'> </span> 
     </span>
    </p>
   </div>
  </div>
 </body>
</html>
