3634 5240
777 381 820 443 39

697 467 904 474 —-——--—-

274 603 343 682 Qua
370 603 527 668 sententia
554 603 686 686 probata
712 601 821 666 eadem
848 602 1015 668 intercedit
1043 603 1126 669 inter
1151 605 1347 670 harmoniam
1379 609 1411 670 et

74 691 81 744 '.
188 706 370 783 rhythmum
393 706 472 771 ratio
496 709 591 788 atque
614 705 696 770 inter
717 705 871 770 musicam
894 707 927 771 et
949 707 1193 789 gymnasticam,
1217 728 1312 790 quae,
1336 729 1409 774 oum

189 828 291 874 mores
314 809 446 874 obduret
468 810 582 886 altera,
607 808 706 872 altera
729 808 882 886 emolliat,
904 810 1087 874 coniunctae
1111 811 1238 876 denium
1260 812 1410 878 iuvenum

188 913 309 977 animo's
337 912 376 976 od
406 914 525 977 rectam
552 913 650 977 vitam
679 911 816 976 evehunt
844 914 923 976 teste
950 912 1082 977 Platone
1106 913 1193 996 Reip.
1215 913 1342 978 111410
1365 916 1409 979 D:

78 1028 82 1034 '
187 1009 218 1079 oi
250 1012 311 1097 μὲν
343 1016 541 1100 γυμναστικῇ
577 1005 706 1100 ἀκράτην
738 1008 931 1101 χρησάμενοι
969 1003 1155 1103 ἀγριώτεροι
1191 1018 1250 1080 τοῖν
1284 1013 1410 1094 δέοντος

74 1132 76 1138 ’
186 1109 435 1200 ἀποβαίνουσιν,
460 1112 493 1182 οῖ
515 1114 552 1182 δέ
573 1121 713 1205 μουσικῇ
732 1111 955 1203 μαλακώτεροι
977 1104 1017 1182 αύ
1039 1113 1200 1202 γίγνονται
1223 1109 1242 1203 ῆ
1265 1112 1310 1197 ώς
1332 1117 1411 1184 κύλ-

76 1253 79 1258 *
187 1219 257 1285 λιον
278 1212 395 1298 αύτσῖς.

275 1323 337 1388 Sed
365 1326 402 1387 ut
428 1323 461 1387 in
484 1323 650 1388 cantilenis
671 1323 840 1406 rhythmus
864 1325 994 1387 cantum
1016 1323 1246 1405 quodammodo
1269 1320 1409 1388 πλάττει

75 1475 81 1484 .
185 1449 222 1490 τε
245 1423 299 1490 καὶ
321 1427 415 1504 κινεῖ,
437 1427 482 1491 ita
503 1427 536 1491 in
559 1426 755 1491 audientium
779 1425 892 1490 animis
916 1429 1038 1491 motum
1061 1426 1176 1491 excitat
1199 1429 1232 1490 et
1254 1427 1293 1490 ad
1316 1428 1411 1492 actio-

187 1548 246 1594 nes
269 1550 321 1595 eos
344 1531 470 1595 incitat:
493 1529 620 1612 Dionys.
642 1529 744 1594 Helio.
768 1548 869 1613 comp.
892 1531 976 1594 verb.
1000 1550 1026 1595 c.
1045 1531 1082 1592 ll
1106 1550 1135 1613 p.
1154 1529 1214 1594 126
1239 1529 1326 1594 Sub:
1350 1526 1409 1595 ἐπὶ

185 1628 304 1719 ταύτης
316 1635 369 1714 (sc.
382 1634 440 1717 τῆς
454 1633 624 1717 μουσικῆς)
646 1627 666 1717 ή
688 1623 767 1719 ἀκοῆ
784 1628 939 1718 τέρπεται
954 1629 1015 1715 μὲν
1029 1635 1098 1710 τοῖς
1112 1629 1250 1714 μέλεσιν,
1274 1622 1408 1718 ἀγεται

74 1791 76 1804 r
186 1731 224 1799 δέ
256 1738 325 1813 τοῖς
356 1737 538 1822 ῥυθμοῖς,
573 1725 759 1815 ἀσπάζεται
787 1727 907 1812 δὲτὰς
933 1731 1129 1818 μεταβολάς,
1164 1738 1271 1800 ποθεῖ
1296 1728 1325 1800 δ’
1349 1732 1408 1801 ἐπὶ

74 1875 80 1912 ,-
187 1833 320 1902 πάντων
345 1827 383 1902 τὸ
406 1831 536 1912 oiseium
563 1838 688 1902 tristia,
711 1837 817 1917 Quint.
840 1859 870 1922 p.
894 1839 935 1901 64
951 1839 984 1903 M
1009 1866 1051 1894 =
1081 1841 1132 1916 40,
1150 1839 1189 1902 36
1212 1839 1247 1904 J:
1276 1834 1308 1902 έν
1335 1840 1409 1923 γοῦν

184 1943 256 2019 τοῖς
287 1938 469 2026 γινομένοις
501 1939 619 2026 βουλῆς
650 1937 711 2021 μὲν
743 1938 1004 2028 καθηγουμένης,
1037 1936 1198 2024 ἑπομένου
1231 1939 1268 2006 δὲ
1302 1941 1407 2027 λόγου,

183 2035 269 2125 μετὰ
295 2041 332 2108 δέ
359 2047 462 2108 ταῦτα
487 2046 546 2130 τῆς
572 2039 723 2128 πράξεως
751 2033 1023 2130 ἀποτελουμένας,
1054 2047 1159 2130 ψυχῆς
1187 2040 1246 2125 μὲν
1273 2039 1409 2123 ἐννοίαις
1438 2071 1440 2076 ·

184 2136 254 2232 ῆθη
281 2149 432 2229 μιμεῖται
460 2145 517 2231 (sc.
540 2139 560 2232 ῆ
581 2142 736 2231 μουσική)
763 2145 819 2212 καὶ
842 2143 955 2233 πάθη,
982 2142 1093 2232 λόγους
1116 2144 1152 2211 δὲ
1175 2140 1331 2234 ἁρμονίας
1353 2145 1408 2212 καὶ

184 2255 294 2337 φωνῆς
314 2246 449 2330 πλάσει,
472 2249 619 2336 πρᾶξιν
643 2246 680 2314 δέ
702 2253 870 2334 ῥυθμοῖς
890 2247 945 2315 καὶ
967 2245 1089 2334 κινήσει
1113 2246 1272 2332 σώματος.

74 2417 75 2420 ,
272 2352 467 2437 Quapropter
481 2352 554 2436 plus
576 2372 610 2417 se
627 2353 703 2436 ipsis
717 2354 873 2437 rhythmis
897 2353 1018 2418 efficere
1041 2373 1137 2435 quam
1154 2356 1290 2418 oratores
1305 2355 1407 2420 verbis

183 2457 298 2520 musici
321 2456 547 2521 adseverabant
569 2457 650 2520 teste
664 2455 862 2539 Hermogene
885 2477 913 2540 p.
938 2457 1007 2535 198,
1025 2458 1064 2520 19
1076 2457 1116 2520 W
1131 2484 1173 2510 =
1189 2457 1261 2534 212,
1278 2458 1318 2520 22
1338 2456 1406 2541 Sp:

186 2555 351 2624 δύνασθαι
374 2548 433 2644 γὰρ
448 2554 593 2645 φήσουσι
615 2560 671 2640 (sc.
687 2553 718 2623 οῖ
732 2557 896 2645 μουσικοί)
918 2550 974 2624 τὸν
989 2549 1116 2646 ῥυθμὸν
1130 2557 1185 2623 καί
1202 2550 1280 2624 καθ’
1297 2554 1409 2626 ἑαυτὸν

181 2659 282 2748 χωρὶς
311 2655 391 2739 ὅλως
417 2653 578 2748 ἐνάρθρου
604 2663 727 2748 φωνῆς,
757 2655 852 2747 ἡλίκα
874 2657 1009 2746 οὐδεμία
1031 2658 1132 2748 λόγων
1155 2657 1248 2728 ἰδέα·
1271 2655 1410 2752 καὶγὰρ

183 2758 295 2848 ἡδίους
315 2768 454 2849 ποιῆσαι
477 2755 580 2850 φυχὰς
600 2757 685 2849 ὑπὲρ
707 2759 841 2830 ἅπαντα
862 2757 1081 2850 πανηγυρικὸν
1102 2761 1198 2850 λόγον
1220 2757 1305 2830 εῖναί
1325 2788 1409 2852 φασι

182 2857 258 2945 τοὺς
280 2859 425 2950 ῥυθμοὺς
447 2863 659 2955 ἐπιτηδείους,
686 2864 741 2931 καὶ
764 2858 946 2932 τούναντίον
968 2854 1007 2931 αὖ
1030 2863 1184 2954 λυπηράς,
1208 2861 1251 2946 ώς
1273 2861 1408 2952 οὐδεμία

184 2965 443 3056 έλεεινσλογία·1),
471 2967 636 3035 δύνασθαι
660 2967 696 3035 δὲ
718 2967 774 3034 καὶ
796 2960 904 3053 θυμὸν
925 2972 1056 3056 κινῆσαι
1077 2967 1233 3053 μειζόνως
1254 2963 1274 3057 ll
1297 2968 1408 3037 πάντα

182 3069 331 3161 σφοδρὸν
351 3071 406 3138 καὶ
428 3065 648 3160 καταφορικὸν
669 3069 771 3159 λόγον.

273 3176 333 3256 Qui
355 3177 454 3242 animi
476 3181 580 3242 motus
602 3179 695 3261 prout
717 3179 791 3240 sunt
813 3170 1046 3263 φορτικώτεροι
1066 3180 1122 3242 aut
1138 3170 1406 3266 ἐλευθεριώτεροι,

181 3283 229 3346 ita
245 3283 320 3346 sunt
334 3281 475 3364 rhythmi
490 3281 643 3363 imagines
659 3279 859 3362 quaedamst
872 3280 1100 3359 illiberalitatis,
1117 3280 1290 3363 superbiae,
1300 3299 1407 3347 amen-

182 3385 261 3462 tiae,
285 3383 417 3448 aliorum
439 3384 595 3461 vitiomm,
619 3387 651 3448 et
665 3382 784 3465 ingenii
798 3383 905 3461 virilis,
922 3383 1031 3461 ornati,
1046 3384 1147 3467 probi:
1164 3383 1244 3447 Plat
1254 3383 1341 3467 Reip.
1356 3384 1406 3448 HI

182 3487 295 3552 sola:
306 3480 326 3572 ή
337 3483 397 3569 μέν
408 3478 613 3573 ἀσχημοσύνη
627 3483 683 3550 καὶ
698 3476 850 3573 ἀρρυθμ
858 3479 926 3567 ίαῖ)
938 3482 992 3550 καί
1001 3478 1204 3574 ἀναρμοστία
1215 3483 1407 3573 κακολογίας

181 3587 239 3654 καί
261 3583 505 3677 κακοηθείας
526 3580 663 3675 ἀδελφά,
686 3579 727 3652 τὰ
749 3575 778 3652 δ
789 3583 917 3652 ἐναντία
938 3590 994 3653 τοῦ
1015 3583 1168 3669 ἐναντίου,
1191 3585 1356 3676 σώφρονός
1371 3612 1407 3655 τε

255 3865 275 3932 ¹)
295 3863 388 3917 Etiam
404 3863 532 3918 lacrimas
551 3862 703 3916 hominibus
721 3863 840 3930 potuisse
858 3861 1023 3916 carminibus
1047 3855 1108 3915 elici
1126 3863 1211 3916 refert
1235 3862 1316 3917 Plato
1336 3863 1403 3932 Leg.

182 3950 236 4005 Vll
254 3949 349 4004 8000:
370 3945 489 4018 δημοσίᾳ
509 3988 514 3999 .
534 3987 540 4000 .
558 3987 565 4000 .
583 3948 645 4000 τινά
669 3948 775 4000 θυσίαν
791 3945 862 4000 ὅταν
879 3945 952 4016 ἀρχή
969 3967 1009 4002 τις
1027 3946 1110 4018 θύσῃ,
1127 3948 1197 4014 μετὰ
1215 3949 1302 4000 ταῦτα
1321 3950 1405 4020 χορὸς

184 4034 237 4103 οὐχ
260 4034 296 4090 εἷς
324 4031 392 4087 ἀλλά
417 4031 525 4101 πλῆθος
546 4037 643 4107 χυριῠν
664 4031 735 4101 ἥκει,
758 4037 804 4086 καὶ
830 4033 945 4087 στάντες
969 4031 1000 4084 σύ
1018 4032 1115 4106 πόρρω
1136 4035 1196 4085 ταῖν
1212 4035 1318 4100 βωμῶν
1334 4032 1404 4088 ἀλλά

182 4119 248 4194 παρ’
278 4119 376 4175 αιίτοίς
403 4125 492 4172 ἐνίοτε
519 4120 615 4173 πᾶσαν
642 4119 820 4190 βλασφημίαν
846 4120 904 4171 ταῖν
931 4116 1012 4190 ἱερῶν
1038 4123 1219 4187 καταχέουσι,
1246 4119 1351 4192 ῥήμασί
1374 4141 1404 4172 τε

184 4212 232 4260 καὶ
251 4207 395 4278 ῥυθμοῖς
417 4211 464 4260 καὶ
484 4203 689 4279 γοωδεστάταις
711 4205 853 4277 ἁρμονίαις
871 4209 1057 4260 συντείνοντες
1078 4205 1127 4260 τὰς
1143 4205 1202 4257 ταῖν
1218 4201 1406 4277 ἀκροωμένων

183 4292 283 4364 ψυχάς,
302 4297 349 4345 καὶ
366 4289 396 4348 δς
413 4291 449 4346 ἂν
466 4289 636 4365 δακρῦσαι
652 4289 773 4359 μάλιστα
790 4291 842 4358 τῆν
858 4290 991 4344 θύσασαν
1007 4292 1178 4361 παραχρῆμα
1196 4289 1298 4363 ποιήσῃ
1315 4289 1404 4358 πόλιν,

183 4370 265 4433 οὗτος
275 4377 311 4431 τὰ
321 4377 464 4451 νικητήρια
476 4382 560 4448 φέρει.
574 4377 741 4448 Quamquam
753 4393 787 4432 ex
804 4379 892 4432 verbis
903 4374 1107 4448 γοωδεστάταις
1118 4377 1261 4449 ἁρμονίαις
1272 4378 1404 4433 conicien-

184 4465 247 4520 dum
265 4464 375 4520 ridetur
393 4464 492 4520 doloris
510 4463 714 4519 similitudinem
731 4463 760 4517 in
777 4463 863 4518 modis
880 4464 971 4532 potius
989 4479 1070 4532 quam
1087 4463 1115 4516 in
1133 4462 1251 4516 numeris
1268 4463 1359 4518 luisse.

253 4552 274 4613 ¹)
291 4548 324 4604 τύ
341 4549 389 4616 τῆς
406 4547 609 4618 εὐσχημοσύνης
625 4569 657 4601 τε
674 4553 722 4602 καὶ
739 4546 931 4617 ἀσχημοσύνης
948 4550 989 4616 τῷ
1007 4547 1139 4622 εὐρύθμῳ
1154 4567 1184 4599 τε
1202 4553 1248 4600 καὶ
1267 4547 1404 4622 ἀρρύθμῳ

182 4632 337 4688 ἀκολουθεῖ
353 4635 414 4704 (400
432 4635 471 4702 O).
