3634 5240
780 394 819 457 61

169 612 244 697 μέν
264 607 404 702 ὑψηλός,
434 609 519 702 ὅπερ
546 611 695 701 σημαίνει
725 609 907 702 ήμακριί,
942 611 1027 681 ποτέ
1054 612 1091 679 δέ
1121 613 1289 699 ταπεινός,
1323 611 1407 704 ῦιτερ

172 717 279 804 δηλοῖ
300 712 319 802 ή
340 719 523 806 βραχεῖα·
553 714 644 804 δίκην
666 705 720 783 οῦν
750 721 807 783 τοῦ
834 720 947 806 τροχοῦ
974 720 1124 802 τροχαῖον
1150 711 1249 786 αὐτὸν
1278 740 1406 809 προση-

168 818 380 907 γορεύοοσαν.
420 819 599 904 Simplicius
614 841 682 887 rem
699 823 833 906 explicat
845 822 980 887 Ioannes
995 821 1056 886 Sic.
1072 823 1105 886 in
1120 823 1269 906 Hermog.
1279 823 1324 888 VI
1334 825 1406 902 350,

172 924 285 988 23W:
311 917 349 990 ὁ.
367 926 558 1012 ..τροχαῖος
574 923 751 1011 (μιμεῖται)
760 917 815 989 τὸν
831 921 867 989 ἐκ
881 921 1026 1003 στάσεως
1035 925 1060 1009 ¹)
1084 921 1213 1010 δρόμον.
1247 926 1404 1005 Pluribus,

170 1029 219 1090 ut
241 1028 332 1105 solet,
345 1028 446 1093 verbis
470 1027 508 1092 de
532 1027 618 1110 pedis
643 1028 802 1094 schemate
826 1029 966 1113 disputat
988 1028 1156 1093 Diomedes
1171 1049 1200 1112 p.
1216 1031 1287 1108 417,
1302 1031 1344 1093 24
1359 1029 1403 1094 Κ;

171 1132 386 1208 „trochaeum
402 1132 497 1196 etium
520 1131 706 1195 aMerourio
721 1135 881 1215 repertum
898 1131 974 1196 satis
991 1135 1123 1211 constat,
1146 1131 1271 1214 quadis
1287 1132 1405 1216 praeci-

169 1233 279 1316 pitem
301 1234 534 1299 festinationem
561 1253 598 1297 ex
619 1235 740 1318 impetu
765 1236 879 1318 longo
901 1235 934 1298 iu
956 1235 1110 1300 brevem
1143 1255 1287 1318 gressum
1321 1235 1403 1300 finiri

170 1337 370 1402 ostenderet.
415 1337 507 1403 Undc
532 1336 671 1420 plerique
695 1336 886 1403 Graecorum
915 1357 951 1402 ex
985 1338 1098 1421 longa
1129 1341 1161 1403 et
1193 1339 1298 1403 brevi
1329 1358 1401 1405 eum

172 1442 428 1523 conposuerunt3
468 1429 561 1524 παρὰ
587 1429 625 1502 τὸ
651 1436 787 1525 τρέχειν,
809 1461 846 1506 ex
869 1441 1024 1518 discursu,
1053 1441 1237 1507 trochaeum
1260 1441 1402 1524 frequen·

172 1544 342 1607 taverunt:
366 1563 402 1608 ac
422 1543 533 1608 musici
550 1541 606 1607 viri
629 1543 722 1607 ociori
744 1545 827 1609 melo
850 1543 963 1609 intenti
986 1563 1023 1608 er
1044 1547 1130 1610 rotae
1146 1545 1209 1610 situ
1225 1546 1258 1608 et
1272 1545 1402 1610 volubili

172 1648 270 1710 motu
293 1646 489 1728 rythmulum
524 1647 590 1711 eius
613 1649 645 1710 et
672 1647 783 1711 tonum
810 1647 990 1730 designant3
1024 1648 1077 1730 qni
1105 1649 1137 1712 et
1168 1647 1401 1714 decursionibus

172 1752 292 1831 aptum
313 1749 467 1828 iudicant,
502 1749 584 1832 quod
606 1749 640 1812 hi
662 1749 716 1832 qui
743 1751 777 1814 in
799 1751 880 1815 bello
907 1751 1066 1829 laborant,
1099 1752 1242 1832 quotiens
1271 1752 1401 1817 amissos

174 1851 305 1916 ordines
334 1856 496 1936 reparant,
531 1872 568 1916 ca
599 1852 712 1934 longo
745 1857 777 1917 et
810 1852 947 1937 disperso
982 1853 1102 1917 ambitu
1135 1854 1169 1917 in
1190 1854 1347 1921 brevem
1369 1859 1402 1920 et

175 1957 288 2019 artum
311 1957 417 2021 orbem
445 1959 611 2038 coguntur,
643 1957 730 2021 rotae
763 1955 883 2020 scilicet
913 1956 1116 2020 similitudine
1148 1975 1181 2020 se
1202 1957 1400 2038 ventilantes,

174 2059 269 2122 cuius
292 2059 368 2123 satis
387 2059 471 2123 latus
495 2077 531 2123 ac
553 2059 711 2123 breviatus
734 2059 867 2123 canthus
890 2059 1030 2124 radiatus
1052 2059 1225 2124 luminibus
1246 2060 1279 2125 in
1303 2079 1401 2144 angu-

175 2165 268 2226 stum
290 2162 418 2226 modioli
440 2161 593 2226 circulum
616 2162 807 2228 cohibetur‘.

266 2265 320 2329 IV.
344 2263 412 2344 Quo
427 2265 551 2330 viuculo
571 2283 644 2328 oum
666 2264 782 2330 iambi
804 2264 905 2330 forma
927 2266 1074 2348 snperbia
1089 2267 1266 2345 cohaereat,
1290 2267 1403 2332 docent

173 2369 308 2434 ‘scholia
329 2368 583 2452 Hephaestionea
603 2367 640 2430 B'
665 2368 737 2446 152,
762 2368 800 2431 11
826 2368 865 2432 W
886 2395 930 2422 =
954 2368 1003 2446 18,
1026 2369 1066 2432 15
1088 2369 1134 2432 H:
1157 2367 1213 2432 καὶ
1234 2360 1290 2434 διὰ
1305 2366 1402 2436 τοῦτό

174 2491 264 2559 φασι
287 2473 483 2557 συντεθῆναι
508 2463 563 2536 τὸν
589 2463 707 2554 ἴαμβον
735 2467 770 2536 ἐκ
797 2464 984 2558 βραχείας
1006 2468 1061 2535 καί
1082 2473 1251 2557 μακρᾶς,
1285 2463 1402 2537 διὰτὸ

174 2572 238 2660 τήν
259 2568 352 2661 ῦβριν
374 2571 410 2638 έκ
430 2569 612 2657 βραχείας
638 2565 815 2662 ἀρχομένην
842 2568 950 2652 αἰτίας
971 2568 1018 2652 είς
1039 2571 1136 2660 μέγα
1164 2570 1270 2660 λήγειν
1294 2570 1402 2642 κακόν.

176 2681 335 2766 μαρτυρεῖ
368 2675 405 2743 δέ
437 2679 484 2764 τῷ
518 2674 677 2763 λεγομένην
698 2671 839 2764 Ὅμηρος
860 2672 877 2743 ὁ
901 2674 1105 2765 σοφώτατος·
1136 2670 1206 2764 ,ἥτ’
1229 2669 1320 2765 ὀλίγη
1341 2675 1403 2761 μὲν

176 2779 309 2866 (λέγων)
331 2785 450 2868 πρῶτα
472 2778 676 2866 κορύσσεται·
700 2772 801 2868 αίτὰρ
824 2775 939 2845 ἔπειτα
955 2771 1077 2867 οῦρανηῦ
1094 2775 1239 2868 ἐστήριξε
1252 2777 1332 2868 κάρη
1347 2779 1404 2847 καί

179 2880 241 2949 ἐπὶ
263 2881 360 2965 χθονί
382 2879 508 2966 βαίνει“
530 2887 576 2967 (Δ
598 2886 660 2947 442
679 2885 751 2969 sq.).
794 2885 882 2949 Haec
905 2885 945 2949 ad
967 2884 1097 2948 verbum
1119 2883 1183 2948 fere
1205 2885 1404 2952 consentiunt

178 3008 255 3052 cum
280 2988 435 3072 Anonymi
457 2989 591 3054 Romani
614 2989 631 3068 ξ
655 2987 690 3048 61
713 2987 890 3071 (Ps.-Heph.
914 3008 943 3070 p.
972 2986 1060 3070 105),
1084 3007 1157 3051 cum
1180 2987 1197 3068 ξ
1223 2987 1256 3049 11
1282 2988 1323 3072 (p.
1342 2990 1402 3051 154

179 3091 241 3174 St.)
263 3092 360 3156 libelli
384 3092 531 3174 anonymi
554 3093 591 3156 de
613 3093 722 3157 metris
744 3091 936 3175 Byzantiuac
960 3091 1055 3154 aetati
1082 3089 1334 3156 familiarissimis
1356 3093 1403 3156 in·
1507 3107 1508 3110 ’

178 3195 256 3260 sorti
280 3195 376 3260 codici
398 3196 604 3259 ambrosiano
627 3194 654 3274 Q
678 3195 782 3260 bord.
806 3214 889 3278 sup,
920 3213 993 3258 cum
1025 3193 1262 3277 interpolatione
1292 3194 1401 3261 Heliae

178 3297 326 3362 Monachi
348 3316 415 3380 cap.
438 3297 454 3359 l
477 3299 495 3379 ξ
520 3299 537 3359 7
560 3319 590 3381 p.
616 3299 676 3361 171
690 3298 746 3373 St,
769 3317 841 3363 cum
862 3302 1027 3381 Anonymo
1050 3297 1258 3362 Anibrosiano
1280 3318 1310 3381 p.
1327 3300 1400 3376 242,

179 3401 307 3464 25-29
339 3400 401 3477 St,
435 3420 493 3465 nec
520 3401 684 3466 dissimilia
709 3405 784 3466 sunt
814 3402 908 3466 verba
936 3399 1284 3483 Pseudo-Moschopuli
1308 3421 1338 3484 p.
1360 3403 1402 3465 44

179 3504 229 3569 ed.
245 3505 340 3568 'litae
385 3503 505 3568 Eadem
527 3506 684 3570 sententia
706 3505 808 3570 exstat
830 3503 913 3587 apud
933 3503 1031 3566 Isaac.
1061 3503 1145 3567 Mon.
1173 3523 1203 3586 p.
1230 3503 1301 3580 189,
1318 3505 1400 3567 3-6

181 3605 636 3691 (=Ps.-Droc.164,13—16):
650 3602 866 3696 τιαρειτοιήθη
878 3609 950 3691 γοῦν
960 3601 994 3669 du
1002 3610 1060 3671 τοῦ
1071 3599 1235 3689 ἰαμβίζειν
1246 3598 1263 3669 ὁ
1273 3599 1401 3690 ἰἀμβος,

182 3706 350 3787 συντεθεὶς
383 3705 419 3772 έκ
447 3705 637 3796 βραχείας
671 3707 727 3774 καὶ
747 3711 910 3796 μακρᾶς,
944 3702 994 3773 ὅτι
1023 3707 1078 3774 καί
1100 3711 1196 3774 πᾶσα
1218 3703 1309 3793 ῦβρις
1331 3699 1402 3774 ἀπὸ

179 3807 367 3896 βραχείας
382 3806 491 3889 αίτίας
502 3803 660 3900 ἀρχομένη
674 3804 758 3896 πρὸς
771 3808 960 3898 μέγιστον
974 3804 1060 3897 ῦψος
1071 3817 1267 3898 κορυφοῦται
1278 3808 1401 3891 κακίας,

181 3919 214 3980 et
238 3915 319 3998 apud
341 3914 448 3979 Ioaun.
470 3916 531 3981 Sia.
558 3916 590 3980 in
616 3917 765 3998 Hermog.
792 3913 837 3978 VI
864 3916 936 3994 240,
959 3917 993 3980 6:
1019 3908 1109 3981 ὃ...
1131 3907 1252 3999 ἴαμβος
1277 3909 1400 4001 εἴρηται

181 4009 274 4103 νεαρὰ
298 4009 335 4082 τὸ
359 4011 537 4100 ἰαμβίζειν,
567 4011 652 4083 ὥστε
679 4011 818 4103 ὑβρίζειν
851 4015 905 4082 καί
926 4021 1106 4102 μιμεῖσθαι
1130 4011 1169 4084 τὸ
1191 4013 1308 4096 πάθος
1329 4009 1402 4083 ἀπὸ

180 4125 322 4205 μικροῦ
343 4113 521 4207 ἀρχόμενος
536 4117 583 4200 είς
602 4118 706 4208 μέγα
729 4118 841 4208 λήγων,
865 4114 909 4198 ὥς
930 4119 985 4186 καί
1009 4115 1200 4208 ὁποιητής·
1222 4107 1261 4208 ,ἢ
1282 4124 1401 4208 πρῶτα

179 4220 240 4307 μέν
261 4215 315 4287 ἐπ’
333 4215 438 4309 ὀλίγον
459 4220 658 4311 κορύσσεται,
681 4217 783 4310 αὐτὰρ
806 4217 922 4288 ἔπειτα
937 4215 1060 4312 οῦρανηῦ
1077 4219 1223 4310 ἐστήριξε
1246 4220 1326 4311 κοίρη
1345 4219 1401 4287 καί

183 4323 241 4390 dari
256 4324 352 4407 χθονὶ
368 4322 494 4410 βαίνει“
506 4329 553 4412 (Δ
565 4330 627 4392 442
643 4328 712 4413 sq.).
745 4321 827 4393 ὅθεν
848 4325 904 4393 καί
925 4323 955 4392 oi
972 4323 1155 4415 ὑβρίζοντες
1180 4323 1296 4393 τούτου
1317 4327 1399 4409 (lege

182 4425 297 4516 τούτῳ)
323 4433 466 4516 χρῶνται
494 4434 542 4518 τῷ
567 4428 675 4518 μέτρῳ
703 4423 846 4495 κατὰτὸ
873 4431 1032 4496 πλεῖστον.
1088 4431 1191 4496 Aliam
1223 4429 1399 4512 analogiam

236 4655 259 4722 ¹)
279 4653 354 4724 Typo
366 4654 503 4710 lictorum
524 4667 616 4711 erroro
634 4658 724 4709 ortum
742 4653 848 4710 uidetur
865 4653 938 4723 apud
957 4653 1091 4710 Walzium
1110 4651 1272 4708 ἐκστάσεως.
