3560 5242
859 399 1038 464 ·20

403 627 459 692 sed
486 626 640 710 sapientia
666 625 791 690 divitias
813 627 1001 708 potestates,
1031 645 1105 710 opes
1127 626 1274 700 honores,
1302 624 1433 708 imperia
1446 627 1554 704 'regna
1576 623 1624 687 vel
1730 653 1731 670 ÷

402 730 532 814 privatis
559 729 609 793 vel
643 728 766 812 populis
793 731 966 813 comparari
992 729 1171 813 explioavit,
1199 728 1284 792 hune
1311 729 1343 791 iu
1375 727 1506 792 modum
1529 727 1626 791 verta

403 832 495 898 lauit:
520 830 590 897 ‘Sed
613 831 762 915 quoniam
785 831 823 896 de
846 851 880 896 re
903 832 1030 915 publiea
1043 832 1212 915 loquimur,
1236 833 1311 895 sunt
1325 831 1518 906 inlustriora,
1541 847 1625 912 quae

402 935 529 1020 publioe
561 934 657 1012 liunt,
688 935 900 1017 quoniamque
930 935 1042 1001 eadem
1071 939 1121 1000 est
1147 935 1227 999 ratio
1248 934 1326 998 iuris
1348 935 1381 998 in
1404 937 1554 1016 utroque,
1586 932 1625 996 de

402 1039 508 1122 populi
524 1037 679 1121 sapientia
693 1037 860 1102 dicendum
876 1040 962 1121 puto.
996 1040 1049 1106 Ut
1069 1040 1144 1104 iam
1166 1039 1341 1102 omittam
1363 1037 1471 1114 alios,
1493 1039 1627 1102 noster

402 1141 464 1206 hio
485 1141 664 1224 populus,
693 1158 801 1222 quem
827 1139 1039 1206 Airieanus
1062 1141 1242 1207 hesterno
1264 1159 1437 1206 sermone
1460 1159 1479 1204 a
1500 1141 1624 1222 stirpe

402 1245 600 1328 repetivit,
624 1242 731 1308 ouius
754 1242 915 1325 imperio
930 1244 1002 1309 iam
1017 1245 1121 1310 orbis
1136 1247 1262 1309 terrae
1277 1246 1446 1321 tenetur,
1468 1241 1626 1306 iustitia

403 1366 448 1411 an
477 1346 672 1430 sapientia
700 1348 760 1410 est
788 1365 804 1410 e
833 1347 986 1411 minimo
1014 1346 1181 1411 omnium
1212 1344 1412 1429 [maximus
1439 1345 1623 1426 faetus?]'
1730 1327 1731 1402 J

402 1449 463 1514 Hie
484 1451 593 1515 monet
606 1448 748 1530 Angelus
765 1449 868 1514 Maius
880 1451 906 1531 ¹)
929 1449 1097 1514 desiderari
1117 1449 1286 1514 minimum
1309 1451 1459 1532 quattuor
1480 1449 1624 1532 paginas.

402 1553 521 1616 Inuum
553 1552 723 1634 abruptum
750 1551 951 1617 Sohwenlrius
980 1552 1152 1616 arbitratur
1178 1552 1316 1634 suppleri
1343 1571 1435 1635 posse
1463 1571 1520 1635 ope
1542 1550 1624 1614 Lao-

406 1655 496 1718 tantii
528 1652 569 1737 (I.
591 1654 631 1717 D.
653 1653 748 1731 Vld,
764 1656 798 1736 3)
828 1673 987 1720 summam
1014 1655 1235 1739 disputationis
1262 1655 1382 1720 Romae
1413 1673 1433 1718 a
1460 1652 1623 1718 Carneade

403 1758 529 1823 habitae
551 1757 724 1840 referentis.
759 1757 954 1822 Carneadem
977 1759 1102 1842 quidem
1125 1777 1200 1822 oum
1222 1759 1283 1823 alia
1305 1761 1375 1824 tum
1398 1759 1477 1822 haee
1492 1757 1623 1822 dixisse:
1730 1813 1731 1828 ,

407 1858 545 1943 ‘proinde
574 1862 630 1924 aut
657 1860 778 1924 nullam
805 1878 875 1924 esse
901 1861 1070 1936 iustitiam
1099 1865 1169 1936 aut,
1197 1862 1224 1925 si
1247 1862 1289 1925 sit
1311 1862 1433 1943 aliqua,
1463 1877 1623 1924 summam
1730 1855 1731 1860 ’

403 1981 471 2028 esse
494 1963 671 2040 stultitiam,
693 1962 841 2045 quoniam
864 1963 923 2027 sibi
943 1967 1079 2042 nooeret,
1103 1964 1213 2028 alienis
1235 1964 1407 2030 eommodis
1430 1963 1622 2028 oonsulans'.
1730 2007 1731 2028 .

368 2055 370 2060 ’
405 2065 527 2130 Deinde
543 2065 588 2130 sie
603 2066 706 2149 pergit
720 2065 916 2130 Lactantius:
939 2067 1000 2144 „Et
1021 2066 1178 2132 inferebat
1199 2068 1277 2132 haee
1299 2069 1502 2150 argumenta:
1529 2065 1624 2130 ‘Orn-

403 2169 514 2232 nibus
536 2169 700 2250 populis,
724 2169 788 2251 qui
805 2166 1000 2252 ‚florerent
1024 2170 1195 2253 imperio,
1218 2170 1448 2235 etRomanis
1470 2185 1623 2250 quoque
1730 2225 1731 2244 2

403 2272 517 2354 ipsis,
549 2271 613 2353 qui
642 2272 767 2336 totius
795 2271 899 2335 ornis
925 2271 1164 2354 potirentur,
1195 2273 1226 2336 si
1253 2273 1349 2337 iusti
1376 2272 1498 2337 velint
1524 2287 1622 2345 esse,

403 2375 474 2438 hoo
501 2377 576 2450 est,
604 2375 634 2438 si
657 2375 782 2440 aliena
803 2373 1032 2452 restituant,
1060 2373 1105 2438 ad
1127 2393 1239 2439 sasas
1262 2395 1346 2440 esse
1369 2373 1623 2446 redeundum,

405 2481 442 2540 et
468 2477 506 2540 in
534 2479 707 2559 egestate
734 2496 775 2542 ao
803 2477 973 2542 miseriis
1003 2477 1219 2542 iaoendum‘.
1269 2479 1350 2541 'lum
1378 2477 1504 2542 omissis
1529 2493 1617 2540 oom-
1730 2535 1731 2544 .

402 2581 551 2644 munibus
579 2580 619 2643 ad
641 2581 766 2663 propria
787 2580 941 2644 veniebat
985 2579 1103 2644 ‘Bonus
1127 2581 1192 2658 vir',
1215 2581 1330 2663 inquit,
1360 2581 1395 2645 ‘si
1417 2579 1533 2644 habeat
1555 2597 1622 2642 ser·

405 2701 480 2748 vum
502 2681 669 2764 fugitivum
685 2701 712 2745 e.
728 2703 756 2764 q.
772 2685 824 2746 s.'“
842 2681 925 2746 -Ii
948 2682 1074 2764 quidem
1096 2683 1157 2747 looi
1181 2682 1422 2748 Institutionum
1444 2682 1621 2748 divinmnm

403 2786 472 2850 libri
500 2784 594 2864 sexti,
621 2803 700 2866 quos
723 2784 757 2849 C.
780 2785 814 2848 F.
838 2784 886 2847 W.
909 2784 1081 2850 Muellerus
1090 2789 1117 2866 ²)
1144 2787 1316 2868 congessit,
1344 2790 1452 2850 utrum
1483 2783 1622 2850 Gioeroni
1730 2793 1731 2804 ¹

403 2888 561 2953 tribuendi
592 2887 656 2951 sint
682 2905 723 2952 an
753 2888 812 2972 ipsi
835 2888 1014 2965 Lactantio,
1036 2887 1197 2952 diiudicari
1219 2890 1346 2972 nequit;
1368 2889 1431 2966 illo,
1454 2905 1549 2971 quem
1572 2905 1622 2952 en·

404 2990 600 3076 soripsimus,
632 2990 700 3055 loeo
725 2989 908 3057 Cineronam
940 2992 1068 3056 seeutus
1097 2993 1146 3054 est
1176 2991 1369 3058 Lactantius.
1414 2989 1475 3070 Qui
1502 2988 1560 3054 etsi
1583 2988 1622 3054 ad

405 3091 601 3159 Carneadem
632 3094 824 3176 provocavit,
855 3097 964 3158 tamen
993 3092 1037 3175 ld.
1066 3093 1206 3160 Tullium
1238 3093 1413 3160 nominavit
1439 3095 1472 3158 et
1492 3091 1622 3156 lunium

405 3195 445 3279 (I.
468 3196 507 3260 D.
530 3195 557 3258 V
582 3194 637 3271 16,
662 3197 713 3274 13)
745 3198 826 3263 libro
858 3196 898 3262 de
928 3215 962 3261 re
995 3197 1122 3280 publiea
1154 3198 1246 3264 tortio
1277 3195 1447 3264 enneadis
1480 3195 1621 3280 exemplo

406 3299 631 3364 disserentem:
655 3298 694 3362 oi.
712 3298 775 3364 Cio.
792 3300 830 3364 de
848 3318 881 3364 ra
896 3299 983 3383 publ.
999 3297 1049 3364 ΙΠ
1065 3301 1095 3376 5,
1110 3301 1131 3364 8
1146 3319 1208 3382 sq.;
1231 3300 1319 3366 Laut
1334 3298 1359 3364 1.
1375 3300 1414 3364 D.
1430 3298 1459 3363 V
1475 3299 1525 3376 ll,
1541 3295 1621 3378 w)

489 3401 572 3481 Quid
604 3401 701 3484 igitur
731 3401 932 3468 Sohwauldus
963 3422 1000 3468 ex
1029 3403 1105 3467 loois
1133 3403 1196 3468 illis
1219 3403 1375 3470 Cioeronis
1403 3405 1436 3467 et
1462 3397 1619 3466 Laetantii

404 3505 528 3571 adsuit?
572 3503 640 3568 ‘Die
663 3505 956 3588 hervorgehobenen
979 3505 1113 3584 Stellen,
1134 3507 1249 3589 inquit,
1272 3506 1389 3587 reigen,
1413 3504 1486 3570 dass
1508 3503 1620 3586 genade

404 3630 445 3675 an
474 3610 529 3675 der
551 3607 780 3690 Urgesohiehte
808 3607 864 3673 des
891 3608 1070 3674 romischen
1093 3608 1209 3674 Volkes
1232 3608 1297 3672 und
1319 3607 1374 3674 der
1397 3606 1619 3672 allmihliohen

403 3713 618 3794 Ausbreitung
646 3713 748 3776 seinor
770 3710 957 3776 Herrsehalt
978 3710 1062 3776 seina
1084 3711 1367 3794 Ungoreolrto’glrait
1386 3709 1620 3793 naohgeuiesen
1730 3739 1731 3794 3

402 3835 474 3882 aar.
518 3815 586 3880 Das
608 3814 684 3879 aber
705 3813 747 3878 ist
769 3813 826 3878 das
847 3814 968 3880 Thema
991 3814 1046 3878 des
1061 3815 1220 3880 Minucius
1242 3813 1379 3897 (25,1):
1401 3812 1552 3878 nimirum
1573 3813 1620 3875 in·

404 3919 502 4001 signis
528 3920 562 3982 et
590 3915 703 3981 nobilis
729 3917 879 3981 iustitia
907 3917 1051 3983 Romana
1080 3920 1120 3985 ab
1147 3918 1226 4003 ipsis
1248 3917 1372 4001 imperii
1392 3916 1553 3980 nasooulis
1573 3915 1621 3978 in·

404 4021 569 4086 cunabulis
593 4019 755 4102 auspicata
776 4021 832 4083 est
870 4021 986 4102 Belege
1009 4020 1101 4086 dafuir
1123 4022 1192 4086 sind
1215 4023 1282 4086 ihm
1305 4020 1354 4084 die
1371 4017 1543 4100 llroffiiung
1564 4017 1619 4082 des

404 4124 513 4208 Asyla,
536 4124 591 4188 der
612 4121 823 4188 Brodermord
847 4124 902 4188 des
924 4123 1089 4202 Romulus,
1112 4125 1167 4189 der
1189 4124 1280 4189 Βαιιὶ)
1305 4124 1360 4188 der
1380 4120 1619 4196 Sabinerinnen

403 4295 613 4308 m

474 4399 496 4468 ¹)
514 4397 569 4454 Cic.
588 4397 622 4453 de
639 4412 670 4452 re
687 4397 760 4467 publ.
779 4413 849 4466 quae
867 4400 1019 4468 supersunt.
1047 4397 1150 4452 Rom
1171 4399 1245 4453 1846.

473 4485 495 4551 ¹)
515 4483 551 4537 M.
573 4483 642 4539 Tull.
662 4483 716 4540 cic.
732 4484 826 4558 script.
843 4499 897 4539 ree.
917 4483 948 4540 P.
966 4481 1003 4540 IV
1023 4483 1081 4539 Vol.
1102 4483 1129 4537 ll
1146 4499 1171 4554 p.
1189 4485 1243 4538 338
1259 4499 1298 4551 sq.

473 4571 496 4638 ⁸)
514 4569 634 4624 ‘Adeone
651 4585 717 4640 ergo
734 4569 880 4638 iustitiam,
905 4587 921 4624 o
939 4568 1018 4640 Furi,
1042 4569 1082 4623 vel
1100 4570 1190 4637 potius
1211 4568 1400 4631 acarneade,
1418 4566 1557 4624 reinseri
1575 4565 1619 4620 illa

403 4656 490 4716 omnis
508 4657 610 4724 oratio,
629 4660 685 4711 tam
704 4657 809 4712 inruens
830 4697 835 4710 .
855 4698 862 4712 .
880 4695 887 4712 .
906 4659 1016 4724 tanqua
1034 4661 1218 4727 contemptam
1235 4655 1288 4710 deo
1304 4659 1399 4724 putas,
1417 4657 1449 4710 nt
1469 4696 1474 4710 .
1492 4691 1500 4709 .
1520 4651 1554 4710 .?’
