3480 5230
936 383 976 454 50

353 617 510 680 eentum.“
552 613 600 680 De
628 615 780 680 vocabulo
804 609 1010 698 σολοικισμός
1031 612 1197 696 diligenter
1218 611 1364 675 disseruit
1386 609 1581 694 Schepssius

351 719 383 782 in
412 717 673 784 commentatione
703 737 797 802 supra
822 719 961 784 laudata.
1007 716 1102 782 Stoici
1123 715 1220 797 igitur
1240 714 1388 779 videntur
1407 714 1501 799 primi
1523 731 1582 778 ex·

353 821 498 905 polivisse
527 821 609 885 hauc
633 821 809 886 soloecismi
830 822 1004 887 doctrinam
1026 822 1059 886 et
1081 817 1226 883 distincte
1249 817 1442 900 separarisse
1463 815 1581 882 σολοι-

351 921 470 1006 κισμόν
492 941 511 988 a
531 925 764 1010 βαρβαρισμῷ,·
786 924 869 1006 quod
892 925 1058 989 discrimen
1079 922 1219 987 nondum
1242 921 1328 985 novit
1349 921 1580 998 Aristoteles.¹)

351 1027 523 1108 Utriusque
551 1026 696 1091 vocabuli
723 1027 917 1092 definitiones
944 1047 981 1091 ex
1003 1024 1151 1109 Diogenis
1179 1023 1344 1107 Babylonii
1374 1022 1469 1087 Stoici
1497 1019 1579 1106 περὶ

352 1132 461 1216 φωνῆς
488 1132 554 1193 arte
583 1127 756 1193 afferuntur
778 1149 797 1194 a
818 1128 957 1212 Diogene
979 1129 1103 1194 Laertio
1126 1125 1201 1210 (Vll
1218 1128 1282 1205 59).
1325 1127 1430 1208 Atque
1454 1124 1581 1189 Stoicos

352 1232 470 1296 redolet
497 1233 592 1297 etiam
619 1233 826 1316 etymologica
853 1231 1063 1315 σολοικισμοῦ
1091 1230 1271 1316 explicatio:
1304 1219 1377 1294 ἀπὸ
1404 1230 1461 1291 τοῦ
1486 1223 1582 1292 σιόοα

352 1331 447 1418 λόγου
468 1328 631 1416 αἰκισμός.
639 1336 664 1416 ¹)

439 1437 601 1502 Postremo
632 1437 701 1502 loco
734 1437 862 1503 afferam
890 1438 951 1504 duo
978 1437 1159 1522 fragmenta
1187 1436 1349 1501 Luciliano
1378 1434 1443 1515 (lib.
1471 1430 1580 1496 XXVI

355 1559 383 1604 v.
409 1541 450 1603 33
472 1539 582 1606 Muell.
605 1567 649 1596 =
669 1561 699 1606 v.
722 1540 784 1604 602
806 1541 967 1623 Lachm.):

521 1643 555 1708 si
577 1643 661 1726 quod
681 1644 812 1708 verbum
833 1646 1021 1710 inusitatum
1044 1646 1100 1708 aut
1121 1643 1323 1707 zetematium
1347 1639 1536 1707 offenderam

355 1748 386 1810 et
408 1745 475 1826 (lib.
498 1745 605 1810 XXIX
626 1766 655 1811 v.
679 1746 719 1808 56
741 1747 851 1812 Muell.
878 1773 921 1803 =
943 1768 970 1811 v.
996 1747 1056 1810 172
1080 1745 1239 1828 Lachm.):

405 1850 408 1855 ’
521 1849 601 1914 Tum
623 1849 701 1914 illud
725 1845 904 1936 ἐπεφώνει,
928 1850 1010 1932 quod
1032 1850 1208 1914 etiamnum
1230 1849 1380 1922 nobilest;

356 1971 435 2034 quae
463 1951 640 2033 fragmenta
666 1969 704 2016 ex
729 1953 817 2017 libn's
846 1953 947 2036 priore
975 1956 1115 2036 tempore
1138 1971 1157 2017 a
1178 1951 1298 2016 Lucilio
1322 1949 1503 2034 compositis
1525 1947 1580 2012 de-

355 2057 485 2138 sumpta
507 2057 589 2118 sunt

443 2257 504 2324 Sed
528 2259 567 2324 ad
590 2257 709 2324 Stoicos
731 2260 932 2344 philosophos
949 2260 1086 2326 Graecos
1107 2263 1313 2326 revertamur.
1350 2258 1394 2323 Hi
1416 2259 1583 2340 igiturpo-

358 2365 491 2427 suerunt
513 2362 652 2446 quinque
676 2363 823 2428 orationis
846 2363 978 2430 virtutes
995 2369 1120 2429 auctore
1135 2363 1273 2446 Diogene
1288 2363 1413 2426 Laertio
1427 2359 1502 2442 (VII
1518 2361 1583 2442 59).

358 2463 467 2546 Neque
476 2463 589 2528 iniuria
599 2465 769 2530 arbitratur
785 2465 970 2550 Schepssius
983 2467 1033 2546 (de
1050 2467 1229 2531 soloecismo
1244 2485 1273 2549 p.
1289 2465 1329 2528 23
1346 2465 1418 2547 sq.),
1433 2482 1513 2546 quae
1528 2464 1583 2526 ille
1722 2531 1723 2536 ,

358 2567 462 2644 affert,
496 2585 534 2631 ea
561 2585 598 2631 ex
624 2567 772 2651 Diogenis
794 2569 960 2654 Babylonii
992 2572 1059 2633 arte
1082 2565 1158 2654 περὶ
1182 2571 1292 2655 φωνῆς
1314 2587 1382 2632 esse
1405 2567 1584 2650 desumpta,

360 2688 454 2752 quem
480 2669 513 2732 in
540 2669 589 2733 his
611 2671 704 2736 rebus
727 2672 824 2737 etiam
845 2672 934 2737 libris
956 2672 1138 2755 Chrysippi,
1162 2671 1372 2755 praeceptoris
1395 2669 1458 2748 sui,
1486 2687 1581 2732 usum

358 2791 427 2836 esse
449 2771 540 2837 valde
562 2776 612 2838 est
632 2773 805 2856 probabile.
841 2775 956 2840 Docuit
978 2777 1085 2839 cutem
1099 2773 1254 2855 Diogenes
1271 2774 1466 2856 Babylonius
1487 2773 1581 2836 haec:

359 2865 470 2960 ἀρεταί
492 2870 529 2939 dd
551 2869 644 2961 λόγου
665 2869 729 2940 εἶσὶ
745 2872 851 2941 πέντε·
872 2870 1092 2964 Ἑλληνισμός,
1117 2873 1285 2964 σαφήνεια,
1310 2869 1474 2958 συντομία,
1498 2871 1582 2961 πρέ-

360 2999 437 3055 πον,
461 2973 651 3064 κατασκευή.
711 2981 813 3062 Atque
841 2979 937 3046 etiam
960 2981 1157 3062 singularum
1182 2979 1332 3044 virtutum
1358 2977 1515 3042 finitiones
1541 2977 1581 3042 ab

360 3081 471 3145 eodem
497 3080 682 3145 traduntur:
713 3073 970 3171 Ἑλληνισμός
997 3079 1067 3147 ἐστι
1096 3077 1216 3168 φράσις
1242 3071 1455 3157 ἀδιάπτωτος
1481 3075 1515 3142 ἐν
1543 3079 1584 3165 τῇ

359 3187 486 3270 τεχνικῇ
506 3181 562 3247 καὶ
583 3180 629 3268 μὴ
651 3177 758 3272 εἰκαίᾳ
786 3181 953 3274 συνηθείᾳ.
977 3181 1173 3273 σαφήνεια
1201 3181 1273 3248 ἐστι
1298 3179 1385 3262 λέξις
1414 3177 1584 3267 γνωρίμως

362 3289 561 3373 παριστῶσα
570 3289 597 3369 ⁸)
619 3277 657 3350 τὸ
678 3285 853 3369 νοούμενον.
877 3286 1074 3372 συντομία
1106 3284 1176 3352 ἐστὶ
1206 3283 1294 3366 λέξις
1315 3277 1397 3350 αὐτὰ
1418 3277 1460 3349 τὰ
1483 3277 1584 3372 ἄναγ-

361 3393 439 3454 καῖα
473 3385 672 3474 περιέχουσα
706 3379 789 3474 πρὸς
821 3385 963 3475 δήλωσιν
995 3392 1050 3454 τοῦ
1087 3386 1289 3477 πράγματος.
1324 3385 1479 3474 πρέπον
1511 3383 1583 3452 ἐστὶ

361 3491 448 3572 λέξις
459 3485 563 3557 clareia
573 3494 621 3579 τῷ
637 3486 816 3576 πράγμασι.
839 3490 1064 3579 κατασκευή
1087 3489 1159 3558 ἐστι
1180 3490 1267 3572 λέξις
1289 3487 1507 3578 ἐκπεφευγυῖα
1528 3481 1586 3554 τὸν

365 3589 572 3678 ἰδιωτισμόν.

448 3699 670 3776 Anaximenes,
693 3699 747 3781 qui
761 3717 918 3784 perpauca
933 3700 970 3766 de
986 3700 1158 3766 elocutione
1173 3700 1340 3783 praecepta
1353 3695 1450 3762 refert
1464 3702 1501 3778 (c
1517 3699 1583 3782 25),

364 3805 467 3870 certas
490 3803 557 3867 eius
579 3801 709 3868 virtutes
729 3803 870 3868 nondum
894 3805 1015 3868 statuit.

452 3905 636 3990 Aristoteles
664 3905 729 3987 (ars
750 3905 830 3971 rhet.
852 3906 902 3970 111
926 3909 944 3968 5
967 3926 997 3990 p.
1023 3908 1084 3970 183
1106 3906 1229 3986 Roem.)
1255 3903 1418 3987 inprimis
1441 3903 1584 3968 dictionis

363 4009 521 4094 proprium
543 4008 618 4074 dicit
638 4005 678 4074 τὸ
701 4003 882 4096 ἑλληνίζειν,
905 4010 988 4092 quod
1009 4012 1058 4074 est
1079 4000 1161 4095 όρχὴ
1182 4009 1241 4095 τῆς
1262 4002 1388 4087 λέξεως,
1411 4025 1585 4072 summam·

366 4131 426 4197 que
449 4113 515 4178 eius
537 4112 686 4177 virtutem
708 4112 783 4177 dicit
804 4105 842 4177 τὸ
865 4114 956 4201 σαφῆ
976 4102 1058 4177 εἶναι
1082 4115 1146 4190 (ars
1161 4111 1239 4176 rhet
1254 4109 1304 4174 ΙΠ
1318 4111 1382 4195 2p.
1399 4111 1461 4174 174
1475 4111 1584 4177 Roem

365 4215 406 4282 ci.
428 4217 510 4299 poet.
523 4235 550 4281 c.
566 4217 632 4300 22).
670 4215 760 4282 Idem
782 4217 873 4282 docet
895 4217 960 4300 (ars
975 4215 1055 4281 rhet.
1070 4213 1120 4280 ΠΙ
1135 4215 1154 4278 5
1169 4236 1200 4299 p.
1217 4214 1292 4298 185)
1314 4203 1352 4278 τὸ
1368 4209 1586 4302 γεγραμμένον

436 4375 456 4440 ¹)
475 4371 549 4441 soph.
568 4368 671 4425 elench.
689 4384 712 4424 ε.
731 4371 763 4438 3;
782 4383 827 4423 ars
839 4367 908 4423 rhet.
927 4367 967 4423 111
985 4371 1003 4422 5
1020 4385 1045 4438 p.
1066 4369 1116 4423 185
1129 4367 1236 4438 Roem.;
1255 4367 1290 4424 ci.
1303 4368 1419 4438 Schepss
1436 4368 1455 4423 Ι.
1468 4385 1491 4424 c.
1503 4385 1530 4439 p.
1544 4369 1585 4426 18.
1724 4389 1725 4392 ’

436 4455 544 4522 'lidan
568 4456 636 4512 Plot.
661 4455 793 4511 Sacerdos
817 4452 857 4509 VI
880 4469 906 4525 p.
924 4457 976 4511 449
994 4454 1044 4524 K.;
1068 4456 1102 4510 of.
1125 4457 1240 4525 Scbepsa
1265 4455 1283 4510 l.
1301 4473 1324 4515 c.
1346 4471 1372 4526 p.
1390 4457 1416 4513 6.
1434 4455 1464 4524 ’λς
1489 4455 1587 4512 Stude

366 4543 448 4600 mund
466 4543 493 4598 iu
511 4542 600 4598 εοαεΙ.
619 4541 711 4612 philol.
730 4557 755 4598 a.
777 4541 843 4596 1885
861 4556 887 4611 p.
908 4543 967 4598 758.

438 4635 460 4701 ³)
479 4631 639 4705 παριστᾶσι
657 4630 767 4704 scripsit
785 4628 944 4702 Sebepsaius
963 4629 1145 4687 Jacobitaium
1165 4635 1283 4690 ιεευλοι.
