3514 5244
934 443 955 448 ,
997 350 1071 446 -39
1123 442 1146 446 -,

423 541 504 608 locis
528 543 556 606 V
578 550 740 609 vetustam
765 544 934 630 archetypi
958 543 1221 628 orthographiam
1246 543 1278 607 in
1299 543 1321 609 S
1345 543 1576 608 oblitteratam
1601 563 1661 607 ser-

423 651 526 714 vavit:
551 672 581 735 p.
607 654 683 734 222,
714 654 731 716 7
762 655 990 735 adfirmauit
1017 655 1249 734 (assirioruuit
1276 649 1321 732 Sl,
1353 650 1396 718 ib.
1425 654 1465 715 19
1493 653 1662 734 pbiloso-

417 759 509 842 pbua
533 760 726 842 (siloaosos
750 758 795 842 S),
822 761 894 842 724,
919 762 1025 824 Sirio
1048 761 1102 838 (m.
1128 761 1172 839 3.)
1195 779 1257 822 crau
1280 779 1362 822 uarro
1386 759 1476 836 (trec
1498 779 1567 822 rano
1584 779 1663 819 ortem

424 863 479 944 S9)
502 914 509 946 ,
536 867 608 946 725),
632 867 652 931 8
677 867 858 930 citharam
882 864 1144 951 (cytheraeis),
1172 865 1244 948 729,
1268 866 1289 930 5
1312 867 1504 928 icon-iactae
1530 866 1664 942 (iurari-

420 993 512 1036 aeoa
537 971 582 1051 S).

512 1100 597 1161 quae
620 1100 691 1144 cum
714 1079 761 1144 ita
785 1079 858 1164 sint,
882 1081 980 1145 etiam
1004 1079 1090 1145 aliae
1114 1077 1275 1162 quaedam
1299 1077 1422 1144 codicis
1447 1078 1475 1141 V
1498 1078 1664 1144 lectiones

424 1186 473 1268 iis,
498 1187 638 1268 quaein
663 1185 686 1251 S
711 1193 830 1270 extant,
854 1195 910 1252 aut
934 1193 1104 1272 praestare
1131 1186 1294 1270 videntur,
1328 1193 1384 1250 aut
1415 1185 1457 1250 ab
1483 1205 1539 1268 eo,
1577 1183 1666 1267 quod

422 1291 549 1357 Seneca
573 1293 711 1378 scripsit,
735 1295 868 1379 propius
892 1295 1019 1361 abesse.
1067 1294 1222 1377 incapite
1243 1293 1345 1377 primo
1369 1292 1476 1358 facete
1502 1292 1664 1357 irridetur

422 1399 534 1466 Livius
568 1399 722 1466 Geminus
754 1399 806 1466 his
839 1401 962 1467 verbis:
987 1439 1013 1448 -
1036 1425 1075 1465 ca
1105 1423 1165 1488 quo
1191 1405 1225 1464 ia
1247 1409 1356 1465 accola
1378 1403 1492 1464 intrauit
1515 1423 1552 1464 ac
1580 1403 1663 1462 Drm-

421 1509 523 1571 sillum
546 1509 656 1571 cidisse
679 1510 796 1572 crelam
818 1511 1029 1573 ascendentem
1053 1515 1081 1571 cl
1103 1510 1149 1572 illi
1167 1529 1227 1590 pro
1251 1515 1314 1573 loru
1337 1509 1414 1571 bono
1437 1510 1548 1570 aruntio
1572 1529 1664 1571 rueram

421 1615 558 1694 credidit,
584 1617 680 1702 quod
702 1617 838 1679 uiderit
860 1617 958 1680 uerbis
981 1617 1130 1698 concepti-a
1153 1617 1328 1696 urlfirmuoil
1349 1635 1382 1677 cc
1410 1635 1473 1677 acc
1505 1617 1663 1678 italicoru-

421 1743 506 1802 truu,
535 1725 627 1784 cliom-
654 1725 683 1784 si
705 1725 738 1785 iu
762 1724 860 1786 aredio
877 1727 954 1805 soro
976 1723 1130 1786 borrtiaem
1154 1723 1287 1785 occ-ioum
1309 1722 1440 1784 uidiaael.
1496 1721 1524 1785 si
1557 1721 1582 1786 S
1614 1739 1663 1784 so·

421 1827 488 1892 lum
512 1827 674 1912 sequaris,
706 1829 806 1893 verba
838 1849 921 1911 quae
954 1835 1029 1893 sunt
1056 1830 1153 1916 quod
1183 1830 1337 1908 viderit,
1363 1847 1435 1891 cum
1460 1827 1662 1892 Heumanno

422 1935 643 2018 (Supplemcut.
673 1935 1106 2014 orlcctncrudlt.V1298)
1131 1940 1286 2016 tanquam
1318 1933 1514 2017 interpolata
1553 1933 1660 1998 eicias

422 2061 557 2106 necesse
594 2048 652 2106 est.
682 2049 717 2105 at
747 2062 853 2107 nonne
885 2041 1093 2107 verisimilius
1127 2049 1177 2108 est
1214 2061 1300 2124 eum,
1342 2041 1522 2124 quicunque
1564 2039 1659 2104 addi-

424 2147 489 2230 dit,
512 2147 570 2211 illa
594 2154 669 2232 post
689 2151 893 2214 indicaturum
917 2157 974 2214 aut
996 2157 1072 2233 post
1094 2151 1303 2231 adfirmaverit
1325 2147 1504 2232 positurum
1528 2146 1658 2214 fuisse?

423 2274 518 2338 porro
556 2253 864 2339 plusquamperfeoti
903 2256 1057 2340 temporis
1091 2254 1295 2320 coniunctivo
1327 2255 1374 2318 uti
1407 2253 1558 2338 debebat,
1595 2275 1658 2318 non

423 2359 567 2445 perfecti.
615 2381 691 2427 ecce
715 2363 920 2428 succurritV
951 2362 1120 2429 scribendo
1151 2365 1238 2451 quid
1263 2364 1408 2426 uiderit.
1462 2381 1537 2425 nam
1574 2363 1658 2426 haec

423 2488 463 2532 cx
487 2467 527 2532 iis
551 2474 629 2532 nata
654 2489 736 2553 esse,
760 2489 843 2552 quae
867 2470 1065 2536 Paschasius
1091 2468 1272 2534 Radbertus
1296 2468 1427 2534 saeculo
1454 2487 1538 2534 nono
1575 2468 1656 2550 legit

423 2578 599 2662 quicquid
621 2579 755 2640 uiderit
778 2577 870 2652 (Actu
895 2577 1077 2642 Siculorum
1104 2579 1222 2640 ordinis
1248 2578 1407 2640 Benedicti
1429 2577 1475 2640 erl.
1504 2578 1656 2639 litabilior-

422 2681 492 2745 IVa
516 2702 547 2765 p.
573 2685 647 2766 436,
671 2703 700 2747 v.
716 2703 799 2764 quae
818 2683 900 2748 dixit
920 2684 954 2746 F.
971 2684 1067 2749 lonas
1087 2686 1221 2748 Hermae
1234 2682 1296 2747 vol.
1313 2683 1357 2746 Vl
1373 2684 1489 2764 (1872)
1512 2704 1543 2766 p.
1571 2686 1655 2749 127),

421 2787 561 2854 maxime
589 2795 639 2854 eat
666 2789 843 2873 probabile.
891 2789 1033 2874 pendent
1066 2798 1173 2855 autem
1209 2810 1249 2856 ea
1281 2811 1301 2854 a
1329 2790 1427 2854 verbo
1464 2793 1654 2856 credidil,¹¹¹l

422 2894 519 2958 simili
542 2894 637 2960 modo
661 2895 713 2961 hic
737 2895 826 2962 locus
850 2898 899 2979 (6)
923 2897 1051 2962 videtur
1074 2896 1283 2980 corrigendus
1315 2915 1404 2962 esse:
1438 2899 1652 2961 accenderit·

421 3037 432 3048 -
455 3001 602 3066 Cleua-diua
625 3011 653 3066 cl
677 3011 791 3090 porculo
805 3013 907 3087 polest
924 3027 1084 3069 rurrrmurc
1105 3007 1259 3069 irascitur.
1307 3005 1381 3092 quid
1403 3006 1543 3068 diceret
1561 3027 1653 3070 aeraria

420 3111 615 3192 inlellcqebut.
664 3109 687 3174 S
715 3109 814 3176 habet
845 3113 994 3192 diceret,
1028 3112 1057 3175 V
1088 3113 1238 3175 dicebat.
1294 3111 1405 3192 itaque
1437 3130 1508 3175 cum
1543 3112 1652 3194 magis

420 3215 589 3300 probabile
614 3216 656 3282 sit
679 3223 812 3302 propter
834 3221 909 3306 quid
927 3219 1059 3284 verbum
1078 3219 1195 3283 dicebat
1207 3218 1241 3281 in
1264 3221 1378 3282 diceret
1394 3224 1552 3282 mutatum
1579 3237 1650 3284 esse

419 3343 518 3406 quam
540 3325 652 3388 diceret
679 3325 711 3388 in
735 3327 850 3389 dicebat
878 3326 918 3390 ob
943 3324 989 3410 id,
1018 3325 1105 3408 quod
1129 3325 1273 3408 sequitur
1295 3325 1497 3411 inlellcpebul‚
1522 3331 1555 3389 et
1580 3346 1650 3390 cum

420 3429 547 3495 Seneca
579 3431 642 3494 iam
677 3452 775 3516 supra
806 3433 987 3497 narraverit
1018 3432 1189 3498 Herculem
1223 3430 1352 3496 Olaudii
1375 3432 1474 3497 verba
1507 3453 1571 3497 non
1606 3435 1647 3496 in-

419 3536 600 3620 tellexisse,
639 3557 676 3602 eo
714 3537 845 3622 inclin0,
887 3545 923 3602 ut
959 3542 1138 3627 quidquid
1173 3541 1305 3620 dicclmt,
1338 3561 1428 3604 acrrro
1464 3542 1650 3620 in-lellcqcbcl

419 3642 623 3709 scribendum
652 3664 725 3710 esse
754 3644 942 3710 existimem.
997 3646 1029 3710 in
1066 3645 1174 3731 capite
1202 3653 1317 3728 quarto
1353 3646 1382 3712 is
1418 3645 1547 3728 modus,
1588 3667 1648 3730 quo

418 3771 533 3816 manus
565 3750 679 3834 tertia,
713 3771 809 3833 quam
840 3751 1018 3836 archetypo
1054 3752 1106 3818 vel
1138 3753 1241 3818 altero
1285 3751 1396 3818 codice
1437 3751 1586 3817 adhibito
1624 3753 1648 3814 l'

419 3854 611 3923 emendasse
635 3878 733 3942 snpra
757 3857 909 3942 diximus,
936 3860 1036 3925 verba
1060 3859 1233 3944 disposuit:
1264 3869 1295 3924 nl
1318 3863 1460 3926 Lachesis
1470 3897 1571 3908 -----
1572 3865 1648 3945 scri!

417 3966 494 4027 illrul
511 3967 606 4048 poleno
629 3988 724 4030 rucuu
747 3975 775 4030 cl
797 3969 917 4031 Neroni
940 3971 1074 4032 rrrrcltos
1097 3970 1138 4032 de
1165 3989 1231 4032 crac
1258 3970 1371 4032 docnt
1397 3989 1525 4050 unco-oa,
1556 3989 1646 4055 prae·

418 4068 571 4136 serendus
595 4077 645 4137 est
669 4072 708 4157 ci,
733 4093 795 4156 quo
820 4073 842 4138 S
866 4096 964 4138 aanor
988 4081 1064 4159 post
1089 4076 1200 4139 ruulloc
1222 4073 1329 4140 habet.
1385 4075 1529 4141 Senecae
1563 4077 1646 4140 enim

511 4266 532 4333 ⁹)
551 4285 606 4322 non
625 4269 730 4332 dubito,
759 4270 827 4337 quin
855 4271 940 4324 etiam
968 4271 1052 4340 paulo
1080 4269 1205 4340 superius
1229 4271 1331 4325 Seneca
1353 4273 1420 4324 tria
1442 4272 1518 4336 fusos
1537 4275 1644 4340 profert

417 4356 565 4426 scripserit.
604 4375 773 4426 quamquam
794 4360 867 4413 enim
887 4359 930 4412 his
948 4360 978 4414 in
997 4361 1076 4413 rebus
1096 4363 1200 4414 veteres
1223 4360 1301 4413 nobis
1319 4360 1407 4413 multo
1426 4360 1643 4430 neglegentiores

418 4447 501 4501 fuisse
514 4450 630 4511 constat,
650 4447 771 4501 diversas
782 4465 826 4501 eoa
836 4449 937 4501 formas
947 4453 1005 4502 tam
1015 4466 1165 4518 paucorum
1177 4450 1321 4503 verborum
1333 4448 1481 4502 intervallo
1496 4448 1643 4517 diremptas.

417 4536 539 4604 posuisse
561 4537 604 4589 vix
624 4539 666 4590 est
685 4536 834 4605 probabile.

461 4665 464 4672 .
509 4623 544 4693 ιο)
563 4626 659 4680 modus
680 4627 870 4681 coniunctirus
888 4630 950 4695 post
969 4629 1094 4696 quiaquia
1113 4625 1216 4695 legitur
1235 4628 1321 4681 otiam
1340 4627 1373 4682 de
1392 4629 1470 4682 clem.
1490 4629 1502 4680 l
1522 4629 1546 4689 S,
1567 4631 1590 4680 5.
