3568 5238
812 417 851 478 57

726 505 931 517 0-2—-—

219 657 282 702 nno
316 639 382 702 loco
406 638 561 702 Asconius
585 641 747 722 tantopere
770 659 842 704 cunr
864 639 1007 723 Appiano
1041 641 1073 701 et
1095 637 1266 702 Plutarcho
1290 637 1444 718 congruit,

217 745 253 804 nt
276 761 349 805 eum
372 761 445 806 cum
469 743 517 804 bis
541 742 743 824 scriptoribus
767 761 803 806 ex
825 742 985 806 communi
1010 741 1096 805 lonte
1120 740 1253 822 pendere
1277 742 1443 822 appareat;

218 847 300 925 qnod
325 865 386 925 quo
409 845 523 909 clarius
547 845 619 920 fiat,
635 847 703 929 ipsa
726 846 821 909 verba
843 844 1017 910 conferam:

302 951 373 1012 Asc.
397 969 426 1031 p.
451 950 506 1022 31,
532 949 570 1009 13
617 949 672 1011 16;
707 947 804 1011 ‘Inter
826 948 904 1011 haec
927 966 1000 1011 cum
1024 947 1235 1010 crebresceret
1256 965 1362 1009 rumor
1387 945 1443 1010 Cn.

218 1053 429 1132 (Pompeium)
454 1051 551 1114 creari
574 1050 760 1116 dictatorem
777 1053 917 1132 oportere
940 1067 1062 1131 neque
1086 1048 1209 1112 aliter
1231 1049 1336 1112 mala
1358 1049 1444 1112 ciri·

217 1153 313 1216 tatis
327 1154 460 1218 sedari
483 1171 610 1236 posse,
633 1153 736 1217 visum
760 1155 809 1215 est
830 1153 1036 1235 optimatibus
1059 1153 1160 1216 tutius
1184 1170 1251 1216 esse
1275 1170 1349 1216 eum
1372 1170 1444 1214 con·

219 1257 321 1320 sulem
344 1258 411 1320 sine
436 1256 558 1337 collega
580 1257 678 1320 creari
696 1305 702 1317 .
720 1305 726 1316 .
744 1305 749 1316 .
767 1257 789 1319 .’

302 1363 379 1441 App.
416 1361 444 1422 b.
478 1379 504 1422 ο.
536 1359 568 1421 ΙΙ
603 1360 659 1422 2οε
698 1357 753 1422 καὶ
778 1355 893 1421 πολλοὶ
916 1359 1010 1421 acino
1034 1353 1067 1433 ἐς
1089 1347 1246 1440 ἀλλήλους
1269 1353 1443 1432 διελάλουν,

218 1455 277 1528 ὅτι
300 1457 418 1540 μόνον
438 1453 483 1524 lla
504 1457 659 1545 γίνοιτο
686 1457 889 1545 φάρμακον
911 1455 979 1522 ἐπὶ
1002 1461 1092 1535 τοῖς
1114 1459 1287 1542 παροῦσι
1309 1461 1444 1536 κακοῖς

216 1557 233 1645 ἡ
257 1560 416 1648 μόναρχος
438 1560 584 1642 ἐξουσία,
618 1565 732 1648 χρῆναι
763 1555 791 1626 δ’
820 1555 960 1625 ίλίσθαι
985 1550 1123 1626 δυνατὸν
1151 1553 1232 1641 ὁμο-ἰ·
1258 1561 1312 1624 καί
1336 1551 1442 1644 ἤπιον,

217 1661 481 1748 ἐνσημαινόμενοι
505 1657 560 1729 τὸν
588 1661 769 1749 Πομπήιον
792 1713 798 1726 .
824 1713 858 1728 ..
898 1664 971 1729 ibid.
1004 1665 1062 1726 23:
1094 1655 1113 1723 r‘
1137 1659 1237 1747 βουλὴ
1270 1660 1306 1726 δὲ
1336 1659 1444 1748 συνῄει

215 1760 298 1848 μετὰ
313 1765 414 1846 δέους,
438 1767 491 1832 καί
524 1764 558 1846 ἐς
589 1762 646 1831 τὸν
661 1764 840 1851 Πομπήιον
862 1758 1019 1850 ἀφεώρων
1044 1757 1088 1842 ὡς
1110 1756 1226 1828 αίτίκα
1254 1769 1343 1850 σφῶν
1369 1761 1443 1828 ε’σό-

215 1891 312 1949 μενον
327 1867 550 1953 ὂικτᾶτορα·
581 1866 740 1956 χρήζειν
761 1862 822 1953 γὰρ
845 1860 952 1944 αὐτοῖς
974 1863 1157 1951 ἐφαίνετο
1185 1859 1232 1930 τὰ
1263 1863 1444 1950 παρόντα

218 1971 377 2050 ruricgoa
398 1969 632 2056 θεραπείας.

302 2075 385 2138 Plus.
410 2077 462 2139 vit.
487 2077 575 2140 Caes.
600 2096 625 2140 o.
650 2077 705 2138 28:
735 2071 852 2139 πολλοί
877 2071 913 2137 δὲ
936 2059 1019 2156 ἦσαν
1041 2068 1071 2136 οὶ
1093 2070 1149 2134 καὶ
1171 2069 1275 2156 λέγειν
1298 2069 1443 2155 ἐνμέσῳ

215 2175 396 2257 τολμῶντες
417 2169 477 2263 ἤδη
501 2169 586 2263 πλὴν
610 2173 675 2242 ὑπὸ
696 2171 871 2260 μοναρχίας
894 2167 1069 2260 ἀνήκεστον
1090 2167 1173 2239 εἶναι
1193 2169 1442 2259 τὴνπολιτείαν,

216 2277 272 2342 καὶ
298 2275 343 2343 τὸ
375 2275 583 2366 φάρμακον
614 2283 731 2345 τοῦτο
761 2282 895 2364 χρῆναι
925 2282 981 2342 τοῦ
1010 2275 1200 2364 πρᾳοτάτου
1232 2280 1298 2341 τῶν
1326 2271 1444 2360 ἰατρῶν

215 2373 423 2462 ἀνασχέσθαι
446 2380 691 2467 προςφέροντες,
713 2376 946 2467 ὑποδηλοῦντες
967 2377 1024 2446 τὸν
1047 2376 1235 2464 Πομπήιον.

299 2485 368 2548 Iam
398 2505 477 2560 vero,
518 2505 591 2549 cum
620 2487 799 2569 Appianum
833 2486 865 2548 in
895 2486 954 2549 hac
990 2485 1137 2548 historiae
1160 2485 1321 2547 Romanae
1354 2487 1442 2565 parte

215 2589 358 2652 Asinium
368 2589 540 2652 Pollionem
557 2589 706 2653 aGraeco
722 2588 859 2668 quodam
875 2587 1023 2651 historico
1039 2587 1282 2668 transscriptum
1299 2587 1443 2648 secutum

215 2709 283 2754 esse
306 2693 434 2772 supra1)
457 2691 787 2766 demonstraverimus,
811 2710 874 2754 non
897 2690 989 2754 modo
1005 2689 1225 2763 Plutarchum,
1248 2687 1302 2769 qui
1325 2688 1357 2750 in
1381 2688 1445 2752 sin-

215 2792 297 2874 gulis
323 2794 415 2856 rebus
440 2795 489 2857 vel
511 2795 550 2858 ad
575 2795 705 2858 verbnm
728 2813 800 2859 cum
826 2794 967 2876 Appiano
990 2791 1022 2854 H
1054 2794 1103 2856 19.
1128 2793 1177 2855 20.
1207 2793 1247 2854 23
1276 2791 1443 2866 consentit,

214 2913 324 2958 verum
349 2897 447 2958 otiam
470 2897 640 2960 Ascanium
655 2897 688 2980 ²),
723 2899 836 2979 quippe
860 2896 912 2977 qni
936 2897 956 2959 l.
980 2915 1004 2958 ο.
1028 2895 1104 2959 adeo
1127 2915 1146 2958 a
1168 2895 1278 2958 Dionis
1302 2893 1368 2974 (XL
1393 2894 1443 2968 50,

215 3000 246 3064 3l
270 3000 395 3060 auctore
425 2998 512 3060 ‘alios
543 2998 709 3062 Caesarem
733 2999 909 3074 consulem,
942 2998 1018 3062 alios
1046 2997 1229 3080 Pompeium
1258 2997 1443 3060 dictatorem

215 3100 387 3162 creandum
422 3118 490 3164 esse
522 3103 661 3182 putasse'
693 3101 846 3164 referente
882 3101 1046 3183 discrepet,
1071 3119 1107 3164 err
1136 3100 1191 3162 illo
1215 3100 1363 3181 scriptore
1385 3117 1443 3162 sna

214 3203 357 3266 hausisse
385 3221 578 3282 consequens
602 3207 660 3266 est.

303 3305 362 3369 Sed
386 3323 460 3367 cum
481 3325 584 3386 neque
607 3307 734 3369 Asinius
762 3306 861 3369 Pollio
890 3325 908 3370 a
935 3309 1181 3369 commentatore
1205 3323 1339 3386 usquam
1362 3305 1444 3368 inter

214 3413 356 3471 auctores
379 3411 642 3472 commemoretur
664 3411 697 3471 ct
718 3409 905 3482 Fenestella,
935 3427 1031 3490 quem
1055 3410 1109 3473 illa
1132 3413 1275 3491 tempora
1297 3409 1443 3491 copiosis-

214 3515 291 3574 sime
320 3529 483 3574 enarrasse
507 3514 645 3586 constat,
669 3512 700 3573 in
725 3515 911 3593 argumento
934 3513 1001 3594 ipso
1024 3516 1066 3594 (p.
1082 3513 1133 3589 27,
1159 3513 1211 3590 14)
1241 3513 1364 3586 citetur,
1387 3531 1443 3593 per

213 3615 296 3678 hunc
324 3632 343 3677 a
365 3611 535 3677 scholiasta
558 3613 700 3677 Asinium
723 3613 897 3678 Pollionem
926 3615 1100 3679 adhibitum
1131 3634 1199 3679 esse
1223 3615 1371 3696 suspicor.

524 3833 660 3935 Caput
679 3836 723 3916 V.
777 3836 842 3910 De
870 3841 992 3912 actis
1019 3865 1055 3934 p.
1084 3839 1127 3911 R.

297 4007 448 4071 Asconius
471 4025 503 4069 se
521 4011 590 4070 acta
607 4009 712 4090 populi
728 4009 862 4072 Romani
880 4013 913 4072 et
935 4011 1108 4093 inspexisse
1125 4013 1156 4073 et
1172 4009 1359 4091 excerpsisse
1375 4011 1443 4092 ipse

212 4113 346 4174 testatur
368 4110 417 4173 his
443 4111 581 4191 quinque
606 4111 694 4174 locis:

300 4215 330 4293 l)
364 4233 393 4295 p.
420 4213 469 4288 ll,
495 4213 593 4275 1-3:
630 4215 817 4296 ‘postulatus
844 4214 919 4281 <eall
945 4216 1027 4295 (soil.
1052 4215 1095 4279 hl.
1121 4217 1272 4294 Scaurus)
1294 4215 1378 4296 apud
1399 4215 1441 4278 M.

212 4318 364 4381 Catonem
409 4321 585 4396 praetorem
628 4319 886 4399 repetundarum,
929 4324 965 4380 nt
1003 4320 1035 4380 in
1067 4318 1174 4382 Actis
1210 4318 1362 4400 scriptum
1394 4325 1443 4380 est

282 4590 289 4618 1

280 4593 302 4734 ll)
319 4587 464 4726 {beffiae
481 4671 514 4724 cf.
533 4673 596 4726 Asc.
616 4675 658 4738 29,
677 4675 716 4728 10.
737 4676 777 4728 11.
