3480 5230
788 355 828 424 33

199 577 428 646 affectionibus
456 588 674 666 congruerent
702 586 902 657 statuerunt:
928 584 1035 669 Τριῶν
1055 579 1092 648 δὲ
1113 572 1217 648 dormo
1235 583 1294 669 τῆς
1309 583 1415 670 ψυχῆς

199 678 335 772 μορίων,
357 682 498 772 λογικοῦ,
521 687 665 770 θυμικοῦ
690 682 745 750 καὶ
773 682 1027 774 ἐπιθυμητικοῦ,
1051 681 1184 750 ἕκαστον
1206 677 1292 766 εἶδος
1314 681 1361 765 εἷς
1382 682 1417 752 ἓν

199 790 266 853 τῶν
291 790 349 874 τῆς
374 789 481 875 ψυχῆς
500 783 624 878 μορίων
645 779 849 876 ἀναφέρεται
893 785 948 853 καὶ
971 778 1011 853 τὸ
1031 785 1093 871 μὲν
1116 785 1281 855 δικανικὸν
1304 786 1339 854 ἐκ
1360 794 1416 854 τοῦ

200 893 344 974 topiros
364 893 422 977 τῆς
444 883 601 976 ὑμετέρας
625 893 732 978 ψυχῆς
759 890 911 980 προῆλθε
926 941 934 956 .
950 941 958 955 .
974 940 981 956 .
998 940 1005 954 .
1025 881 1064 956 τὸ
1087 887 1124 955 δὲ
1146 889 1416 977 συμβουλευτικὸν

200 989 236 1057 έκ
262 996 318 1058 τοῦ
339 989 581 1081 ἐπιθυμητικοῦ
597 1041 604 1058 .
621 1041 629 1058 .
645 1044 653 1061 .
670 1043 677 1058 .
693 989 732 1060 τὸ
755 989 792 1059 δὲ
819 989 1038 1082 πανηγυρικὸν
1060 987 1095 1058 ἐκ
1116 995 1173 1057 τοῦ
1195 993 1416 1079 λογιστικοῦ.)

200 1095 307 1160 Isdem
323 1095 392 1161 iere
404 1095 511 1162 verbis
524 1094 702 1180 sedemque
714 1095 946 1162 distributione
957 1097 1064 1161 utitur
1074 1093 1199 1179 Doxop.
1213 1096 1258 1161 VI
1269 1118 1301 1180 p.
1313 1103 1352 1164 21
1367 1118 1415 1181 sq.

284 1197 393 1263 Aliam
414 1218 490 1264 vero
512 1197 722 1282 partitionem
744 1198 848 1263 tradit
870 1199 1059 1283 Doxopoter
1081 1197 1112 1262 11
1135 1220 1166 1283 p.
1192 1207 1250 1268 101
1269 1221 1326 1284 sq„
1350 1220 1416 1283 que

199 1300 448 1367 deliberativum
471 1321 573 1384 genus
596 1299 756 1366 tribuitur
775 1303 823 1390 τῷ
845 1301 965 1389 λογικῷ
986 1297 1079 1389 μέρει
1100 1303 1159 1386 τῆς
1175 1305 1290 1388 ψυχῆς,
1315 1324 1415 1387 peue-

200 1403 344 1489 gyrioum
360 1425 406 1491 τῳ
390 1399 666 1492 ἐπιθυμητικῷ.
699 1405 808 1489 Atque
825 1406 910 1470 hano
927 1403 1139 1470 divisionem
1129 1403 1311 1470 invenimus
1326 1404 1414 1489 apud

200 1505 339 1571 Plenud.
367 1504 455 1589 Vp
478 1512 555 1588 216,
579 1505 676 1575 Troil.
700 1506 798 1591 le.
823 1515 878 1588 54,
912 1505 1414 1608 Georg.Dieeret.VIp.5153

200 1612 303 1674 Anon.
326 1607 440 1692 VHp.
466 1615 527 1676 108
549 1609 597 1675 W.

285 1711 356 1776 Etsi
377 1711 541 1795 spondere
563 1733 627 1779 non
649 1734 823 1797 possumus
846 1713 945 1779 talem
961 1711 1064 1778 animi
1079 1711 1223 1796 portium
1246 1733 1319 1776 oum
1341 1711 1415 1778 rhe-

202 1815 324 1882 toricus
346 1813 497 1898 pertibus
519 1821 764 1899 congruentiam
788 1837 809 1882 a
831 1816 950 1883 Stoicis
973 1813 1155 1899 profectam
1178 1835 1249 1880 esse
1271 1815 1414 1881 auotori-

200 1920 276 1999 bus,
308 1923 417 1983 tumen
439 1921 570 1982 oonstot
597 1917 787 1984 Cleanthem
811 1926 846 1984 et
871 1918 1084 1984 Posidonium
1118 1916 1232 1982 eadem
1265 1916 1323 1983 illu
1349 1918 1415 1990 trie

176 2063 177 2068 κ
198 2025 307 2110 ψυχῆς
326 2015 428 2107 μόρια
454 2020 502 2085 its
528 2020 730 2104 probavisse,
753 2026 791 2086 ut
817 2021 1030 2088 dissentirent
1057 2019 1219 2086 aoeteris
1247 2019 1414 2103 Stoicis.²)

199 2122 338 2190 Aooedit
360 2121 450 2205 quod
473 2123 542 2189 eius
566 2123 654 2189 modi
670 2125 929 2209 comparationes
954 2122 1095 2190 maxime
1111 2122 1319 2189 consentiunt
1341 2144 1414 2190 eum

198 2226 384 2293 Stoicorum
406 2225 651 2308 consuetudine,
671 2228 793 2312 quippe
806 2228 861 2312 qui
875 2232 941 2294 tres
965 2227 1041 2293 illas
1056 2224 1284 2311 philosophiae
1299 2232 1410 2310 portes

196 2328 294 2394 modo
317 2348 388 2393 oum
413 2330 571 2412 pomerio,
594 2329 691 2394 modo
714 2351 787 2395 oum
811 2351 871 2396 oro
894 2331 1031 2414 eiusque
1052 2327 1220 2413 partibus,
1243 2327 1339 2394 modo
1362 2333 1413 2414 (ut

197 2430 406 2515 Posidonius)
434 2452 507 2497 oum
535 2432 671 2497 animali
694 2439 727 2499 et
750 2433 820 2499 eius
843 2433 996 2500 membris
1019 2431 1262 2511 contulerintl)
1305 2435 1413 2515 Atque

196 2536 260 2600 iam
282 2555 384 2618 supro
399 2537 648 2601 commemorari
670 2535 704 2600 in
725 2535 840 2621 primis
856 2535 976 2601 Zenoni
999 2534 1083 2602 tales
1105 2533 1363 2618 comparationes
1378 2535 1414 2600 in

196 2636 322 2702 deliciis
338 2635 449 2704 fuisse.
476 2639 618 2705 Praeirit
633 2639 667 2703 in
682 2639 733 2703 his
749 2638 878 2705 Stoicos
902 2639 1045 2723 quodam
1060 2637 1156 2703 modo
1173 2635 1277 2717 Plato,
1301 2636 1357 2722 qni
1378 2637 1412 2702 in

195 2737 346 2806 Phaedro
369 2761 400 2824 p.
423 2741 523 2809 2640
546 2743 726 2809 orationem
754 2763 827 2806 oum
854 2741 989 2808 animali
1011 2745 1195 2824 comparat:
1228 2731 1310 2804 ἀλλὰ
1336 2737 1414 2808 τόδε

194 2866 230 2931 ys
252 2835 346 2927 οἶμαί
366 2864 404 2908 σε
425 2840 527 2931 φάναι
549 2837 602 2925 its,
625 2844 693 2911 δεῖν
718 2841 828 2912 πάντα
849 2843 945 2931 λόγον
966 2839 1080 2931 ὥσπερ
1104 2841 1189 2929 ζῷον
1211 2839 1411 2926 συνεστάναι,

196 2939 290 3030 σῶμά
306 2970 339 3012 τι
354 2939 465 3028 ἔχοντα
480 2939 577 3014 αὐτὸν
592 2941 696 3031 αὑτοῦ,
721 2943 807 3014 ὥστε
820 2945 902 3034 μήτε
918 2940 1083 3035 ἀκέφαλον
1097 2938 1181 3012 εἶναι
1195 2942 1278 3032 μήτε
1294 2938 1409 3030 druove,

195 3042 277 3136 ἀλλὰ
302 3046 389 3133 μέσα
415 3073 451 3115 τε
473 3045 555 3132 dicem
576 3049 633 3116 καὶ
654 3043 736 3138 ῦκρα
763 3044 922 3139 πρέποντ’
946 3043 1096 3138 ἀλλήλοις
1124 3047 1179 3114 καὶ
1206 3053 1254 3137 τῷ
1277 3043 1342 3136 ὅλη)
1364 3072 1413 3135 με·

194 3149 398 3240 μραμμέυαέ)
423 3152 518 3218 Unde
540 3152 678 3219 fortasse
700 3152 912 3239 Apollodorei
934 3151 1074 3236 profecti
1096 3171 1225 3235 semper
1245 3152 1412 3235 prooemio

194 3254 353 3320 utendum
368 3275 439 3320 esse
454 3263 702 3340 praeceperunt,
725 3278 766 3323 ne
789 3249 986 3343 ἀκέφαλος
1000 3254 1094 3319 fieret
1108 3255 1223 3319 oratio.
1233 3255 1260 3340 1)
1303 3258 1411 3338 Atque

193 3356 440 3424 accuratissime
455 3356 636 3424 Stoicorum
656 3380 746 3426 more
768 3358 905 3443 siugulis
921 3359 1065 3442 eorporis
1081 3357 1231 3441 partibus
1254 3357 1411 3423 orationis

194 3465 308 3546 partes
331 3459 532 3544 adaptentur
553 3462 643 3546 epud
665 3461 777 3530 loono.
801 3461 897 3528 Sioel.
920 3460 965 3526 VI
986 3483 1017 3546 p.
1041 3468 1083 3529 60
1104 3461 1152 3530 W.
1163 3462 1190 3547 6)

262 3738 352 3807 ¹)Ru
373 3737 419 3793 Gr.
437 3734 519 3806 Νι).
538 3738 629 3806 qu.
648 3737 692 3791 W.

261 3825 282 3892 ¹)
302 3824 396 3879 Galen.
397 3824 440 3878 de
457 3824 527 3892 plso.
546 3822 627 3892 Hipp
647 3828 675 3877 et
693 3821 762 3879 Plst.
774 3823 818 3879 lib
837 3821 904 3878 Vlll
921 3839 946 3892 p
966 3825 1017 3876 613
1034 3839 1072 3891 sq.
1093 3822 1135 3879 ed.
1154 3824 1200 3878 lu.
1208 3822 1330 3890 Mueller,
1344 3822 1411 3890 Lip-

191 3909 250 3964 siae
270 3909 336 3964 18⁷4
352 3909 416 3978 (vol.
430 3909 498 3978 Vp.
517 3911 567 3963 653
585 3908 705 3978 Kuehn):
730 3905 963 3964 narraturam
1031 3907 1191 4012 ..ἀπέστη
1214 3925 1245 3959 τε
1267 3909 1318 3959 τοῦ
1302 3913 1410 3976 υυ·Χρ

193 4001 300 4047 σ1ππου
323 4000 370 4047 καὶ
394 3992 515 4047 δείκνυσι
531 3997 561 4046 tv
577 3996 611 4066 τῇ
632 3999 706 4095 περὶυ
718 3993 825 4047 παθῶν
846 3947 1022 4066 πραγμυτῦίᾳ
1044 3989 1248 4062 διοικουμένοις
1264 3993 1332 4062 ἡμᾶς
1354 3991 1410 4046 sno*

192 4082 279 4152 τριῶν
295 4078 447 4149 donabam,
474 4081 725 4150 ἐπιθυμητικῆς
755 4099 786 4132 τι
812 4085 859 4132 καὶ
890 4075 1084 4147 θυμοειδοῦ
1068 4099 1144 4134 vus
1128 4083 1175 4132 κα1
1206 4076 1278 4150 loys
1283 4096 1340 4130 οτι
1329 4080 1409 4144 arris-

194 4169 246 4233 Ὶῆσ
264 4165 294 4220 dd
312 4167 393 4234 αὐτῆς
410 4163 520 4233 δέξαι’
507 4187 523 4220 ο
542 4161 698 4218 Ποσιιέιένι
689 4185 729 4221 cos
746 4163 800 4218 idea
802 4165 849 4228 ξεν
866 4164 936 4218 εἴναι
954 4169 1000 4217 καὶ
1017 4165 1070 4218 τὸν
1085 4162 1244 4231 Κλεάνθην.

260 4255 286 4322 ⁸)
303 4253 382 4323 Diog.
401 4253 432 4308 1..
451 4253 573 4320 V1140;
592 4251 668 4307 Sext
686 4251 789 4321 Empir.
809 4251 868 4307 edr.
887 4251 972 4306 math.
990 4249 1102 4320 v11193
1120 4249 1199 4304 Philo
1211 4249 1245 4306 de
1257 4250 1408 4306 mutatione

190 4339 327 4397 nominum
344 4355 370 4408 p.
382 4340 434 4394 669
452 4338 583 4409 bisingen
602 4337 727 4407 despric.
742 4355 769 4408 p.
781 4340 833 4393 802
850 4339 957 4407 Msng.;
975 4336 1066 4392 Zeller
1083 4337 1100 4391 l.
1111 4351 1133 4391 e.
1152 4334 1200 4390 III
1220 4339 1240 4390 1
1255 4351 1282 4405 p.
1302 4337 1409 4390 62111.

258 4425 281 4494 ι)
298 4426 332 4481 et.
350 4425 479 4494 Hermog.
499 4423 526 4480 lI
545 4439 570 4495 p.
588 4427 639 4478 331
658 4425 706 4493 Sp.

259 4513 282 4581 ⁸)
300 4513 386 4568 Anon.
406 4511 420 4566 1
437 4527 465 4580 p.
483 4511 534 4566 131
553 4512 613 4580 8ο.)
632 4511 665 4567 ο1.
684 4527 714 4567 π.
733 4509 780 4582 tp.
798 4525 819 4565 ο.
836 4510 880 4578 40,
900 4511 924 4564 l.

257 4599 280 4670 ο)
298 4597 331 4654 ef.
358 4596 472 4654 Plenud.
493 4597 515 4653 V
534 4613 560 4668 p.
579 4599 647 4668 22&
673 4600 760 4655 Anon.
783 4597 852 4668 Vp.
870 4596 933 4666 6093
963 4593 1001 4652 IV
1020 4611 1047 4665 p.
1065 4597 1100 4650 33
1118 4593 1161 4651 W.
1206 4593 1338 4650 Similiter
1363 4607 1410 4652 no-

1183 4687 1197 4735 e
