3634 5240
874 783 1012 884 Caput
1044 785 1095 866 ll.

415 966 432 1046 ξ
458 964 508 1026 16.
544 964 596 1028 De
619 964 809 1045 rhythmis
833 964 1132 1029 ascendentibus
1154 967 1190 1028 et
1212 964 1551 1031 descendentibus.

456 1144 575 1208 Notum
611 1148 659 1208 est
690 1163 709 1208 a
741 1145 899 1209 veteribus
930 1145 963 1207 in
994 1144 1125 1226 pedibus
1158 1144 1358 1208 dimetiendis
1391 1165 1427 1211 eo
1458 1148 1594 1212 maxime

371 1246 492 1311 differre
515 1247 607 1311 huius
631 1249 741 1312 aetatis
769 1249 850 1310 viros
876 1248 1022 1320 musicos,
1051 1247 1132 1328 quod
1159 1246 1191 1310 hi
1219 1264 1344 1330 semper
1369 1267 1388 1312 a
1417 1253 1505 1332 parte
1528 1249 1595 1314 ictu

369 1369 519 1433 percussa
545 1350 657 1432 pedem
681 1350 815 1434 incipere
839 1350 959 1423 volunt,
985 1349 1030 1414 illi
1052 1352 1159 1413 contra
1183 1350 1274 1414 modo
1298 1352 1336 1414 ab
1360 1351 1419 1416 hac
1441 1352 1532 1417 modo
1555 1354 1594 1418 ab

372 1471 418 1530 ea,
442 1471 522 1534 quae
545 1453 609 1518 ictu
626 1454 777 1518 destituta
793 1455 850 1527 est,
873 1453 961 1536 pedis
978 1455 1075 1535 parte.
1113 1453 1205 1518 Unde
1223 1455 1361 1518 nascitur
1375 1454 1594 1536 rhythmorum

372 1555 607 1621 ascendentium
632 1559 664 1619 et
686 1555 940 1619 descendentium
965 1555 1151 1632 differentia,
1181 1556 1313 1636 quaein
1339 1561 1594 1638 argumentorum

372 1677 495 1739 quoque
522 1659 625 1723 indole
654 1659 821 1741 conspicua
843 1661 906 1734 est,
942 1658 1095 1739 siquidem
1127 1661 1228 1722 metra
1255 1677 1273 1722 a
1296 1658 1426 1740 syllabis
1448 1660 1594 1726 brevibus

371 1763 404 1824 et
435 1762 633 1844 percussione
660 1761 845 1832 ¹canentibus
880 1761 1059 1844 incipientia
1086 1761 1155 1843 plus
1189 1761 1302 1842 rigoris
1335 1781 1409 1844 praa
1443 1781 1476 1827 sa
1506 1764 1594 1842 ferre,

372 1865 527 1928 contraria
549 1869 655 1929 autem
678 1863 830 1946 gravitate
854 1868 887 1928 et
909 1864 1060 1945 dignitate
1082 1863 1217 1945 insignia
1239 1882 1307 1927 esse
1331 1863 1530 1940 ridebantur,
1563 1867 1593 1930 id

372 1967 453 2048 quod
476 1970 634 2032 testantur
657 1989 675 2024 n
700 1965 911 2044 Quintilianus
932 1967 977 2030 IX
999 1970 1028 2043 4,
1053 1968 1110 2030 92;
1142 1985 1262 2044 „acres¹
1287 1986 1367 2048 quae
1390 1987 1426 2032 ex
1448 1970 1594 2035 breuibus

372 2069 408 2132 ad
432 2071 542 2151 longas
565 2071 748 2151 insurgunt3
771 2069 913 2147 leniores,
937 2089 1015 2152 quae
1040 2089 1058 2133 a
1080 2071 1180 2152 longis
1204 2071 1236 2134 in
1258 2070 1369 2135 breves
1390 2072 1594 2138 descendunt.

372 2171 498 2255 Optime
520 2173 668 2256 incipitur
691 2193 708 2235 a
731 2173 846 2254 longis,
871 2175 954 2236 recte
978 2174 1145 2255 aliquando
1169 2192 1187 2237 a
1210 2174 1372 2251 brevibus
1398 2223 1403 2236 .
1429 2222 1436 2236 .
1461 2222 1469 2237 .
1491 2175 1594 2240 lenius

369 2294 388 2339 a
422 2276 545 2341 duabus
578 2276 742 2340 brevibus“
754 2281 776 2356 ¹)
810 2280 841 2340 ct
864 2276 1014 2341 Aristides
1037 2275 1142 2355 Quint.
1176 2296 1206 2358 p.
1231 2277 1269 2338 st
1300 2276 1333 2339 Μ
1355 2305 1398 2331 --
1421 2279 1471 2356 59,
1495 2279 1535 2341 14
1556 2279 1593 2344 J:

369 2382 431 2442 τῶν
454 2375 490 2442 δὲ
506 2383 639 2462 ῥυθμῶν
661 2372 864 2464 ἡσυχαίτεροι
887 2376 947 2460 μὲν
968 2373 998 2442 οὶ
1021 2369 1092 2443 διεδ
1116 2373 1242 2442 θέσεων
1258 2377 1595 2465 innormatum

368 2472 426 2564 τὴν
449 2477 608 2561 διάνοιαν,
633 2477 664 2546 οἱ
691 2474 720 2545 δ’
744 2471 814 2545 ἀπὸ
837 2472 958 2566 δρσειον
979 2484 1019 2567 τῇ
1040 2483 1132 2566 (prosp
1153 2472 1211 2566 τὴν
1233 2487 1362 2565 κροῦσιν
1384 2479 1595 2570 ἐπιφέροντες

256 2667 258 2671 ,
369 2581 608 2670 τεταραγμένοι.
654 2586 763 2649 Eidem
784 2585 927 2668 dactylus
951 2585 989 2649 cb
1012 2584 1042 2647 id
1067 2587 1116 2648 est
1138 2585 1300 2660 sublimis,
1335 2586 1418 2667 quod
1439 2586 1595 2669 incipite

369 2688 471 2768 longa,
494 2708 523 2771 p.
547 2689 585 2750 bl
609 2689 642 2752 M
665 2715 707 2743 =
730 2691 779 2764 33,
803 2689 822 2750 8
845 2689 881 2752 J:
905 2678 956 2769 (τὸ
979 2677 1182 2765 δακεολικὸν)
1207 2683 1399 2775 σεμνότερον
1419 2681 1596 2752 ...ἁπάν-

367 2813 433 2853 των
455 2782 568 2856 διὰτὸ
589 2788 647 2876 τὴν
668 2782 793 2874 μακρὰν
814 2781 867 2854 ἀεί
890 2812 971 2853 ποτε
993 2785 1235 2875 καθηγουμένιμ
1257 2784 1347 2870 ἔχειν.
1393 2790 1496 2870 Quare
1521 2793 1594 2856 Dic·

370 2894 479 2976 nysius
499 2895 585 2970 Hal,
620 2895 673 2958 ubi
698 2913 844 2959 numeros
867 2895 899 2956 in
929 2894 1052 2957 exordio
1075 2893 1215 2957 Platonis
1239 2893 1427 2958 laudationis
1458 2895 1595 2959 funebris

369 2996 504 3060 latentes
539 2997 673 3074 (Manen.
702 2997 764 3060 236
794 2997 837 3060 D:
872 2990 954 3081 ἔργῳ
975 2992 1036 3078 μὲν
1059 2989 1135 3080 ἡμῖν
1161 2993 1230 3058 οἵδε
1252 2989 1379 3075 Qucum
1405 2988 1447 3060 τὰ
1471 2994 1596 3083 προσή-

368 3121 465 3162 κοντα
489 3096 603 3185 σφίσιν
624 3091 744 3178 αἰνιοῖς)
767 3100 908 3182 explicat,
931 3119 986 3182 pro
1008 3098 1100 3182 primi
1123 3098 1209 3180 pedis
1232 3101 1346 3163 natura
1367 3100 1505 3164 indolem
1527 3120 1597 3166 rer-

370 3201 480 3266 borum
509 3202 664 3267 diversam
690 3222 758 3266 esse
787 3203 948 3266 contendit
970 3224 988 3260 ι
1012 3220 1111 3283 comp.
1141 3201 1224 3266 verb.
1253 3222 1279 3267 c.
1305 3203 1344 3264 18
1366 3222 1396 3285 p.
1420 3203 1482 3265 238
1505 3201 1593 3267 Sch:

369 3307 518 3387 βακχεῖος
545 3302 606 3386 μὲν
633 3298 650 3369 ὁ
678 3307 823 3387 πρῶτος·
855 3295 891 3368 οὗ
917 3299 978 3391 μὰρ
1006 3302 1045 3389 δή
1072 3325 1109 3389 γε
1136 3296 1180 3380 ὥς
1206 3296 1325 3387 ἴαμβον
1351 3295 1526 3387 ἀξιώσαιμ’
1556 3297 1595 3369 δν

370 3401 467 3492 ἔγωγε
488 3399 527 3473 ιδ
548 3407 647 3472 κῶλον
667 3405 757 3473 ¹roovri
778 3402 951 3494 ῥυθμίζειν
967 3403 1209 3489 ἐνθυμούμενος,
1223 3400 1275 3470 ὅτι
1291 3397 1348 3472 οὐκ
1363 3402 1596 3490 ἐπιεροχαλοίς

369 3507 422 3574 καί
438 3513 555 3592 ταχεῖς,
572 3501 642 3575 ἀλλ’
660 3502 939 3596 ἀναβεβλημένους
954 3507 1008 3573 καὶ
1020 3507 1152 3596 βραδεῖς
1167 3511 1237 3586 τοῖς
1248 3503 1480 3592 οἰκτιζομένοις
1495 3533 1596 3597 προσ-

369 3616 444 3699 ῆκεν
475 3608 702 3678 ἀποδίδοσθαι
732 3604 807 3690 τοὺς
837 3607 975 3698 χρόνους.
1034 3612 1145 3694 Itaque
1175 3631 1389 3695 quascumque
1417 3614 1500 3678 inter
1521 3615 1594 3678 dao-

369 3717 472 3800 tylum
496 3721 528 3780 et
550 3720 765 3799 anapaestum,
790 3716 972 3780 trochaeum
995 3716 1028 3778 et
1049 3715 1191 3778 iambum
1214 3715 1403 3780 differentias
1420 3717 1594 3781 secundum

369 3821 512 3883 veterum
534 3819 715 3883 testimonia
737 3819 921 3893 statuimus,
956 3837 1010 3882 eas
1032 3817 1065 3882 in
1087 3817 1141 3881 illu
1168 3819 1341 3883 metrorum
1363 3819 1499 3896 ratione,
1533 3838 1596 3901 qua

371 3920 432 3985 alia
448 3940 574 4004 surgere
591 3923 653 3986 ulia
675 3923 786 3986 cadere
802 3922 955 3998 videntur,
977 3922 1094 4004 positas
1118 3939 1186 3985 esse
1208 3921 1373 3986 credamus
1388 3940 1516 3986 necesse
1539 3925 1595 3986 est

457 4042 503 4108 Ut
528 4043 560 4105 in
587 4043 760 4106 metrorum
786 4043 874 4106 initio
904 4043 1015 4125 longae
1047 4041 1189 4106 efficiunt
1220 4040 1346 4105 tardum
1374 4041 1533 4123 quendam
1564 4043 1597 4105 et

370 4163 497 4227 gravem
519 4163 628 4209 versus
651 4145 841 4227 ingressum,
864 4147 910 4210 ita
932 4145 1060 4209 caedem
1087 4144 1286 4208 clausulas
1309 4144 1438 4209 stabiles
1460 4143 1596 4209 reddunt

441 4421 463 4488 ¹)
482 4441 499 4472 ι
517 4419 602 4473 Iulius
622 4417 776 4473 Victorinus
794 4433 852 4484 cap.
872 4421 907 4472 20
923 4419 1050 4484 (Rhetor.
1070 4418 1133 4472 min.
1153 4417 1469 4486 ed.Halmp.433‚13l:
1489 4417 1596 4484 „longis

371 4506 481 4574 syllabis
500 4503 682 4573 incipiendum
701 4504 794 4573 potius
814 4519 893 4571 quam
913 4504 1038 4558 brevibus
1057 4511 1107 4568 est,
1127 4509 1157 4558 ut
1173 4503 1211 4556 sit
1228 4503 1255 4556 in
1273 4502 1386 4558 exordio
1405 4503 1528 4570 dactylus
1547 4509 1597 4558 aut

370 4591 504 4658 spondeus
527 4596 576 4643 cut
596 4605 683 4660 paeon
706 4589 820 4658 primus:
849 4606 1039 4658 nonnunquam
1061 4597 1161 4654 tamen,
1188 4589 1312 4656 quotiens
1339 4589 1522 4642 attendendus
1544 4595 1596 4652 cst,

372 4683 400 4730 ct
418 4677 453 4731 ab
472 4676 563 4731 iambo
582 4676 684 4744 optime
706 4674 858 4744 incipitur.‘·
