3546 5236
895 418 1107 514 ‚mo-

306 674 309 680 .
388 611 503 696 opibus
531 631 687 678 excussus
716 633 766 678 cs:
799 620 854 678 tuo
881 611 962 677 vitio
989 613 1054 677 ista
1081 611 1140 676 tibi
1167 612 1293 677 iactura
1320 617 1387 676 tam
1419 609 1523 675 tristis
1556 617 1613 675 est.

387 738 451 783 non
474 727 541 784 tam
563 719 699 786 moleste
722 719 833 804 ferres,
858 719 884 786 si
909 727 1075 803 tamquam
1097 718 1282 804 perditurus
1306 719 1487 785 habuisses.

493 825 672 911 ‘pecuniam
694 823 844 910 perdidi'.
891 847 1008 912 nempe
1031 845 1128 909 quam
1152 833 1187 890 nt
1209 832 1243 890 tu
1267 825 1406 892 haberes
1429 825 1514 890 alius
1538 831 1614 888 ante

387 931 584 1018 perdiderat.

342 1038 363 1103 5
398 1040 470 1104 XII.
493 1037 613 1105 ‘oculos
637 1036 783 1124 perdidi’.
830 1039 930 1105 habet
953 1048 986 1105 et
1008 1060 1072 1105 nox
1095 1059 1173 1106 suas
1196 1039 1391 1124 voluptates.

492 1146 612 1213 ‘oculos
635 1144 783 1231 perdidi’.
830 1165 927 1229 quam
954 1145 1064 1213 multis
1092 1145 1326 1230 cupiditatibus
1349 1146 1404 1210 vla
1427 1144 1532 1210 incisa
1557 1151 1616 1209 est

388 1275 483 1338 quam
511 1253 621 1320 multis
648 1254 831 1320 homiuibus
860 1255 987 1332 carebo,
1021 1273 1102 1338 quos
1130 1273 1171 1319 ne
1198 1253 1343 1320 viderem
1376 1249 1530 1340 [vellem],
1563 1251 1615 1316 vel

387 1360 519 1428 eruendi
544 1368 643 1427 erant
676 1381 740 1427 non
763 1361 928 1444 intellegis
951 1368 1077 1446 partem
1094 1380 1168 1428 csse
1181 1360 1386 1426 innocentiae
1400 1357 1616 1426 caecitatem?

386 1468 460 1533 huic
484 1468 569 1533 oculi
587 1467 781 1534 adulterium
796 1475 984 1552 monstrant,
1007 1468 1083 1533 huic
1097 1469 1263 1552 incestum,
1286 1466 1362 1531 huic
1376 1466 1504 1531 domum
1519 1484 1616 1548 quam

322 1574 364 1638 10
387 1576 604 1659 concupiscat,
627 1575 701 1640 huic
725 1577 842 1659 orbem,
866 1574 1074 1641 inritamenta
1097 1575 1255 1656 vitiorum,
1280 1573 1380 1640 duces
1404 1573 1573 1640 scelerum.

386 1681 475 1748 XIII.
493 1682 597 1748 ‘amisi
620 1679 762 1748 liberos’.
797 1683 915 1748 stultus
938 1702 975 1748 es
998 1683 1053 1765 qni
1076 1681 1136 1748 fles
1160 1687 1295 1747 mortem
1311 1680 1504 1747 mortalium.
1537 1678 1616 1763 quid

387 1791 460 1854 istic
484 1799 540 1854 aut
563 1789 677 1854 mirum
700 1796 757 1853 aut
779 1809 897 1855 novum
921 1790 993 1854 est?
1039 1809 1136 1872 quam
1164 1810 1238 1855 rara
1267 1795 1317 1855 est
1346 1789 1416 1854 sine
1444 1789 1506 1854 isto
1537 1807 1615 1852 casu

387 1895 523 1961 domus?
579 1895 670 1980 quid,
704 1897 732 1962 si
764 1896 925 1962 infelicem
957 1917 1055 1963 voces
1089 1898 1249 1980 arborem,
1282 1894 1369 1979 quod
1402 1903 1509 1961 stante
1542 1893 1616 1978 ipsa

386 2003 507 2069 cadant
529 2003 648 2088 poma?
686 2010 719 2068 et
741 2003 794 2068 hic
819 2011 892 2068 tuus
916 2001 1037 2070 fructus
1061 2011 1120 2069 est
1165 2023 1259 2068 nemo
1283 2011 1376 2067 extra
1398 2002 1496 2066 ictum
1520 2000 1615 2066 istius
1635 1999 1653 2059 l

322 2106 362 2172 15
385 2111 528 2176 vulneris
551 2110 678 2194 positus
702 2116 766 2175 est:
791 2109 950 2174 ducuntur
974 2129 1013 2174 cx
1036 2109 1166 2195 plebeia
1190 2109 1285 2174 domo
1308 2110 1469 2173 inmatura
1492 2106 1616 2190 funera,

386 2217 547 2283 ducuntur
576 2237 614 2282 cx
643 2217 742 2300 regia.
789 2237 853 2282 uon
885 2224 935 2282 est
967 2216 1054 2282 idem
1086 2217 1145 2282 lati
1178 2215 1257 2281 ordo
1288 2217 1343 2299 qui
1375 2215 1504 2280 aetatis.
1552 2233 1616 2278 non

386 2307 549 2408 quomodo
575 2324 711 2407 quisque
738 2323 827 2388 venit
856 2323 1019 2388 emittitur.
1067 2323 1145 2406 quid
1173 2323 1226 2388 hic
1253 2331 1361 2388 tamen
1386 2330 1436 2388 est
1459 2320 1548 2404 quod
1571 2321 1615 2384 in-

387 2431 554 2514 digneris?
609 2429 686 2513 quid
728 2437 840 2495 contra
878 2431 1137 2515 expectationem
1174 2438 1264 2495 tuam
1300 2429 1428 2496 evenit?
1488 2430 1616 2512 perlerc

385 2539 529 2625 perituri.
1711 2589 1712 2624 1

320 2639 364 2704 20
493 2644 561 2710 ‘sed
589 2665 650 2728 ego
678 2645 753 2710 illos
786 2647 978 2731 superstites
1010 2646 1088 2710 mihi
1120 2642 1330 2731 optaveram.
1376 2644 1434 2711 sed
1466 2643 1528 2708 lroc
1558 2635 1652 2708 tibi3
1711 2719 1712 2722 ¹

385 2772 478 2818 nemo
502 2753 704 2836 promiserat.

478 2915 490 2966 1
510 2913 607 2967 ouibus
625 2929 751 2967 excussus
770 2911 814 2980 (ex
832 2931 900 2967 corr.
916 2931 950 2968 ex
968 2913 990 2980 s)
1011 2912 1040 2983 SI
1055 2913 1108 2967 tibi
1124 2916 1226 2968 natura
1237 2912 1268 2982 Vl
1287 2913 1374 2968 2non
1387 2917 1446 2968 tam
1461 2913 1530 2978 (tam
1546 2929 1614 2967 corr.

384 3022 419 3058 ec
437 3001 482 3070 tu)
501 3000 534 3070 Ρ1
562 3003 578 3056 2
597 3002 740 3057 molestam
760 3006 787 3056 te
806 3001 875 3056 feres
894 2999 924 3070 81
952 3001 1113 3071 perdidurus
1133 3003 1155 3056 S
1172 3001 1377 3072 perditnrssPl
1407 3003 1424 3056 3
1442 3018 1541 3070 nempe
1565 3019 1614 3057 our.

385 3094 461 3162 ΗΜ.
482 3092 584 3161 quippe
599 3089 629 3160 Vl
648 3109 733 3160 quam
746 3109 795 3146 orn.
811 3088 866 3158 Pal
885 3095 951 3145 unte
970 3095 999 3146 te
1013 3091 1171 3160 perdiderat
1185 3093 1261 3146 Hild.
1276 3093 1395 3158 forrum
1408 3088 1480 3160 recte}
1500 3090 1616 3144 thabet

384 3201 454 3237 corr.
465 3201 499 3237 ex
511 3181 656 3236 habebitS
669 3181 717 3235 sed
731 3181 816 3236 habet
829 3180 909 3250 Hild}
925 3181 1010 3235 habet
1026 3197 1089 3235 mox
1103 3181 1163 3247 (om.
1179 3181 1217 3247 et)
1237 3179 1269 3250 Vl
1283 3181 1441 3250 uoluptates
1455 3197 1518 3234 suas
1533 3181 1615 3246 Hira..

385 3271 543 3326 uoluntates
559 3268 588 3338 81
608 3271 625 3325 6
643 3271 737 3324 oculus
756 3268 786 3339 Sl
806 3270 981 3338 cupientibus
996 3268 1026 3338 Vi
1044 3272 1057 3322 7
1073 3287 1171 3324 careno
1185 3272 1208 3325 S
1221 3271 1325 3325 carebis
1338 3269 1385 3339 apd
1406 3269 1506 3324 uellem
1519 3271 1614 3324 deleri:

384 3361 505 3415 uiderem
520 3360 621 3414 uellem
636 3361 659 3415 S
676 3359 769 3414 uidere
782 3359 883 3413 uellem
896 3361 947 3412 PR
966 3359 1058 3414 uidere
1073 3361 1179 3428 uellent
1198 3361 1225 3428 Vl
1244 3363 1261 3414 8
1275 3359 1379 3429 partim
1393 3356 1421 3428 81
1438 3375 1494 3413 esse
1505 3361 1613 3428 purtem

385 3449 542 3504 innocentie
561 3450 587 3516 (o
601 3467 687 3517 supra
703 3450 780 3514 cers.)
795 3448 940 3502 cecitatem
954 3449 982 3502 P
997 3453 1106 3518 partem
1123 3448 1282 3503 innocentie
1300 3465 1358 3504 esse
1372 3449 1517 3504 cecitatem
1536 3445 1612 3515 ch-²

384 3541 401 3594 9
425 3539 594 3594 adulterium
612 3538 684 3593 oculi
708 3537 738 3606 Vi
770 3540 802 3592 10
825 3538 1061 3606 concupiscantS
1087 3537 1256 3608 concupiscit
1280 3535 1310 3607 V!
1338 3538 1431 3592 orbem
1457 3538 1489 3592 S:
1517 3538 1613 3591 urbem

390 3625 597 3696 VPch.Vr'nc.l
616 3636 677 3682 autc
696 3627 829 3681 ultionum
848 3646 888 3695 op.
900 3631 962 3682 cdd.
982 3626 1056 3696 suntl
1076 3627 1148 3682 oculi
1168 3628 1242 3682 enim
1260 3630 1326 3682 sunt
1339 3627 1516 3682 irritamenta
1529 3621 1610 3692 Vinci

384 3718 481 3772 ducem
492 3721 522 3770 iu
533 3718 614 3771 duces
624 3715 727 3784 mutPj
742 3727 805 3785 post
820 3717 952 3770 scelerum
962 3737 1003 3785 cp.
1014 3721 1075 3771 add.
1087 3720 1166 3772 cartu
1181 3717 1305 3772 fomenta
1320 3716 1447 3771 malitiae
1460 3719 1493 3769 at
1507 3717 1614 3770 Hecale

384 3805 495 3874 secluaul
516 3807 547 3860 ll
559 3805 641 3860 amici
656 3804 754 3873 (cupra
767 3824 781 3859 c
795 3808 943 3874 positccat
958 3804 1028 3875 ε1Ρ1
1048 3807 1151 3860 stultus
1170 3810 1213 3861 est
1231 3806 1280 3874 qni
1299 3807 1345 3860 liet
1364 3807 1391 3860 P
1407 3805 1509 3860 stultus
1524 3823 1550 3860 cs
1565 3803 1613 3873 qni

384 3895 465 3950 defles
479 3906 526 3964 opt
544 3894 647 3948 stultus
665 3897 708 3948 est
726 3894 774 3962 qui
793 3898 911 3949 mortem
924 3896 1086 3950 mortalium
1100 3895 1266 3950 defletHr'ld.
1286 3896 1388 3950 stultus
1407 3895 1514 3963 estqui
1532 3894 1613 3950 deflet

384 3988 501 4039 mortem
525 3983 684 4038 mortalium
709 3981 789 4050 Vinci
816 3984 976 4038 mortalium
1000 3990 1117 4040 mortem
1142 3983 1176 4054 nl
1204 4003 1282 4039 casus
1305 3985 1466 4039 mortalium
1484 3985 1611 4038 Pr'urt'cm'

384 4083 432 4129 vat.
451 4072 513 4142 lecti
541 4073 608 4140 quid
626 4073 678 4127 hoc
696 4090 799 4126 nouum
818 4077 867 4127 aut
890 4073 992 4126 mirum
1015 4078 1057 4128 est
1081 4073 1160 4144 Vicat
1189 4075 1222 4128 12
1246 4074 1293 4128 isti
1313 4075 1336 4130 S
1357 4073 1432 4128 istud
1449 4072 1483 4143 Ρ1
1510 4091 1610 4128 nouum

385 4167 435 4219 cut
454 4164 553 4217 mirum
573 4167 615 4218 est
638 4160 711 4232 ch}
738 4163 770 4216 13
789 4163 856 4230 quid
875 4166 941 4216 sunt
959 4162 1067 4220 felicem
1085 4181 1164 4218 noces
1183 4164 1263 4218 arbor
1282 4166 1323 4218 est
1340 4161 1376 4230 Ρ1
1403 4163 1427 4216 si
1445 4163 1554 4218 felicem
1576 4161 1608 4230 l'l

384 4253 459 4308 uocis
478 4250 507 4322 81
535 4269 590 4321 quo
608 4254 700 4306 stante
720 4253 741 4306 S
759 4252 832 4320 quod
849 4255 943 4307 stante
962 4251 1001 4320 (te
1017 4256 1048 4307 in
1066 4255 1134 4318 rus.)
1154 4251 1185 4322 nl
1224 4256 1252 4306 14
1277 4253 1376 4308 cadent
1393 4253 1422 4306 P
1442 4252 1544 4307 cudunt
1561 4249 1608 4321 ”dd

383 4343 465 4397 istius
483 4361 533 4398 cm.
553 4339 682 4409 VPRopd
699 4343 730 4394 15
745 4341 850 4410 positus
869 4341 991 4396 uulneris
1007 4339 1035 4409 111
1054 4342 1279 4412 expleneiadomo
1294 4343 1323 4411 Sp
1346 4343 1376 4394 lii
1386 4341 1525 4396 ducuntur
1538 4345 1566 4396 et
1580 4357 1609 4394 ex

384 4431 432 4502 cpi
450 4431 516 4500 quia
535 4431 636 4485 aetatis
651 4431 673 4484 S
690 4429 779 4498 quiet
792 4448 869 4484 casus
888 4431 916 4484 P
931 4431 980 4498 qui
995 4436 1023 4485 ct
1038 4431 1139 4486 aetatis
1154 4429 1228 4500 vad
1248 4432 1280 4486 17
1296 4430 1403 4485 uenerit
1413 4429 1448 4497 Ρ1
1459 4432 1573 4486 emittar
1582 4428 1609 4500 81

384 4521 451 4588 Quis
461 4522 505 4575 hic
515 4519 548 4588 Ρ1
562 4520 630 4589 quid
638 4522 733 4574 tamen
744 4523 786 4573 est
795 4519 841 4574 hic
850 4521 922 4587 quod
933 4522 958 4573 R
972 4520 1040 4588 quid
1054 4521 1099 4575 hic
1112 4524 1155 4575 est
1169 4524 1262 4575 tamen
1277 4521 1344 4590 quid
1359 4519 1390 4590 Vl
1400 4521 1449 4589 qui
1461 4519 1608 4590 indigneris

384 4608 417 4680 Ρ1
448 4611 481 4664 18
508 4615 587 4664 extra
610 4609 828 4678 expectationem
853 4607 883 4678 Vl
911 4627 1024 4679 pergere
1047 4611 1081 4678 P,
1104 4615 1150 4664 sed
1174 4614 1204 4664 tn
1227 4628 1314 4677 morp.
1337 4609 1442 4679 periere
1465 4613 1607 4680 adscripsit

364 4747 365 4750 ,
383 4700 525 4768 perierunt
535 4700 617 4767 Hr'ldl
631 4701 665 4752 20
680 4699 749 4750 mihi
764 4717 813 4751 ora.
830 4697 903 4768 val
918 4701 1079 4754 obtaneram
1095 4703 1117 4755 S
1122 4699 1124 4768 1
1139 4717 1220 4754 nemo
1234 4700 1287 4754 tibi
1301 4708 1347 4770 vy}
1362 4701 1395 4753 al
1406 4697 1604 4768 permiseratP
