<?xml version="1.0" encoding="UTF-8"?>
<!DOCTYPE html PUBLIC "-//W3C//DTD XHTML 1.0 Transitional//EN"
    "http://www.w3.org/TR/xhtml1/DTD/xhtml1-transitional.dtd">
<html xmlns="http://www.w3.org/1999/xhtml" xml:lang="en" lang="en">
 <head>
  <title>
</title>
<meta http-equiv="Content-Type" content="text/html;charset=utf-8" />
  <meta name='ocr-system' content='tesseract 3.04.00' />
  <meta name='ocr-capabilities' content='ocr_page ocr_carea ocr_par ocr_line ocrx_word'/>
</head>
<body>
  <div class='ocr_page' id='page_1' title='image "./destoicorumstud00strigoog_0299.png"; bbox 0 0 3598 5226; ppageno 0'>
   <div class='ocr_carea' id='block_1_1' title="bbox 888 409 1099 510">
    <p class='ocr_par' dir='ltr' id='par_1_1' title="bbox 888 409 1099 510">
     <span class='ocr_line' id='line_1_1' title="bbox 888 409 1099 510; baseline 0 -34"><span class='ocrx_word' id='word_1_1' title='bbox 888 409 1099 510; x_wconf 51' lang='lat' dir='ltr'><strong>—mo-</strong></span> 
     </span>
    </p>
   </div>
   <div class='ocr_carea' id='block_1_2' title="bbox 379 623 1602 1242">
    <p class='ocr_par' dir='ltr' id='par_1_2' title="bbox 379 623 1602 1242">
     <span class='ocr_line' id='line_1_2' title="bbox 381 623 1599 722; baseline 0 -22"><span class='ocrx_word' id='word_1_2' title='bbox 381 627 628 722; x_wconf 63' lang='grc' dir='ltr'><strong><em>ἀσφαλέστερος,</em></strong></span> <span class='ocrx_word' id='word_1_3' title='bbox 639 635 662 713; x_wconf 88' lang='lat'><strong>¹)</strong></span> <span class='ocrx_word' id='word_1_4' title='bbox 684 623 722 698; x_wconf 80' lang='grc' dir='ltr'><strong>τὸ</strong></span> <span class='ocrx_word' id='word_1_5' title='bbox 742 633 1041 721; x_wconf 74' lang='grc' dir='ltr'><strong><em>μεγαλοπρεπὲς</em></strong></span> <span class='ocrx_word' id='word_1_6' title='bbox 1062 633 1122 719; x_wconf 85' lang='grc' dir='ltr'><strong>μὲν</strong></span> <span class='ocrx_word' id='word_1_7' title='bbox 1136 631 1172 700; x_wconf 80' lang='grc' dir='ltr'><strong>ἐκ</strong></span> <span class='ocrx_word' id='word_1_8' title='bbox 1193 636 1252 722; x_wconf 79' lang='grc' dir='ltr'><strong>τῆς</strong></span> <span class='ocrx_word' id='word_1_9' title='bbox 1273 637 1400 722; x_wconf 81' lang='grc' dir='ltr'><strong><em>μακρᾶς</em></strong></span> <span class='ocrx_word' id='word_1_10' title='bbox 1416 633 1599 721; x_wconf 77' lang='grc' dir='ltr'><em>λαμβάνων,</em></span> 
     </span>
     <span class='ocr_line' id='line_1_3' title="bbox 379 732 1600 826; baseline 0.002 -23"><span class='ocrx_word' id='word_1_11' title='bbox 379 735 418 803; x_wconf 84' lang='grc' dir='ltr'><strong>τὸ</strong></span> <span class='ocrx_word' id='word_1_12' title='bbox 448 733 575 823; x_wconf 78' lang='grc' dir='ltr'><strong><em>λογικὸν</em></strong></span> <span class='ocrx_word' id='word_1_13' title='bbox 607 733 644 801; x_wconf 81' lang='grc' dir='ltr'><strong>δὲ</strong></span> <span class='ocrx_word' id='word_1_14' title='bbox 675 732 711 800; x_wconf 85' lang='grc' dir='ltr'><strong>ίκ</strong></span> <span class='ocrx_word' id='word_1_15' title='bbox 741 740 804 802; x_wconf 80' lang='grc' dir='ltr'><strong>τῶν</strong></span> <span class='ocrx_word' id='word_1_16' title='bbox 834 743 1006 826; x_wconf 78' lang='grc' dir='ltr'><strong><em>βραχειῶν,</em></strong></span> <span class='ocrx_word' id='word_1_17' title='bbox 1041 742 1174 805; x_wconf 89' lang='lat' dir='ltr'><strong>alteram</strong></span> <span class='ocrx_word' id='word_1_18' title='bbox 1200 741 1232 803; x_wconf 94' lang='lat' dir='ltr'><strong>in</strong></span> <span class='ocrx_word' id='word_1_19' title='bbox 1261 760 1321 805; x_wconf 90' lang='lat' dir='ltr'><strong>usu</strong></span> <span class='ocrx_word' id='word_1_20' title='bbox 1347 741 1434 824; x_wconf 86' lang='lat' dir='ltr'><strong>pedis</strong></span> <span class='ocrx_word' id='word_1_21' title='bbox 1464 742 1600 826; x_wconf 75' lang='lat' dir='ltr'><strong>positam</strong></span> 
     </span>
     <span class='ocr_line' id='line_1_4' title="bbox 381 837 1601 926; baseline 0.002 -20"><span class='ocrx_word' id='word_1_22' title='bbox 381 841 538 906; x_wconf 83' lang='lat' dir='ltr'><strong>Maximus</strong></span> <span class='ocrx_word' id='word_1_23' title='bbox 561 839 720 906; x_wconf 90' lang='lat' dir='ltr'><strong>Planudes</strong></span> <span class='ocrx_word' id='word_1_24' title='bbox 743 863 762 900; x_wconf 76' lang='grc' dir='ltr'><strong><em>κ</em></strong></span> <span class='ocrx_word' id='word_1_25' title='bbox 786 842 882 908; x_wconf 89' lang='lat' dir='ltr'><strong>sobol.</strong></span> <span class='ocrx_word' id='word_1_26' title='bbox 904 842 1054 926; x_wconf 90' lang='lat' dir='ltr'><strong>Hermog.</strong></span> <span class='ocrx_word' id='word_1_27' title='bbox 1078 843 1106 906; x_wconf 89' lang='lat' dir='ltr'>V</span> <span class='ocrx_word' id='word_1_28' title='bbox 1127 845 1201 921; x_wconf 84' lang='lat'>493,</span> <span class='ocrx_word' id='word_1_29' title='bbox 1223 844 1312 907; x_wconf 86' lang='lat' dir='ltr'><strong>8W:</strong></span> <span class='ocrx_word' id='word_1_30' title='bbox 1336 837 1368 908; x_wconf 80' lang='grc' dir='ltr'><strong>οἱ</strong></span> <span class='ocrx_word' id='word_1_31' title='bbox 1385 892 1392 907; x_wconf 93' lang='grc'><em>.</em></span> <span class='ocrx_word' id='word_1_32' title='bbox 1410 893 1417 908; x_wconf 92' lang='grc'><strong>.</strong></span> <span class='ocrx_word' id='word_1_33' title='bbox 1434 893 1441 908; x_wconf 94' lang='grc'><strong>.</strong></span> <span class='ocrx_word' id='word_1_34' title='bbox 1458 839 1601 922; x_wconf 78' lang='grc' dir='ltr'><strong><em>παίωνες</em></strong></span> 
     </span>
     <span class='ocr_line' id='line_1_5' title="bbox 381 937 1602 1030; baseline 0 -20"><span class='ocrx_word' id='word_1_35' title='bbox 381 938 487 1010; x_wconf 74' lang='grc' dir='ltr'><strong><em>εἶκαὶ</em></strong></span> <span class='ocrx_word' id='word_1_36' title='bbox 509 944 594 1030; x_wconf 83' lang='grc' dir='ltr'><strong><em>τρεῖς</em></strong></span> <span class='ocrx_word' id='word_1_37' title='bbox 615 937 770 1029; x_wconf 81' lang='grc' dir='ltr'><strong><em>βραχείας</em></strong></span> <span class='ocrx_word' id='word_1_38' title='bbox 792 941 925 1024; x_wconf 70' lang='grc' dir='ltr'><strong><em>ἕκαστος</em></strong></span> <span class='ocrx_word' id='word_1_39' title='bbox 947 942 1069 1011; x_wconf 70' lang='lat' dir='ltr'><strong>roricone</strong></span> <span class='ocrx_word' id='word_1_40' title='bbox 1091 940 1166 1027; x_wconf 70' lang='grc' dir='ltr'><strong><em>ἔχει,</em></strong></span> <span class='ocrx_word' id='word_1_41' title='bbox 1183 937 1253 1010; x_wconf 76' lang='grc' dir='ltr'><strong><em>ἀλλ’</em></strong></span> <span class='ocrx_word' id='word_1_42' title='bbox 1277 943 1352 1011; x_wconf 78' lang='grc' dir='ltr'><strong><em>ἐπεὶ</em></strong></span> <span class='ocrx_word' id='word_1_43' title='bbox 1366 939 1441 1026; x_wconf 82' lang='grc' dir='ltr'><strong><em>τοὺς</em></strong></span> <span class='ocrx_word' id='word_1_44' title='bbox 1456 949 1602 1026; x_wconf 78' lang='grc' dir='ltr'><strong><em>παιᾶνας</em></strong></span> 
     </span>
     <span class='ocr_line' id='line_1_6' title="bbox 382 1034 1602 1138; baseline 0.002 -26"><span class='ocrx_word' id='word_1_45' title='bbox 382 1040 513 1138; x_wconf 64' lang='grc' dir='ltr'><strong><em>ᾅδοντες</em></strong></span> <span class='ocrx_word' id='word_1_46' title='bbox 535 1043 674 1133; x_wconf 78' lang='grc' dir='ltr'><strong><em>ἐχρῶντο</em></strong></span> <span class='ocrx_word' id='word_1_47' title='bbox 696 1036 803 1124; x_wconf 75' lang='grc' dir='ltr'><strong><em>αὐτοῖς</em></strong></span> <span class='ocrx_word' id='word_1_48' title='bbox 825 1042 854 1112; x_wconf 82' lang='lat' dir='ltr'><strong>oi</strong></span> <span class='ocrx_word' id='word_1_49' title='bbox 877 1045 1032 1130; x_wconf 90' lang='grc' dir='ltr'><strong><em>παλαιοί,</em></strong></span> <span class='ocrx_word' id='word_1_50' title='bbox 1061 1047 1175 1133; x_wconf 82' lang='grc' dir='ltr'><strong><em>σεμνοί</em></strong></span> <span class='ocrx_word' id='word_1_51' title='bbox 1198 1047 1235 1113; x_wconf 80' lang='grc' dir='ltr'><strong>δὲ</strong></span> <span class='ocrx_word' id='word_1_52' title='bbox 1258 1034 1346 1114; x_wconf 67' lang='grc' dir='ltr'><strong><em>οὗτοι</em></strong></span> <span class='ocrx_word' id='word_1_53' title='bbox 1369 1043 1415 1128; x_wconf 77' lang='grc' dir='ltr'><strong>ιίς</strong></span> <span class='ocrx_word' id='word_1_54' title='bbox 1435 1045 1483 1130; x_wconf 86' lang='grc' dir='ltr'><strong>είς</strong></span> <span class='ocrx_word' id='word_1_55' title='bbox 1503 1047 1602 1128; x_wconf 73' lang='grc' dir='ltr'><strong><em>θεοὺς</em></strong></span> 
     </span>
     <span class='ocr_line' id='line_1_7' title="bbox 382 1145 1251 1242; baseline 0 -26"><span class='ocrx_word' id='word_1_56' title='bbox 382 1145 542 1242; x_wconf 76' lang='grc' dir='ltr'><strong><em>ᾀδόμενοι,</em></strong></span> <span class='ocrx_word' id='word_1_57' title='bbox 565 1145 620 1214; x_wconf 81' lang='grc' dir='ltr'><strong>διὰ</strong></span> <span class='ocrx_word' id='word_1_58' title='bbox 642 1151 736 1215; x_wconf 72' lang='grc' dir='ltr'><strong>τοῦτο</strong></span> <span class='ocrx_word' id='word_1_59' title='bbox 757 1147 812 1214; x_wconf 85' lang='grc' dir='ltr'><strong><em>καί</em></strong></span> <span class='ocrx_word' id='word_1_60' title='bbox 831 1149 986 1240; x_wconf 85' lang='grc' dir='ltr'><strong><em>χρήσιμοι</em></strong></span> <span class='ocrx_word' id='word_1_61' title='bbox 1007 1155 1048 1239; x_wconf 72' lang='grc' dir='ltr'><strong>τῇ</strong></span> <span class='ocrx_word' id='word_1_62' title='bbox 1069 1149 1251 1241; x_wconf 78' lang='grc' dir='ltr'><strong><em>σεμνότητι.</em></strong></span> 
     </span>
    </p>
   </div>
   <div class='ocr_carea' id='block_1_3' title="bbox 558 1408 1422 1496">
    <p class='ocr_par' dir='ltr' id='par_1_3' title="bbox 558 1408 1422 1496">
     <span class='ocr_line' id='line_1_8' title="bbox 558 1408 1422 1496; baseline 0.006 -24"><span class='ocrx_word' id='word_1_63' title='bbox 558 1408 649 1490; x_wconf 76' lang='lat' dir='ltr'><strong>§2e</strong></span> <span class='ocrx_word' id='word_1_64' title='bbox 694 1409 747 1474; x_wconf 92' lang='lat' dir='ltr'><strong>De</strong></span> <span class='ocrx_word' id='word_1_65' title='bbox 770 1410 1045 1494; x_wconf 76' lang='lat' dir='ltr'>amphibracho</span> <span class='ocrx_word' id='word_1_66' title='bbox 1068 1412 1169 1480; x_wconf 84' lang='lat' dir='ltr'><strong>etde</strong></span> <span class='ocrx_word' id='word_1_67' title='bbox 1193 1413 1422 1496; x_wconf 76' lang='lat' dir='ltr'><strong>antispasto.</strong></span> 
     </span>
    </p>
   </div>
   <div class='ocr_carea' id='block_1_4' title="bbox 374 1563 1600 3816">
    <p class='ocr_par' dir='ltr' id='par_1_4' title="bbox 378 1563 1600 2887">
     <span class='ocr_line' id='line_1_9' title="bbox 465 1563 1600 1650; baseline 0.004 -22"><span class='ocrx_word' id='word_1_68' title='bbox 465 1563 654 1648; x_wconf 90' lang='lat' dir='ltr'><strong>Appendiois</strong></span> <span class='ocrx_word' id='word_1_69' title='bbox 685 1564 786 1628; x_wconf 84' lang='lat' dir='ltr'><strong>instar</strong></span> <span class='ocrx_word' id='word_1_70' title='bbox 818 1564 949 1630; x_wconf 88' lang='lat' dir='ltr'><strong>adneoto</strong></span> <span class='ocrx_word' id='word_1_71' title='bbox 979 1565 1028 1631; x_wconf 88' lang='lat' dir='ltr'><strong>bis</strong></span> <span class='ocrx_word' id='word_1_72' title='bbox 1058 1566 1135 1631; x_wconf 82' lang='lat' dir='ltr'><strong>lonis</strong></span> <span class='ocrx_word' id='word_1_73' title='bbox 1164 1567 1344 1632; x_wconf 87' lang='lat' dir='ltr'><strong>testimonia</strong></span> <span class='ocrx_word' id='word_1_74' title='bbox 1375 1567 1530 1650; x_wconf 86' lang='lat' dir='ltr'><strong>quaedam</strong></span> <span class='ocrx_word' id='word_1_75' title='bbox 1561 1567 1600 1633; x_wconf 92' lang='lat' dir='ltr'><strong>de</strong></span> 
     </span>
     <span class='ocr_line' id='line_1_10' title="bbox 380 1665 1600 1755; baseline 0 -22"><span class='ocrx_word' id='word_1_76' title='bbox 380 1667 503 1733; x_wconf 92' lang='lat' dir='ltr'><strong>duobus</strong></span> <span class='ocrx_word' id='word_1_77' title='bbox 524 1665 667 1750; x_wconf 85' lang='lat' dir='ltr'><strong>pedibus,</strong></span> <span class='ocrx_word' id='word_1_78' title='bbox 690 1685 706 1730; x_wconf 94' lang='lat' dir='ltr'><strong>e</strong></span> <span class='ocrx_word' id='word_1_79' title='bbox 729 1667 843 1749; x_wconf 88' lang='lat' dir='ltr'><strong>quibus</strong></span> <span class='ocrx_word' id='word_1_80' title='bbox 865 1669 997 1750; x_wconf 81' lang='lat' dir='ltr'><strong>legitimi</strong></span> <span class='ocrx_word' id='word_1_81' title='bbox 1018 1689 1127 1735; x_wconf 84' lang='lat' dir='ltr'><strong>versus</strong></span> <span class='ocrx_word' id='word_1_82' title='bbox 1149 1689 1212 1735; x_wconf 92' lang='lat' dir='ltr'><strong>non</strong></span> <span class='ocrx_word' id='word_1_83' title='bbox 1235 1671 1329 1748; x_wconf 86' lang='lat' dir='ltr'><strong>liunt,</strong></span> <span class='ocrx_word' id='word_1_84' title='bbox 1359 1671 1413 1753; x_wconf 90' lang='lat' dir='ltr'><strong>qui</strong></span> <span class='ocrx_word' id='word_1_85' title='bbox 1435 1687 1600 1755; x_wconf 80' lang='lat' dir='ltr'><strong>perversae</strong></span> 
     </span>
     <span class='ocr_line' id='line_1_11' title="bbox 381 1768 1599 1860; baseline 0.002 -25"><span class='ocrx_word' id='word_1_86' title='bbox 381 1768 659 1860; x_wconf 86' lang='lat' dir='ltr'><strong>grammatioorum</strong></span> <span class='ocrx_word' id='word_1_87' title='bbox 675 1768 833 1835; x_wconf 85' lang='lat' dir='ltr'><strong>doetrinae</strong></span> <span class='ocrx_word' id='word_1_88' title='bbox 856 1771 905 1835; x_wconf 83' lang='lat' dir='ltr'><strong>rel</strong></span> <span class='ocrx_word' id='word_1_89' title='bbox 921 1773 1025 1855; x_wconf 88' lang='lat' dir='ltr'><strong>potius</strong></span> <span class='ocrx_word' id='word_1_90' title='bbox 1049 1774 1151 1839; x_wconf 88' lang='lat' dir='ltr'><strong>studio</strong></span> <span class='ocrx_word' id='word_1_91' title='bbox 1173 1773 1219 1838; x_wconf 93' lang='lat' dir='ltr'><strong>illi</strong></span> <span class='ocrx_word' id='word_1_92' title='bbox 1234 1773 1392 1855; x_wconf 88' lang='lat' dir='ltr'><strong>quaslibet</strong></span> <span class='ocrx_word' id='word_1_93' title='bbox 1406 1771 1599 1856; x_wconf 86' lang='lat' dir='ltr'><strong>syllabarum</strong></span> 
     </span>
     <span class='ocr_line' id='line_1_12' title="bbox 380 1873 1599 1958; baseline 0 -18"><span class='ocrx_word' id='word_1_94' title='bbox 380 1873 608 1956; x_wconf 83' lang='lat' dir='ltr'><strong>eomplexiones</strong></span> <span class='ocrx_word' id='word_1_95' title='bbox 631 1873 723 1936; x_wconf 79' lang='lat' dir='ltr'><strong>certis</strong></span> <span class='ocrx_word' id='word_1_96' title='bbox 748 1873 866 1955; x_wconf 89' lang='lat' dir='ltr'><strong>pedum</strong></span> <span class='ocrx_word' id='word_1_97' title='bbox 887 1875 1066 1941; x_wconf 90' lang='lat' dir='ltr'><strong>nominibus</strong></span> <span class='ocrx_word' id='word_1_98' title='bbox 1093 1876 1281 1958; x_wconf 84' lang='lat' dir='ltr'><strong>insigniendi</strong></span> <span class='ocrx_word' id='word_1_99' title='bbox 1303 1876 1453 1957; x_wconf 81' lang='lat' dir='ltr'><strong>originem</strong></span> <span class='ocrx_word' id='word_1_100' title='bbox 1475 1875 1599 1954; x_wconf 86' lang='lat' dir='ltr'><strong>debent,</strong></span> 
     </span>
     <span class='ocr_line' id='line_1_13' title="bbox 381 1974 1599 2062; baseline 0.001 -20"><span class='ocrx_word' id='word_1_101' title='bbox 381 1975 693 2060; x_wconf 89' lang='lat' dir='ltr'><strong>amphibraobum</strong></span> <span class='ocrx_word' id='word_1_102' title='bbox 717 1974 785 2040; x_wconf 90' lang='lat' dir='ltr'><strong>dioo</strong></span> <span class='ocrx_word' id='word_1_103' title='bbox 801 1979 833 2040; x_wconf 89' lang='lat' dir='ltr'><strong>et</strong></span> <span class='ocrx_word' id='word_1_104' title='bbox 854 1978 1122 2061; x_wconf 87' lang='lat' dir='ltr'><strong>antispastum.</strong></span> <span class='ocrx_word' id='word_1_105' title='bbox 1166 1981 1269 2062; x_wconf 80' lang='lat' dir='ltr'><strong>Atque</strong></span> <span class='ocrx_word' id='word_1_106' title='bbox 1284 1978 1374 2044; x_wconf 91' lang='lat' dir='ltr'><strong>illum</strong></span> <span class='ocrx_word' id='word_1_107' title='bbox 1391 1979 1469 2044; x_wconf 88' lang='lat' dir='ltr'><strong>nihil</strong></span> <span class='ocrx_word' id='word_1_108' title='bbox 1485 1979 1599 2044; x_wconf 85' lang='lat' dir='ltr'><strong>babere</strong></span> 
     </span>
     <span class='ocr_line' id='line_1_14' title="bbox 379 2078 1599 2166; baseline -0.001 -21"><span class='ocrx_word' id='word_1_109' title='bbox 379 2078 620 2165; x_wconf 82' lang='lat' dir='ltr'><strong>pulchritudinis</strong></span> <span class='ocrx_word' id='word_1_110' title='bbox 643 2097 716 2143; x_wconf 90' lang='lat' dir='ltr'><strong>oum</strong></span> <span class='ocrx_word' id='word_1_111' title='bbox 739 2079 907 2161; x_wconf 84' lang='lat' dir='ltr'><strong>Dionysius</strong></span> <span class='ocrx_word' id='word_1_112' title='bbox 929 2081 1000 2146; x_wconf 89' lang='lat' dir='ltr'><strong>Hal.</strong></span> <span class='ocrx_word' id='word_1_113' title='bbox 1023 2082 1114 2147; x_wconf 90' lang='lat' dir='ltr'><strong>dooet</strong></span> <span class='ocrx_word' id='word_1_114' title='bbox 1143 2101 1242 2166; x_wconf 90' lang='lat' dir='ltr'><strong>oomp.</strong></span> <span class='ocrx_word' id='word_1_115' title='bbox 1264 2083 1348 2146; x_wconf 89' lang='lat' dir='ltr'><strong>verb.</strong></span> <span class='ocrx_word' id='word_1_116' title='bbox 1372 2101 1398 2147; x_wconf 87' lang='lat' dir='ltr'><strong>e.</strong></span> <span class='ocrx_word' id='word_1_117' title='bbox 1423 2083 1461 2145; x_wconf 80' lang='grc'><strong>17</strong></span> <span class='ocrx_word' id='word_1_118' title='bbox 1485 2103 1513 2166; x_wconf 93' lang='lat' dir='ltr'><strong>p.</strong></span> <span class='ocrx_word' id='word_1_119' title='bbox 1537 2083 1599 2146; x_wconf 83' lang='lat'><strong>222</strong></span> 
     </span>
     <span class='ocr_line' id='line_1_15' title="bbox 380 2173 1600 2272; baseline 0 -23"><span class='ocrx_word' id='word_1_120' title='bbox 380 2184 468 2249; x_wconf 77' lang='lat' dir='ltr'><strong>Son:</strong></span> <span class='ocrx_word' id='word_1_121' title='bbox 492 2173 510 2248; x_wconf 86' lang='grc' dir='ltr'>ὁ</span> <span class='ocrx_word' id='word_1_122' title='bbox 533 2231 540 2245; x_wconf 95' lang='grc'><em>.</em></span> <span class='ocrx_word' id='word_1_123' title='bbox 564 2229 571 2245; x_wconf 92' lang='grc'><strong>.</strong></span> <span class='ocrx_word' id='word_1_124' title='bbox 595 2229 602 2245; x_wconf 94' lang='grc'><strong>.</strong></span> <span class='ocrx_word' id='word_1_125' title='bbox 625 2173 833 2270; x_wconf 77' lang='grc' dir='ltr'><strong><em>ἀμφίβραχυς</em></strong></span> <span class='ocrx_word' id='word_1_126' title='bbox 847 2231 855 2247; x_wconf 92' lang='grc'><strong>.</strong></span> <span class='ocrx_word' id='word_1_127' title='bbox 871 2231 877 2246; x_wconf 95' lang='grc'>.</span> <span class='ocrx_word' id='word_1_128' title='bbox 894 2231 900 2247; x_wconf 93' lang='grc'><em>.</em></span> <span class='ocrx_word' id='word_1_129' title='bbox 917 2175 953 2247; x_wconf 81' lang='grc' dir='ltr'><strong><em>αὖ</em></strong></span> <span class='ocrx_word' id='word_1_130' title='bbox 968 2181 1095 2272; x_wconf 81' lang='grc' dir='ltr'><strong><em>σφόδρα</em></strong></span> <span class='ocrx_word' id='word_1_131' title='bbox 1115 2186 1180 2250; x_wconf 81' lang='grc' dir='ltr'><strong>τῶν</strong></span> <span class='ocrx_word' id='word_1_132' title='bbox 1202 2176 1407 2271; x_wconf 78' lang='grc' dir='ltr'><strong><em>εὐσχημόνων</em></strong></span> <span class='ocrx_word' id='word_1_133' title='bbox 1429 2180 1500 2249; x_wconf 80' lang='grc' dir='ltr'><strong><em>ἐστὶ</em></strong></span> <span class='ocrx_word' id='word_1_134' title='bbox 1521 2188 1600 2271; x_wconf 70' lang='grc' dir='ltr'><strong><em>ῥαβ-</em></strong></span> 
     </span>
     <span class='ocr_line' id='line_1_16' title="bbox 380 2275 1597 2374; baseline 0.002 -24"><span class='ocrx_word' id='word_1_135' title='bbox 380 2288 458 2367; x_wconf 86' lang='grc' dir='ltr'><strong><em>ιιῶν,</em></strong></span> <span class='ocrx_word' id='word_1_136' title='bbox 486 2275 569 2350; x_wconf 77' lang='grc' dir='ltr'><strong><em>ἀλλὰ</em></strong></span> <span class='ocrx_word' id='word_1_137' title='bbox 590 2280 823 2349; x_wconf 67' lang='grc' dir='ltr'><strong><em>διακέκλασταί</em></strong></span> <span class='ocrx_word' id='word_1_138' title='bbox 843 2309 878 2350; x_wconf 83' lang='grc' dir='ltr'><strong>τε</strong></span> <span class='ocrx_word' id='word_1_139' title='bbox 900 2285 955 2351; x_wconf 86' lang='grc' dir='ltr'><strong><em>καί</em></strong></span> <span class='ocrx_word' id='word_1_140' title='bbox 982 2279 1066 2352; x_wconf 81' lang='grc' dir='ltr'><strong><em>πολὺ</em></strong></span> <span class='ocrx_word' id='word_1_141' title='bbox 1090 2279 1129 2353; x_wconf 82' lang='grc' dir='ltr'><strong>τὸ</strong></span> <span class='ocrx_word' id='word_1_142' title='bbox 1151 2286 1251 2374; x_wconf 73' lang='grc' dir='ltr'><strong><em>θῆλυ</em></strong></span> <span class='ocrx_word' id='word_1_143' title='bbox 1279 2285 1334 2352; x_wconf 84' lang='grc' dir='ltr'><strong><em>καὶ</em></strong></span> <span class='ocrx_word' id='word_1_144' title='bbox 1361 2279 1494 2374; x_wconf 79' lang='grc' dir='ltr'><strong><em>ἃχενὲς</em></strong></span> <span class='ocrx_word' id='word_1_145' title='bbox 1523 2281 1597 2368; x_wconf 74' lang='grc' dir='ltr'><strong><em>ἔχει,</em></strong></span> 
     </span>
     <span class='ocr_line' id='line_1_17' title="bbox 379 2388 1597 2476; baseline 0 -22"><span class='ocrx_word' id='word_1_146' title='bbox 379 2393 448 2454; x_wconf 90' lang='lat' dir='ltr'><strong>tum</strong></span> <span class='ocrx_word' id='word_1_147' title='bbox 470 2388 679 2471; x_wconf 87' lang='lat' dir='ltr'><strong>Augustinus,</strong></span> <span class='ocrx_word' id='word_1_148' title='bbox 714 2388 767 2473; x_wconf 93' lang='lat' dir='ltr'><strong>qui</strong></span> <span class='ocrx_word' id='word_1_149' title='bbox 789 2389 827 2454; x_wconf 87' lang='lat' dir='ltr'><strong>de</strong></span> <span class='ocrx_word' id='word_1_150' title='bbox 851 2389 908 2454; x_wconf 89' lang='lat' dir='ltr'><strong>boo</strong></span> <span class='ocrx_word' id='word_1_151' title='bbox 931 2410 1023 2456; x_wconf 87' lang='lat' dir='ltr'><strong>versu</strong></span> <span class='ocrx_word' id='word_1_152' title='bbox 1050 2396 1167 2456; x_wconf 87' lang='lat' dir='ltr'><strong>‘sumas</strong></span> <span class='ocrx_word' id='word_1_153' title='bbox 1195 2391 1314 2476; x_wconf 86' lang='lat' dir='ltr'><strong>optima</strong></span> <span class='ocrx_word' id='word_1_154' title='bbox 1340 2390 1436 2456; x_wconf 87' lang='lat' dir='ltr'><strong>isoias</strong></span> <span class='ocrx_word' id='word_1_155' title='bbox 1456 2391 1597 2456; x_wconf 86' lang='lat' dir='ltr'><strong>honesta&#39;</strong></span> 
     </span>
     <span class='ocr_line' id='line_1_18' title="bbox 380 2491 1600 2579; baseline 0 -21"><span class='ocrx_word' id='word_1_156' title='bbox 380 2491 468 2576; x_wconf 88' lang='lat'>(—-‚</span> <span class='ocrx_word' id='word_1_157' title='bbox 492 2529 513 2536; x_wconf 99' lang='lat'><em>-</em></span> <span class='ocrx_word' id='word_1_158' title='bbox 530 2524 545 2541; x_wconf 73' lang='grc' dir='ltr'><strong><em>ν</em></strong></span> <span class='ocrx_word' id='word_1_159' title='bbox 563 2523 597 2569; x_wconf 75' lang='grc' dir='ltr'><strong>ν,</strong></span> <span class='ocrx_word' id='word_1_160' title='bbox 625 2522 641 2541; x_wconf 80' lang='grc' dir='ltr'><strong><em>ν</em></strong></span> <span class='ocrx_word' id='word_1_161' title='bbox 659 2523 676 2544; x_wconf 81' lang='grc' dir='ltr'><strong><em>ν</em></strong></span> <span class='ocrx_word' id='word_1_162' title='bbox 690 2529 728 2568; x_wconf 88' lang='grc'><strong>-,</strong></span> <span class='ocrx_word' id='word_1_163' title='bbox 756 2525 771 2542; x_wconf 73' lang='grc' dir='ltr'><strong><em>ν</em></strong></span> <span class='ocrx_word' id='word_1_164' title='bbox 786 2529 809 2537; x_wconf 93' lang='grc'>-</span> <span class='ocrx_word' id='word_1_165' title='bbox 824 2491 858 2575; x_wconf 79' lang='grc' dir='ltr'><strong>ν)</strong></span> <span class='ocrx_word' id='word_1_166' title='bbox 885 2495 933 2558; x_wconf 91' lang='lat' dir='ltr'><strong>ter</strong></span> <span class='ocrx_word' id='word_1_167' title='bbox 955 2496 1085 2577; x_wconf 86' lang='lat' dir='ltr'><strong>repetito</strong></span> <span class='ocrx_word' id='word_1_168' title='bbox 1109 2495 1297 2579; x_wconf 78' lang='lat' dir='ltr'><strong>discipulum</strong></span> <span class='ocrx_word' id='word_1_169' title='bbox 1325 2495 1400 2560; x_wconf 84' lang='lat' dir='ltr'><strong>feeit</strong></span> <span class='ocrx_word' id='word_1_170' title='bbox 1421 2495 1600 2559; x_wconf 78' lang='lat' dir='ltr'><strong>exclamau-</strong></span> 
     </span>
     <span class='ocr_line' id='line_1_19' title="bbox 378 2594 1599 2682; baseline 0.001 -22"><span class='ocrx_word' id='word_1_171' title='bbox 378 2597 444 2661; x_wconf 87' lang='lat' dir='ltr'><strong>tem</strong></span> <span class='ocrx_word' id='word_1_172' title='bbox 466 2595 517 2678; x_wconf 88' lang='lat' dir='ltr'><strong>(de</strong></span> <span class='ocrx_word' id='word_1_173' title='bbox 540 2614 621 2660; x_wconf 86' lang='lat' dir='ltr'><strong>mus.</strong></span> <span class='ocrx_word' id='word_1_174' title='bbox 643 2594 677 2658; x_wconf 88' lang='lat' dir='ltr'>H</span> <span class='ocrx_word' id='word_1_175' title='bbox 700 2596 767 2676; x_wconf 87' lang='lat'>13):</span> <span class='ocrx_word' id='word_1_176' title='bbox 802 2595 958 2673; x_wconf 77' lang='lat' dir='ltr'><strong>„iamiam</strong></span> <span class='ocrx_word' id='word_1_177' title='bbox 980 2597 1117 2676; x_wconf 87' lang='lat' dir='ltr'><strong>obseoro,</strong></span> <span class='ocrx_word' id='word_1_178' title='bbox 1139 2618 1231 2682; x_wconf 86' lang='lat' dir='ltr'><strong>parea</strong></span> <span class='ocrx_word' id='word_1_179' title='bbox 1253 2599 1381 2663; x_wconf 87' lang='lat' dir='ltr'><strong>auribus</strong></span> <span class='ocrx_word' id='word_1_180' title='bbox 1404 2597 1500 2662; x_wconf 88' lang='lat' dir='ltr'><strong>meis:</strong></span> <span class='ocrx_word' id='word_1_181' title='bbox 1523 2615 1599 2661; x_wconf 89' lang='lat' dir='ltr'><strong>nam</strong></span> 
     </span>
     <span class='ocr_line' id='line_1_20' title="bbox 378 2698 1597 2785; baseline -0.002 -20"><span class='ocrx_word' id='word_1_182' title='bbox 378 2701 474 2765; x_wconf 85' lang='lat' dir='ltr'><strong>etiam</strong></span> <span class='ocrx_word' id='word_1_183' title='bbox 495 2699 608 2783; x_wconf 86' lang='lat' dir='ltr'><strong>plausu</strong></span> <span class='ocrx_word' id='word_1_184' title='bbox 630 2717 692 2764; x_wconf 92' lang='lat' dir='ltr'><strong>non</strong></span> <span class='ocrx_word' id='word_1_185' title='bbox 716 2698 850 2776; x_wconf 87' lang='lat' dir='ltr'><strong>admoto,</strong></span> <span class='ocrx_word' id='word_1_186' title='bbox 873 2700 1012 2785; x_wconf 88' lang='lat' dir='ltr'><strong>ipseper</strong></span> <span class='ocrx_word' id='word_1_187' title='bbox 1034 2720 1066 2765; x_wconf 86' lang='lat' dir='ltr'><strong>se</strong></span> <span class='ocrx_word' id='word_1_188' title='bbox 1090 2701 1202 2766; x_wconf 89' lang='lat' dir='ltr'><strong>borum</strong></span> <span class='ocrx_word' id='word_1_189' title='bbox 1222 2701 1339 2785; x_wconf 91' lang='lat' dir='ltr'><strong>pedum</strong></span> <span class='ocrx_word' id='word_1_190' title='bbox 1355 2719 1466 2766; x_wconf 87' lang='lat' dir='ltr'><strong>oursus</strong></span> <span class='ocrx_word' id='word_1_191' title='bbox 1488 2701 1521 2764; x_wconf 93' lang='lat' dir='ltr'><strong>in</strong></span> <span class='ocrx_word' id='word_1_192' title='bbox 1543 2701 1597 2764; x_wconf 92' lang='lat' dir='ltr'><strong>illo</strong></span> 
     </span>
     <span class='ocr_line' id='line_1_21' title="bbox 379 2801 1205 2887; baseline 0.001 -19"><span class='ocrx_word' id='word_1_193' title='bbox 379 2801 604 2887; x_wconf 85' lang='lat' dir='ltr'><strong>amphibraoho</strong></span> <span class='ocrx_word' id='word_1_194' title='bbox 626 2802 962 2868; x_wconf 87' lang='lat' dir='ltr'><strong>vehementissime</strong></span> <span class='ocrx_word' id='word_1_195' title='bbox 984 2805 1205 2870; x_wconf 87' lang='lat' dir='ltr'><strong>elaudioat.“</strong></span> 
     </span>
    </p>

    <p class='ocr_par' dir='ltr' id='par_1_5' title="bbox 374 2904 1599 3816">
     <span class='ocr_line' id='line_1_22' title="bbox 464 2904 1598 2989; baseline -0.002 -18"><span class='ocrx_word' id='word_1_196' title='bbox 464 2904 580 2971; x_wconf 88' lang='lat' dir='ltr'><strong>Similis</strong></span> <span class='ocrx_word' id='word_1_197' title='bbox 608 2907 657 2970; x_wconf 83' lang='lat' dir='ltr'><strong>est</strong></span> <span class='ocrx_word' id='word_1_198' title='bbox 678 2904 816 2970; x_wconf 86' lang='lat' dir='ltr'><strong>eondioio</strong></span> <span class='ocrx_word' id='word_1_199' title='bbox 845 2907 1118 2989; x_wconf 87' lang='lat' dir='ltr'><strong>antispastioorum</strong></span> <span class='ocrx_word' id='word_1_200' title='bbox 1141 2909 1326 2985; x_wconf 84' lang='lat' dir='ltr'><strong>metrorum,</strong></span> <span class='ocrx_word' id='word_1_201' title='bbox 1360 2925 1440 2989; x_wconf 84' lang='lat' dir='ltr'><strong>quae</strong></span> <span class='ocrx_word' id='word_1_202' title='bbox 1468 2907 1505 2970; x_wconf 84' lang='lat' dir='ltr'><strong>ut</strong></span> <span class='ocrx_word' id='word_1_203' title='bbox 1532 2925 1598 2970; x_wconf 90' lang='lat' dir='ltr'><strong>om·</strong></span> 
     </span>
     <span class='ocr_line' id='line_1_23' title="bbox 376 3009 1598 3090; baseline 0.001 -17"><span class='ocrx_word' id='word_1_204' title='bbox 376 3010 451 3074; x_wconf 93' lang='lat' dir='ltr'><strong>nino</strong></span> <span class='ocrx_word' id='word_1_205' title='bbox 482 3009 642 3087; x_wconf 89' lang='lat' dir='ltr'><strong>„iambiois</strong></span> <span class='ocrx_word' id='word_1_206' title='bbox 671 3009 941 3090; x_wconf 77' lang='lat' dir='ltr'><strong>coniugationibus</strong></span> <span class='ocrx_word' id='word_1_207' title='bbox 966 3057 972 3072; x_wconf 95' lang='lat'><strong>.</strong></span> <span class='ocrx_word' id='word_1_208' title='bbox 997 3058 1003 3073; x_wconf 95' lang='lat'><strong>.</strong></span> <span class='ocrx_word' id='word_1_209' title='bbox 1028 3058 1034 3074; x_wconf 91' lang='lat'><strong>.</strong></span> <span class='ocrx_word' id='word_1_210' title='bbox 1058 3013 1091 3076; x_wconf 90' lang='lat' dir='ltr'><strong>et</strong></span> <span class='ocrx_word' id='word_1_211' title='bbox 1117 3011 1344 3076; x_wconf 87' lang='lat' dir='ltr'><strong>iuoundiora</strong></span> <span class='ocrx_word' id='word_1_212' title='bbox 1371 3011 1447 3074; x_wconf 92' lang='lat' dir='ltr'><strong>sunt</strong></span> <span class='ocrx_word' id='word_1_213' title='bbox 1476 3013 1510 3075; x_wconf 92' lang='lat' dir='ltr'><strong>et</strong></span> <span class='ocrx_word' id='word_1_214' title='bbox 1540 3027 1598 3074; x_wconf 90' lang='lat' dir='ltr'><strong>so·</strong></span> 
     </span>
     <span class='ocr_line' id='line_1_24' title="bbox 376 3110 1596 3196; baseline -0.002 -18"><span class='ocrx_word' id='word_1_215' title='bbox 376 3116 488 3178; x_wconf 89' lang='lat' dir='ltr'><strong>nora“</strong></span> <span class='ocrx_word' id='word_1_216' title='bbox 518 3110 609 3193; x_wconf 84' lang='lat' dir='ltr'><strong>(Mar.</strong></span> <span class='ocrx_word' id='word_1_217' title='bbox 631 3111 712 3176; x_wconf 87' lang='lat' dir='ltr'><strong>Viot.</strong></span> <span class='ocrx_word' id='word_1_218' title='bbox 734 3131 764 3194; x_wconf 93' lang='lat' dir='ltr'><strong>p.</strong></span> <span class='ocrx_word' id='word_1_219' title='bbox 788 3113 839 3189; x_wconf 87' lang='grc'><strong>88,</strong></span> <span class='ocrx_word' id='word_1_220' title='bbox 863 3113 904 3174; x_wconf 86' lang='grc'><strong>34</strong></span> <span class='ocrx_word' id='word_1_221' title='bbox 926 3112 958 3175; x_wconf 91' lang='grc' dir='ltr'><strong>Κ</strong></span> <span class='ocrx_word' id='word_1_222' title='bbox 979 3139 1022 3168; x_wconf 85' lang='lat'><strong><em>=</em></strong></span> <span class='ocrx_word' id='word_1_223' title='bbox 1043 3114 1140 3179; x_wconf 85' lang='lat' dir='ltr'><strong>Iubae</strong></span> <span class='ocrx_word' id='word_1_224' title='bbox 1164 3114 1275 3196; x_wconf 87' lang='lat' dir='ltr'><strong>fragm.</strong></span> <span class='ocrx_word' id='word_1_225' title='bbox 1300 3113 1385 3177; x_wconf 83' lang='lat'>104*</span> <span class='ocrx_word' id='word_1_226' title='bbox 1406 3111 1468 3194; x_wconf 88' lang='grc' dir='ltr'><strong>Η),</strong></span> <span class='ocrx_word' id='word_1_227' title='bbox 1499 3113 1544 3177; x_wconf 84' lang='lat' dir='ltr'><strong>sio</strong></span> <span class='ocrx_word' id='word_1_228' title='bbox 1565 3112 1596 3176; x_wconf 91' lang='lat' dir='ltr'><strong>in</strong></span> 
     </span>
     <span class='ocr_line' id='line_1_25' title="bbox 377 3213 1597 3300; baseline -0.001 -19"><span class='ocrx_word' id='word_1_229' title='bbox 377 3215 527 3281; x_wconf 73' lang='lat' dir='ltr'><strong>clausulis</strong></span> <span class='ocrx_word' id='word_1_230' title='bbox 554 3213 679 3299; x_wconf 89' lang='lat' dir='ltr'><strong>pedem,</strong></span> <span class='ocrx_word' id='word_1_231' title='bbox 713 3214 796 3278; x_wconf 92' lang='lat' dir='ltr'><strong>unde</strong></span> <span class='ocrx_word' id='word_1_232' title='bbox 822 3233 936 3279; x_wconf 91' lang='lat' dir='ltr'><strong>nomeu</strong></span> <span class='ocrx_word' id='word_1_233' title='bbox 963 3218 1141 3292; x_wconf 83' lang='lat' dir='ltr'><strong>traxerunt,</strong></span> <span class='ocrx_word' id='word_1_234' title='bbox 1175 3218 1299 3300; x_wconf 89' lang='lat' dir='ltr'><strong>penitus</strong></span> <span class='ocrx_word' id='word_1_235' title='bbox 1327 3216 1465 3298; x_wconf 87' lang='lat' dir='ltr'><strong>fugiunt,</strong></span> <span class='ocrx_word' id='word_1_236' title='bbox 1501 3216 1597 3280; x_wconf 93' lang='lat' dir='ltr'><strong>immo</strong></span> 
     </span>
     <span class='ocr_line' id='line_1_26' title="bbox 376 3310 1598 3402; baseline -0.001 -18"><span class='ocrx_word' id='word_1_237' title='bbox 376 3318 553 3384; x_wconf 85' lang='lat' dir='ltr'><strong>seeundum</strong></span> <span class='ocrx_word' id='word_1_238' title='bbox 576 3315 744 3381; x_wconf 83' lang='lat' dir='ltr'><strong>Aristidem</strong></span> <span class='ocrx_word' id='word_1_239' title='bbox 767 3315 873 3396; x_wconf 86' lang='lat' dir='ltr'><strong>Quint</strong></span> <span class='ocrx_word' id='word_1_240' title='bbox 896 3321 937 3402; x_wconf 89' lang='lat' dir='ltr'><strong>(p.</strong></span> <span class='ocrx_word' id='word_1_241' title='bbox 963 3321 1049 3384; x_wconf 84' lang='grc' dir='ltr'><strong>54Μ</strong></span> <span class='ocrx_word' id='word_1_242' title='bbox 1070 3347 1112 3376; x_wconf 83' lang='grc'><strong>--·</strong></span> <span class='ocrx_word' id='word_1_243' title='bbox 1135 3322 1184 3398; x_wconf 84' lang='grc'><strong>35,</strong></span> <span class='ocrx_word' id='word_1_244' title='bbox 1201 3321 1281 3400; x_wconf 85' lang='lat' dir='ltr'><strong>9J):</strong></span> <span class='ocrx_word' id='word_1_245' title='bbox 1305 3310 1357 3402; x_wconf 80' lang='grc' dir='ltr'><strong>(τὸ</strong></span> <span class='ocrx_word' id='word_1_246' title='bbox 1379 3311 1598 3384; x_wconf 79' lang='grc' dir='ltr'><strong><em>ἂνιισπασκι-</em></strong></span> 
     </span>
     <span class='ocr_line' id='line_1_27' title="bbox 375 3410 1599 3508; baseline 0.001 -22"><span class='ocrx_word' id='word_1_247' title='bbox 375 3417 445 3505; x_wconf 72' lang='lat' dir='ltr'><strong>aba)</strong></span> <span class='ocrx_word' id='word_1_248' title='bbox 478 3410 536 3508; x_wconf 74' lang='grc' dir='ltr'><strong>τὴν</strong></span> <span class='ocrx_word' id='word_1_249' title='bbox 565 3414 738 3507; x_wconf 82' lang='grc' dir='ltr'><strong><em>κατάληξιν</em></strong></span> <span class='ocrx_word' id='word_1_250' title='bbox 769 3412 1013 3508; x_wconf 74' lang='grc' dir='ltr'><strong><em>εὐπρεπείας</em></strong></span> <span class='ocrx_word' id='word_1_251' title='bbox 1045 3419 1150 3487; x_wconf 71' lang='grc' dir='ltr'><strong><em>ἕνεκεν</em></strong></span> <span class='ocrx_word' id='word_1_252' title='bbox 1180 3417 1227 3502; x_wconf 85' lang='grc' dir='ltr'><strong>εἰς</strong></span> <span class='ocrx_word' id='word_1_253' title='bbox 1260 3414 1416 3508; x_wconf 83' lang='grc' dir='ltr'><strong><em>ίαμβικὴν</em></strong></span> <span class='ocrx_word' id='word_1_254' title='bbox 1446 3414 1599 3508; x_wconf 73' lang='grc' dir='ltr'><strong><em>καθαρὰν</em></strong></span> 
     </span>
     <span class='ocr_line' id='line_1_28' title="bbox 376 3521 1599 3609; baseline 0.002 -21"><span class='ocrx_word' id='word_1_255' title='bbox 376 3525 531 3588; x_wconf 84' lang='grc' dir='ltr'><strong><em>ποιεῖται.</em></strong></span> <span class='ocrx_word' id='word_1_256' title='bbox 575 3521 644 3601; x_wconf 83' lang='lat' dir='ltr'><strong>Quo</strong></span> <span class='ocrx_word' id='word_1_257' title='bbox 667 3541 740 3588; x_wconf 86' lang='lat' dir='ltr'><strong>oum</strong></span> <span class='ocrx_word' id='word_1_258' title='bbox 762 3523 873 3590; x_wconf 91' lang='lat' dir='ltr'><strong>iudioio</strong></span> <span class='ocrx_word' id='word_1_259' title='bbox 896 3529 1073 3609; x_wconf 78' lang='lat' dir='ltr'><strong>congruunt</strong></span> <span class='ocrx_word' id='word_1_260' title='bbox 1094 3526 1212 3591; x_wconf 85' lang='lat' dir='ltr'><strong>Marius</strong></span> <span class='ocrx_word' id='word_1_261' title='bbox 1234 3527 1350 3590; x_wconf 87' lang='lat' dir='ltr'><strong>Vietor.</strong></span> <span class='ocrx_word' id='word_1_262' title='bbox 1383 3546 1413 3609; x_wconf 93' lang='lat' dir='ltr'><strong>p.</strong></span> <span class='ocrx_word' id='word_1_263' title='bbox 1437 3527 1488 3603; x_wconf 89' lang='grc'><strong>89,</strong></span> <span class='ocrx_word' id='word_1_264' title='bbox 1513 3525 1599 3590; x_wconf 90' lang='grc' dir='ltr'><strong>13Κ</strong></span> 
     </span>
     <span class='ocr_line' id='line_1_29' title="bbox 377 3624 1597 3712; baseline 0.002 -22"><span class='ocrx_word' id='word_1_265' title='bbox 377 3627 431 3712; x_wconf 89' lang='lat'><strong>(=</strong></span> <span class='ocrx_word' id='word_1_266' title='bbox 452 3627 550 3691; x_wconf 86' lang='lat' dir='ltr'><strong>Iubae</strong></span> <span class='ocrx_word' id='word_1_267' title='bbox 577 3624 688 3708; x_wconf 85' lang='lat' dir='ltr'><strong>fragm.</strong></span> <span class='ocrx_word' id='word_1_268' title='bbox 713 3626 799 3689; x_wconf 84' lang='lat'>102*</span> <span class='ocrx_word' id='word_1_269' title='bbox 822 3626 884 3711; x_wconf 90' lang='lat' dir='ltr'><strong>H):</strong></span> <span class='ocrx_word' id='word_1_270' title='bbox 919 3630 1016 3708; x_wconf 83' lang='lat' dir='ltr'><strong>„vitat</strong></span> <span class='ocrx_word' id='word_1_271' title='bbox 1047 3632 1154 3694; x_wconf 85' lang='lat' dir='ltr'><strong>autem</strong></span> <span class='ocrx_word' id='word_1_272' title='bbox 1175 3630 1235 3694; x_wconf 89' lang='lat' dir='ltr'><strong>hoo</strong></span> <span class='ocrx_word' id='word_1_273' title='bbox 1264 3631 1320 3712; x_wconf 87' lang='lat' dir='ltr'><strong>(so.</strong></span> <span class='ocrx_word' id='word_1_274' title='bbox 1348 3629 1597 3712; x_wconf 83' lang='lat' dir='ltr'><strong>antispastioum)</strong></span> 
     </span>
     <span class='ocr_line' id='line_1_30' title="bbox 374 3728 1597 3816; baseline -0.001 -20"><span class='ocrx_word' id='word_1_275' title='bbox 374 3734 512 3796; x_wconf 86' lang='lat' dir='ltr'><strong>metrum</strong></span> <span class='ocrx_word' id='word_1_276' title='bbox 536 3728 601 3793; x_wconf 87' lang='lat' dir='ltr'><strong>suis</strong></span> <span class='ocrx_word' id='word_1_277' title='bbox 623 3728 755 3812; x_wconf 87' lang='lat' dir='ltr'><strong>pedibus</strong></span> <span class='ocrx_word' id='word_1_278' title='bbox 770 3731 928 3795; x_wconf 86' lang='lat' dir='ltr'><strong>oonoludi:</strong></span> <span class='ocrx_word' id='word_1_279' title='bbox 952 3733 1030 3797; x_wconf 93' lang='lat' dir='ltr'><strong>nihil</strong></span> <span class='ocrx_word' id='word_1_280' title='bbox 1051 3733 1135 3798; x_wconf 92' lang='lat' dir='ltr'><strong>enim</strong></span> <span class='ocrx_word' id='word_1_281' title='bbox 1158 3734 1217 3797; x_wconf 89' lang='lat' dir='ltr'><strong>erit</strong></span> <span class='ocrx_word' id='word_1_282' title='bbox 1240 3734 1300 3798; x_wconf 86' lang='lat' dir='ltr'><strong>hae</strong></span> <span class='ocrx_word' id='word_1_283' title='bbox 1322 3733 1439 3816; x_wconf 89' lang='lat' dir='ltr'><strong>pedum</strong></span> <span class='ocrx_word' id='word_1_284' title='bbox 1455 3731 1597 3796; x_wconf 79' lang='lat' dir='ltr'><strong>clausula</strong></span> 
     </span>
    </p>
   </div>
   <div class='ocr_carea' id='block_1_5' title="bbox 373 3985 1598 4750">
    <p class='ocr_par' dir='ltr' id='par_1_6' title="bbox 373 3985 1598 4750">
     <span class='ocr_line' id='line_1_31' title="bbox 447 3985 1596 4058; baseline -0.001 -15"><span class='ocrx_word' id='word_1_285' title='bbox 447 3990 468 4057; x_wconf 78' lang='lat'><strong>¹)</strong></span> <span class='ocrx_word' id='word_1_286' title='bbox 486 3988 620 4058; x_wconf 79' lang='lat' dir='ltr'><strong>Quoniam</strong></span> <span class='ocrx_word' id='word_1_287' title='bbox 647 3985 801 4042; x_wconf 81' lang='lat' dir='ltr'><strong>Demetrius</strong></span> <span class='ocrx_word' id='word_1_288' title='bbox 829 3987 853 4041; x_wconf 91' lang='lat' dir='ltr'><strong>h.</strong></span> <span class='ocrx_word' id='word_1_289' title='bbox 879 3987 896 4041; x_wconf 96' lang='lat' dir='ltr'><strong>l.</strong></span> <span class='ocrx_word' id='word_1_290' title='bbox 921 3988 1156 4046; x_wconf 79' lang='lat' dir='ltr'><strong>demonstraturus</strong></span> <span class='ocrx_word' id='word_1_291' title='bbox 1182 3993 1225 4044; x_wconf 82' lang='lat' dir='ltr'><strong>est</strong></span> <span class='ocrx_word' id='word_1_292' title='bbox 1250 3989 1278 4044; x_wconf 90' lang='lat' dir='ltr'><strong>in</strong></span> <span class='ocrx_word' id='word_1_293' title='bbox 1305 4003 1408 4058; x_wconf 85' lang='lat' dir='ltr'><strong>paeone</strong></span> <span class='ocrx_word' id='word_1_294' title='bbox 1435 3987 1541 4058; x_wconf 88' lang='lat' dir='ltr'><strong>pariter</strong></span> <span class='ocrx_word' id='word_1_295' title='bbox 1567 3991 1596 4042; x_wconf 88' lang='lat' dir='ltr'><strong>et</strong></span> 
     </span>
     <span class='ocr_line' id='line_1_32' title="bbox 376 4071 1596 4145; baseline -0.002 -15"><span class='ocrx_word' id='word_1_296' title='bbox 376 4073 538 4143; x_wconf 81' lang='lat' dir='ltr'><strong>dignitatem</strong></span> <span class='ocrx_word' id='word_1_297' title='bbox 566 4087 626 4128; x_wconf 80' lang='lat' dir='ltr'><strong>esre</strong></span> <span class='ocrx_word' id='word_1_298' title='bbox 644 4071 807 4128; x_wconf 81' lang='lat' dir='ltr'><strong>laudandam</strong></span> <span class='ocrx_word' id='word_1_299' title='bbox 834 4076 864 4127; x_wconf 84' lang='lat' dir='ltr'><strong>et</strong></span> <span class='ocrx_word' id='word_1_300' title='bbox 882 4073 939 4128; x_wconf 79' lang='lat' dir='ltr'><strong>eius</strong></span> <span class='ocrx_word' id='word_1_301' title='bbox 958 4079 1086 4130; x_wconf 85' lang='lat' dir='ltr'><strong>naturam</strong></span> <span class='ocrx_word' id='word_1_302' title='bbox 1104 4077 1221 4132; x_wconf 87' lang='lat' dir='ltr'><strong>orationi</strong></span> <span class='ocrx_word' id='word_1_303' title='bbox 1245 4091 1305 4130; x_wconf 84' lang='lat' dir='ltr'><strong>esse</strong></span> <span class='ocrx_word' id='word_1_304' title='bbox 1323 4073 1509 4145; x_wconf 81' lang='lat' dir='ltr'><strong>aptissimam,</strong></span> <span class='ocrx_word' id='word_1_305' title='bbox 1537 4089 1596 4128; x_wconf 88' lang='lat' dir='ltr'><strong>oum</strong></span> 
     </span>
     <span class='ocr_line' id='line_1_33' title="bbox 376 4158 1597 4232; baseline -0.003 -16"><span class='ocrx_word' id='word_1_306' title='bbox 376 4159 461 4216; x_wconf 88' lang='lat' dir='ltr'><strong>ooteri</strong></span> <span class='ocrx_word' id='word_1_307' title='bbox 485 4159 567 4229; x_wconf 83' lang='lat' dir='ltr'><strong>podes</strong></span> <span class='ocrx_word' id='word_1_308' title='bbox 597 4162 646 4214; x_wconf 87' lang='lat' dir='ltr'><strong>aut</strong></span> <span class='ocrx_word' id='word_1_309' title='bbox 675 4158 843 4215; x_wconf 86' lang='lat' dir='ltr'><strong>sublimiores</strong></span> <span class='ocrx_word' id='word_1_310' title='bbox 874 4159 928 4214; x_wconf 87' lang='lat' dir='ltr'><strong>sint</strong></span> <span class='ocrx_word' id='word_1_311' title='bbox 955 4165 1003 4216; x_wconf 81' lang='lat' dir='ltr'><strong>aut</strong></span> <span class='ocrx_word' id='word_1_312' title='bbox 1026 4161 1134 4217; x_wconf 81' lang='lat' dir='ltr'><strong>viliores</strong></span> <span class='ocrx_word' id='word_1_313' title='bbox 1161 4163 1203 4226; x_wconf 85' lang='lat' dir='ltr'><strong>(ci.</strong></span> <span class='ocrx_word' id='word_1_314' title='bbox 1227 4161 1244 4232; x_wconf 63' lang='grc' dir='ltr'><strong><em>β</em></strong></span> <span class='ocrx_word' id='word_1_315' title='bbox 1267 4162 1319 4229; x_wconf 83' lang='grc'><strong>43),</strong></span> <span class='ocrx_word' id='word_1_316' title='bbox 1347 4160 1417 4215; x_wconf 85' lang='lat' dir='ltr'><strong>idem</strong></span> <span class='ocrx_word' id='word_1_317' title='bbox 1445 4160 1503 4214; x_wconf 85' lang='lat' dir='ltr'><strong>iere</strong></span> <span class='ocrx_word' id='word_1_318' title='bbox 1531 4158 1597 4213; x_wconf 90' lang='lat' dir='ltr'><strong>illud</strong></span> 
     </span>
     <span class='ocr_line' id='line_1_34' title="bbox 374 4243 1596 4320; baseline 0 -22"><span class='ocrx_word' id='word_1_319' title='bbox 374 4243 578 4318; x_wconf 72' lang='grc' dir='ltr'><strong><em>ἀσφαλέστερα</em></strong></span> <span class='ocrx_word' id='word_1_320' title='bbox 599 4244 702 4300; x_wconf 87' lang='lat' dir='ltr'><strong>‘tutior&#39;</strong></span> <span class='ocrx_word' id='word_1_321' title='bbox 725 4244 860 4314; x_wconf 82' lang='lat' dir='ltr'><strong>signifieat</strong></span> <span class='ocrx_word' id='word_1_322' title='bbox 882 4249 965 4314; x_wconf 84' lang='lat' dir='ltr'><strong>atque</strong></span> <span class='ocrx_word' id='word_1_323' title='bbox 992 4244 1174 4320; x_wconf 69' lang='grc' dir='ltr'><strong><em>ἀφελέστερον</em></strong></span> <span class='ocrx_word' id='word_1_324' title='bbox 1200 4249 1216 4302; x_wconf 90' lang='lat' dir='ltr'><strong>l.</strong></span> <span class='ocrx_word' id='word_1_325' title='bbox 1235 4263 1259 4303; x_wconf 89' lang='lat' dir='ltr'><strong>e.</strong></span> <span class='ocrx_word' id='word_1_326' title='bbox 1277 4245 1454 4316; x_wconf 79' lang='lat' dir='ltr'><strong>‘simplioior,</strong></span> <span class='ocrx_word' id='word_1_327' title='bbox 1482 4245 1596 4314; x_wconf 88' lang='lat' dir='ltr'><strong>quinon</strong></span> 
     </span>
     <span class='ocr_line' id='line_1_35' title="bbox 373 4329 1598 4402; baseline -0.002 -15"><span class='ocrx_word' id='word_1_328' title='bbox 373 4333 447 4388; x_wconf 78' lang='lat' dir='ltr'><strong>ultre</strong></span> <span class='ocrx_word' id='word_1_329' title='bbox 473 4331 541 4388; x_wconf 83' lang='lat' dir='ltr'><strong>fines</strong></span> <span class='ocrx_word' id='word_1_330' title='bbox 568 4346 667 4400; x_wconf 79' lang='lat' dir='ltr'><strong>prosae</strong></span> <span class='ocrx_word' id='word_1_331' title='bbox 690 4329 823 4386; x_wconf 80' lang='lat' dir='ltr'><strong>orationis</strong></span> <span class='ocrx_word' id='word_1_332' title='bbox 849 4330 978 4386; x_wconf 80' lang='lat' dir='ltr'><strong>andonius</strong></span> <span class='ocrx_word' id='word_1_333' title='bbox 1002 4334 1149 4402; x_wconf 70' lang='lat' dir='ltr'><strong>evagatur,</strong></span> <span class='ocrx_word' id='word_1_334' title='bbox 1176 4347 1286 4388; x_wconf 80' lang='lat' dir='ltr'><strong>neeesse</strong></span> <span class='ocrx_word' id='word_1_335' title='bbox 1310 4337 1360 4386; x_wconf 89' lang='lat' dir='ltr'><strong>est.</strong></span> <span class='ocrx_word' id='word_1_336' title='bbox 1395 4331 1492 4399; x_wconf 86' lang='lat' dir='ltr'><strong>Neque</strong></span> <span class='ocrx_word' id='word_1_337' title='bbox 1515 4330 1598 4398; x_wconf 83' lang='lat' dir='ltr'><strong>igitur</strong></span> 
     </span>
     <span class='ocr_line' id='line_1_36' title="bbox 374 4414 1597 4488; baseline -0.004 -14"><span class='ocrx_word' id='word_1_338' title='bbox 374 4417 503 4475; x_wconf 77' lang='lat' dir='ltr'><strong>concinne</strong></span> <span class='ocrx_word' id='word_1_339' title='bbox 528 4415 731 4488; x_wconf 71' lang='grc' dir='ltr'><strong><em>ἀσφαλέστερος</em></strong></span> <span class='ocrx_word' id='word_1_340' title='bbox 747 4431 807 4470; x_wconf 88' lang='lat' dir='ltr'><strong>enm</strong></span> <span class='ocrx_word' id='word_1_341' title='bbox 825 4415 920 4482; x_wconf 84' lang='grc' dir='ltr'><strong><em>μικτόε</em></strong></span> <span class='ocrx_word' id='word_1_342' title='bbox 943 4418 1120 4486; x_wconf 81' lang='lat' dir='ltr'><strong>coniungitur.</strong></span> <span class='ocrx_word' id='word_1_343' title='bbox 1157 4418 1241 4474; x_wconf 90' lang='lat' dir='ltr'><strong>Immo</strong></span> <span class='ocrx_word' id='word_1_344' title='bbox 1261 4423 1291 4472; x_wconf 83' lang='lat' dir='ltr'><strong>ut</strong></span> <span class='ocrx_word' id='word_1_345' title='bbox 1315 4416 1512 4472; x_wconf 82' lang='lat' dir='ltr'><strong>sententiarum</strong></span> <span class='ocrx_word' id='word_1_346' title='bbox 1530 4414 1597 4471; x_wconf 90' lang='lat' dir='ltr'><strong>ordo</strong></span> 
     </span>
     <span class='ocr_line' id='line_1_37' title="bbox 373 4501 1598 4574; baseline -0.004 -14"><span class='ocrx_word' id='word_1_347' title='bbox 373 4509 449 4560; x_wconf 80' lang='lat' dir='ltr'><strong>reete</strong></span> <span class='ocrx_word' id='word_1_348' title='bbox 460 4503 600 4574; x_wconf 79' lang='lat' dir='ltr'><strong>procedat,</strong></span> <span class='ocrx_word' id='word_1_349' title='bbox 619 4507 667 4558; x_wconf 80' lang='lat' dir='ltr'><strong>ant</strong></span> <span class='ocrx_word' id='word_1_350' title='bbox 684 4502 770 4559; x_wconf 81' lang='lat' dir='ltr'><strong>verbs</strong></span> <span class='ocrx_word' id='word_1_351' title='bbox 782 4507 828 4555; x_wconf 78' lang='grc' dir='ltr'><strong><em>και</em></strong></span> <span class='ocrx_word' id='word_1_352' title='bbox 847 4501 1051 4574; x_wconf 73' lang='grc' dir='ltr'><strong><em>ἀσφαλέστεραι</em></strong></span> <span class='ocrx_word' id='word_1_353' title='bbox 1068 4505 1204 4560; x_wconf 83' lang='lat' dir='ltr'><strong>reicienda</strong></span> <span class='ocrx_word' id='word_1_354' title='bbox 1222 4507 1285 4558; x_wconf 84' lang='lat' dir='ltr'><strong>sunt</strong></span> <span class='ocrx_word' id='word_1_355' title='bbox 1304 4508 1353 4557; x_wconf 79' lang='lat' dir='ltr'><strong>aut</strong></span> <span class='ocrx_word' id='word_1_356' title='bbox 1371 4503 1438 4557; x_wconf 83' lang='lat' dir='ltr'><strong>haec</strong></span> <span class='ocrx_word' id='word_1_357' title='bbox 1456 4502 1513 4556; x_wconf 83' lang='lat' dir='ltr'><strong>sera</strong></span> <span class='ocrx_word' id='word_1_358' title='bbox 1532 4505 1598 4556; x_wconf 84' lang='lat' dir='ltr'><strong>ante</strong></span> 
     </span>
     <span class='ocr_line' id='line_1_38' title="bbox 373 4584 1597 4660; baseline -0.004 -16"><span class='ocrx_word' id='word_1_359' title='bbox 373 4591 422 4644; x_wconf 78' lang='lat' dir='ltr'><strong>illa</strong></span> <span class='ocrx_word' id='word_1_360' title='bbox 439 4589 593 4646; x_wconf 71' lang='lat' dir='ltr'><strong>inserenda:</strong></span> <span class='ocrx_word' id='word_1_361' title='bbox 610 4585 704 4656; x_wconf 72' lang='grc' dir='ltr'><strong><em>ἐπειδὴ</em></strong></span> <span class='ocrx_word' id='word_1_362' title='bbox 721 4587 814 4658; x_wconf 69' lang='lat' dir='ltr'><strong>pande</strong></span> <span class='ocrx_word' id='word_1_363' title='bbox 833 4594 874 4644; x_wconf 83' lang='grc' dir='ltr'><strong>τίε</strong></span> <span class='ocrx_word' id='word_1_364' title='bbox 892 4593 975 4654; x_wconf 74' lang='grc' dir='ltr'><strong><em>ἐστιν,</em></strong></span> <span class='ocrx_word' id='word_1_365' title='bbox 995 4587 1225 4658; x_wconf 72' lang='grc' dir='ltr'><strong><em>ἀξιωματικός</em></strong></span> <span class='ocrx_word' id='word_1_366' title='bbox 1243 4588 1300 4656; x_wconf 81' lang='lat' dir='ltr'><strong>(vol</strong></span> <span class='ocrx_word' id='word_1_367' title='bbox 1320 4585 1421 4654; x_wconf 69' lang='grc' dir='ltr'><strong><em>ὑψηλός</em></strong></span> <span class='ocrx_word' id='word_1_368' title='bbox 1434 4589 1476 4643; x_wconf 85' lang='lat' dir='ltr'><strong>vel</strong></span> <span class='ocrx_word' id='word_1_369' title='bbox 1487 4584 1597 4660; x_wconf 73' lang='grc' dir='ltr'><strong><em>εὔομκόε</em></strong></span> 
     </span>
     <span class='ocr_line' id='line_1_39' title="bbox 373 4671 1523 4750; baseline -0.007 -17"><span class='ocrx_word' id='word_1_370' title='bbox 373 4677 415 4733; x_wconf 73' lang='lat' dir='ltr'><strong>vei</strong></span> <span class='ocrx_word' id='word_1_371' title='bbox 433 4675 531 4739; x_wconf 67' lang='grc' dir='ltr'><strong><em>σεμνός</em></strong></span> <span class='ocrx_word' id='word_1_372' title='bbox 548 4675 592 4732; x_wconf 77' lang='lat' dir='ltr'><strong>vei</strong></span> <span class='ocrx_word' id='word_1_373' title='bbox 610 4675 697 4730; x_wconf 68' lang='lat' dir='ltr'><strong>simile</strong></span> <span class='ocrx_word' id='word_1_374' title='bbox 716 4675 829 4745; x_wconf 60' lang='lat' dir='ltr'><strong>inquid)</strong></span> <span class='ocrx_word' id='word_1_375' title='bbox 847 4696 882 4727; x_wconf 81' lang='grc' dir='ltr'><strong>τε</strong></span> <span class='ocrx_word' id='word_1_376' title='bbox 900 4681 946 4728; x_wconf 85' lang='grc' dir='ltr'><strong><em>καὶ</em></strong></span> <span class='ocrx_word' id='word_1_377' title='bbox 964 4673 1176 4750; x_wconf 58' lang='grc' dir='ltr'><strong><em>ἆσφαλιατεραε,</em></strong></span> <span class='ocrx_word' id='word_1_378' title='bbox 1194 4675 1227 4727; x_wconf 71' lang='grc' dir='ltr'><strong>’τὸ</strong></span> <span class='ocrx_word' id='word_1_379' title='bbox 1244 4671 1449 4749; x_wconf 71' lang='grc' dir='ltr'><strong><em>μεγαλοπρεπὲς</em></strong></span> <span class='ocrx_word' id='word_1_380' title='bbox 1465 4671 1523 4726; x_wconf 77' lang='grc' dir='ltr'><strong><em>κτλ.</em></strong></span> 
     </span>
    </p>
   </div>
   <div class='ocr_carea' id='block_1_6' title="bbox 0 0 1804 5226">
    <p class='ocr_par' dir='ltr' id='par_1_7' title="bbox 0 0 1804 5226">
     <span class='ocr_line' id='line_1_40' title="bbox 0 0 1804 5226; baseline 0 1"><span class='ocrx_word' id='word_1_381' title='bbox 0 0 1804 5226; x_wconf 95' lang='lat' dir='ltr'><strong> </strong></span> 
     </span>
    </p>
   </div>
  </div>
 </body>
</html>
