3514 5244
986 397 1029 461 52

484 613 590 676 pauca
619 591 772 657 addenda
803 599 877 658 sunt
905 589 946 656 de
975 611 1089 658 manus
1118 589 1283 657 secundae
1307 590 1381 672 (La)
1411 591 1627 654 mutationum

393 699 507 782 pretio,
524 720 544 763 a
559 719 623 782 qua
639 697 785 763 codicem
799 698 897 784 paulo
912 705 1084 784 postquam
1100 697 1240 782 scriptus
1254 704 1342 762 esset
1356 703 1537 761 correctum
1556 716 1629 760 esse

393 805 458 870 iam
482 825 581 889 supra
606 804 682 870 dixi.
729 805 942 870 certissimum
965 812 1074 869 autem
1098 811 1148 868 est
1171 805 1214 868 ab
1238 824 1278 868 ca
1301 803 1437 868 alterum
1462 802 1628 885 quendam

393 911 536 976 codicem
569 910 748 976 adhibitum
781 931 863 993 essa,
898 912 975 994 quia
1009 918 1041 977 et
1073 911 1155 975 uitia
1182 910 1270 975 haud
1298 930 1413 996 pauca,
1446 930 1534 993 quae
1564 929 1627 974 non

393 1018 481 1083 sacili
508 1037 607 1103 opera
631 1018 748 1101 corrigi
772 1025 932 1104 poterant,
957 1017 1088 1083 sustulit
1112 1024 1144 1082 et
1167 1018 1302 1083 lacunas
1327 1017 1451 1100 aliquot
1474 1037 1494 1080 a
1519 1017 1628 1100 prima

392 1144 488 1189 manu
517 1125 558 1191 iis
585 1125 734 1190 nimirum
762 1124 852 1209 locis,
881 1125 997 1208 quibus
1028 1123 1196 1208 archetypi
1225 1123 1384 1209 scriptura
1408 1143 1487 1190 casu
1513 1123 1628 1205 aliquo

392 1229 502 1296 deleta
527 1239 606 1316 erat,
630 1232 761 1297 relictas
784 1239 871 1297 recte
895 1232 1046 1316 explevit.
1078 1238 1186 1296 tamen
1210 1231 1288 1295 alibi
1312 1237 1369 1296 aut
1384 1250 1465 1295 sana
1480 1230 1629 1314 corrupit

390 1345 449 1403 aut
471 1359 627 1423 peruersa
650 1338 834 1424 adscripsit.
877 1345 1046 1421 utrumque
1070 1345 1105 1402 ut
1127 1337 1343 1422 intellegatur,
1366 1336 1448 1403 haec
1471 1336 1628 1422 exempla

391 1444 530 1510 subicio:

412 1587 428 1650 1
465 1590 494 1672 8,
517 1591 539 1654 4
585 1598 639 1654 unt
661 1591 772 1652 scinci
793 1587 829 1672 L,
853 1597 906 1653 oct
930 1596 1037 1652 temet
1059 1587 1148 1652 [ΑΒ

467 1697 496 1778 9,
523 1697 562 1761 17
585 1699 736 1760 hominem
758 1697 873 1759 doru-ini
894 1703 1028 1759 notura
1042 1693 1077 1778 L,
1101 1696 1251 1758 hominem
1265 1696 1380 1759 domini
1392 1696 1631 1758 naturaliter

646 1802 724 1867 Lar
742 1802 768 1865 B
784 1827 806 1888 μ
825 1801 871 1867 Se

411 1979 538 2062 111,1
584 1983 657 2044 tneo
688 1983 753 2044 ctus
786 1911 960 2046 obspptusssg
986 1988 1053 2061 cst,
1086 1980 1212 2045 litteras
1243 1989 1270 2044 st
1298 1979 1450 2044 vocabuli
1477 1979 1631 2043 obstmsu

648 2087 748 2153 erasit
776 2086 821 2152 La
859 2071 951 2152 et'in
979 2087 1125 2170 margine
1153 2089 1212 2152 ccl
1237 2089 1410 2171 probatio
1434 2084 1629 2171 adscripsit,

646 2195 719 2258 haec
755 2197 821 2258 eius
856 2195 1030 2277 probatio
1067 2195 1220 2259 obtrusa
1260 2202 1314 2258 cst
1354 2193 1396 2276 G,
1437 2195 1512 2258 hacc
1558 2197 1632 2258 circs

646 2301 799 2364 o'btrasc
822 2309 875 2364 cst
897 2301 926 2364 Τ

464 2408 538 2492 8,2
583 2410 696 2470 unias
725 2409 804 2471 sinc
836 2411 994 2472 omnium
1025 2409 1206 2472 actionum
1239 2410 1475 2472 dissensione
1507 2410 1631 2472 colam

647 2517 687 2578 sit
708 2513 754 2579 La
772 2514 800 2577 R
815 2513 843 2579 G
858 2514 896 2580 Pr
916 2515 956 2578 Pa
973 2514 1013 2580 Pa
1032 2514 1085 2598 Pr,
1104 2513 1258 2599 primaria
1280 2515 1440 2598 scriptura
1459 2533 1559 2578 crasa
1576 2522 1631 2579 est
1711 2571 1712 2578 .

461 2623 490 2704 9,
517 2623 558 2686 10
581 2643 648 2684 mm
676 2623 839 2685 odierint
868 2624 926 2702 (ier
953 2621 987 2685 in
1013 2641 1077 2687 ras.
1100 2621 1162 2700 La)
1186 2625 1259 2686 ista
1281 2618 1530 2698 audiendam
1557 2621 1630 2686 duo

644 2727 744 2792 verba
758 2727 793 2791 in
805 2727 952 2809 margine
966 2726 1028 2813 La)
1053 2731 1138 2792 istic
1162 2725 1192 2814 (c
1206 2747 1247 2792 ex
1260 2751 1276 2793 s
1295 2735 1441 2793 correcta
1454 2725 1627 2800 radendo)

644 2836 781 2900 hortulos
790 2834 825 2918 L,
840 2856 909 2898 cam
923 2838 1087 2900 adierint
1105 2839 1179 2899 isto
1197 2837 1322 2900 audiat
1339 2838 1426 2899 istic
1439 2835 1583 2900 ltortalos
1598 2835 1628 2898 B

408 2940 452 3004 IV
469 2943 496 3024 1,
511 2945 551 3006 12
574 2964 694 3006 nonne
721 2945 784 3006 illc
813 2965 904 3025 uqcre
933 2947 1053 3026 qratias
1084 2943 1297 3028 LBOalii,
1329 2946 1389 3008 aet
1420 2965 1482 3009 crc
1514 2945 1625 3007 illum

645 3069 744 3134 supra
766 3072 868 3115 nonne
890 3052 939 3113 illc
963 3049 1093 3134 scripsit
1116 3050 1161 3115 La

407 3155 643 3240 V12‚10e9cr
676 3158 781 3221 laudat
811 3158 986 3221 medicum
1018 3161 1218 3222 secantem?
1253 3159 1395 3238 Tacctc,
1421 3161 1554 3241 scaete
1585 3158 1625 3241 L,

636 3268 762 3346 faceta
794 3263 878 3329 inter
909 3266 1058 3327 medicum
1091 3270 1123 3328 et
1153 3272 1304 3328 secantem
1336 3264 1471 3329 inscruit
1502 3262 1549 3328 La
1589 3273 1626 3329 et

637 3375 768 3453 fauete
792 3370 900 3454 erasit,
928 3372 1106 3434 medicam
1125 3375 1251 3453 sacctc
1279 3379 1461 3435 secantem
1488 3393 1510 3434 π
1538 3369 1625 3454 cot,

641 3484 828 3541 secantem
844 3482 979 3560 sacetc.
1007 3479 1138 3541 Tacctc
1162 3485 1194 3541 et
1212 3478 1356 3561 praebete
1379 3477 1408 3540 Τ

406 3581 451 3646 VI
473 3584 504 3666 4,
530 3585 547 3648 7
572 3605 754 3667 suspensum
767 3585 972 3648 accedentium
980 3587 1121 3668 propias,
1137 3583 1262 3650 litteras
1277 3585 1445 3648 cedentium
1459 3584 1492 3647 in
1506 3587 1621 3667 spatio

640 3709 743 3754 vacuo
767 3689 880 3754 relicto
904 3690 1035 3774 scripsit
1058 3690 1103 3754 La

406 3795 554 3878 VI11,13
570 3818 608 3860 ea
630 3798 692 3859 illis
715 3798 932 3860 mulieribus
952 3797 988 3881 L,
1013 3816 1111 3880 supra
1134 3799 1190 3860 bas
1212 3797 1257 3862 La
1285 3796 1415 3882 scripsit
1437 3799 1497 3861 ccl
1519 3801 1622 3863 culis

641 3902 661 3967 i.
676 3923 702 3967 e.
725 3905 912 3968 mulierculis
936 3903 1023 3986 quod
1046 3902 1169 3968 habent
1191 3903 1307 3986 reliqui
1330 3901 1424 3968 codd.

471 4011 554 4094 6,13
569 4013 631 4074 iam
655 4011 883 4093 dispumauit
905 4009 963 4095 La,
988 4013 1051 4074 iam
1074 4012 1284 4095 disputanti
1307 4010 1333 4074 L
1347 4031 1369 4095 p
1394 4009 1451 4075 alii

403 4117 467 4181 XII
484 4119 513 4203 3,
534 4119 756 4182 duclocttutcm
774 4139 863 4182 suam
886 4119 989 4182 lodus
1012 4117 1045 4181 in
1068 4137 1183 4182 rasura
1197 4116 1255 4201 La,
1280 4119 1450 4198 laudons,
1475 4124 1511 4185 ut
1533 4117 1614 4182 mihi

638 4222 742 4288 visum
763 4231 821 4307 est,
844 4222 871 4286 L
888 4230 920 4289 et
934 4224 1033 4289 ceteri
1047 4231 1177 4308 praeter
1193 4247 1213 4288 α
1228 4246 1245 4304 γ
1260 4225 1277 4288 δ
1299 4223 1333 4287 in
1348 4223 1464 4306 quibus
1479 4226 1617 4290 laudus

638 4330 704 4413 legi
727 4329 899 4395 Fickertus
922 4328 1011 4396 dicit.
1123 4381 1125 4388 .

469 4453 597 4519 videtur
624 4454 723 4536 igitur
750 4453 779 4519 is
811 4454 901 4538 liber,
933 4473 974 4518 ex
1003 4474 1066 4536 quc
1095 4474 1210 4520 manus
1239 4453 1402 4520 secundae
1430 4454 1612 4541 scripturae

378 4561 547 4645 fluxerunt,
577 4559 633 4646 illi,
663 4581 758 4644 quem
786 4561 891 4646 prima
917 4581 1032 4626 manus
1056 4567 1168 4628 secuta
1192 4569 1251 4646 est,
1280 4581 1318 4627 co
1341 4561 1470 4627 nomine
1493 4561 1612 4628 similis

379 4669 490 4751 fuisse,
514 4667 600 4750 quod
624 4687 688 4732 non
711 4667 826 4752 paucis
849 4666 1066 4753 interpolatae
1090 4668 1178 4734 illius
1203 4667 1491 4735 codicumclassis
1515 4670 1554 4752 (Β
1569 4669 1609 4749 Θ)
