3568 5238
832 429 871 492 27

247 649 284 712 de
300 649 397 713 altero
414 649 503 714 alteri
526 653 659 717 mortem
674 653 845 736 minante)
866 654 911 718 ita
930 653 1098 729 rettulisse,
1120 655 1157 717 ut
1176 652 1332 718 Ciceronis
1349 653 1467 717 descri-

246 751 342 834 ptioni
359 752 514 817 nonsatis
531 753 602 818 fidei
617 755 756 832 haberet,
778 757 911 823 Asconio
926 778 954 841 p.
971 757 1022 832 27,
1038 755 1175 832 26-28,
1193 755 1247 828 12;
1264 755 1314 832 36,
1340 755 1465 818 16-24

229 941 230 944 ¹
247 856 427 938 comparato
443 873 516 918 cum
528 857 676 922 orationis
693 859 847 943 capitibus
864 861 891 924 9.
910 860 959 923 10.
977 860 1026 921 12.
1045 859 1094 922 19.
1110 858 1149 921 21
1170 858 1281 934 elucet,
1303 859 1336 920 in
1353 858 1466 939 quibus

247 957 362 1040 partim
384 958 540 1022 contraria
561 962 738 1024 narrantur.
788 960 878 1041 Quod
902 966 1009 1026 autem
1032 964 1259 1026 commentator
1287 979 1466 1042 expressam

247 1162 367 1243 busque
392 1162 539 1226 adhibitis
564 1163 626 1228 sibi
648 1165 751 1242 linxit,
785 1166 823 1230 ad
853 1167 947 1231 iidem
979 1168 1045 1231 eius
1074 1166 1321 1231 confirmandam
1351 1185 1468 1249 augen-

248 1264 383 1347 damque
406 1265 578 1348 plurimum
603 1269 693 1332 valet.

599 1523 735 1626 eaput
763 1525 810 1607 11.
869 1525 933 1599 De
960 1527 1101 1606 Livio.

331 1710 411 1776 Livii
434 1713 571 1789 annales,
595 1715 703 1795 quiet
725 1714 909 1780 memoriam
932 1714 1053 1798 imperii
1076 1715 1209 1778 Romani
1231 1716 1303 1778 inde
1327 1715 1366 1779 ab
1388 1715 1466 1778 urbe

248 1813 373 1878 condita
400 1817 563 1896 usquead
596 1820 735 1882 extrema
760 1818 875 1882 hberac
909 1819 952 1882 rei
986 1817 1129 1900 publicae
1158 1820 1299 1901 tempora
1322 1819 1465 1880 accurate

249 1916 437 2000 descriptam
472 1920 669 1988 continerent
707 1923 740 1984 et
771 1921 897 1986 Asconii
932 1922 1035 1984 aetate
1072 1920 1157 1984 haud
1195 1921 1288 1984 dubie
1325 1919 1466 1983 omnium

248 2021 402 2085 maximae
429 2024 534 2086 essent
554 2024 750 2088 auctoritatis
763 2025 798 2106 ²),
816 2023 1018 2088 scholiastam
1033 2025 1157 2106 praeter
1172 2025 1289 2086 ceteros
1301 2022 1466 2104 scriptores

248 2141 309 2186 nno
325 2122 473 2188 Cicerone
497 2129 623 2208 excepto
646 2127 686 2190 ad
708 2127 913 2191 illustrandas
929 2127 1083 2190 orationes
1106 2125 1275 2189 identidem
1298 2143 1466 2208 usurpasse

247 2225 310 2288 veri
334 2229 383 2289 est
405 2227 611 2293 simillimum.
645 2227 727 2308 Quin
755 2233 861 2294 001001
884 2232 1100 2312 quantumque
1128 2229 1281 2292 Asconius
1303 2228 1391 2292 Livio
1414 2227 1466 2290 de-

247 2327 320 2392 beat
342 2347 415 2392 cnm
439 2331 630 2410 quaerimus,
653 2351 704 2396 res
727 2352 789 2397 non
812 2332 1011 2396 mediocriter
1034 2332 1083 2394 est
1105 2329 1259 2408 difficilis,
1288 2331 1314 2395 si
1338 2330 1465 2413 quidem

247 2431 441 2496 Asconianae
465 2434 616 2516 reliquiae
645 2435 684 2498 ad
718 2454 754 2500 ea
786 2435 850 2500 lere
884 2435 951 2500 sola
979 2436 1121 2516 tempora
1148 2437 1303 2516 spectant,
1333 2452 1466 2515 quornm

247 2532 411 2598 historiam
434 2555 496 2599 non
520 2537 595 2621 ipsis
617 2537 762 2602 Patavini
783 2539 900 2617 verbis,
935 2537 989 2601 sed
1022 2538 1060 2602 ab
1090 2537 1127 2600 iis
1155 2539 1281 2600 tantum
1309 2539 1466 2600 servatam

247 2638 412 2716 habemus,
447 2640 499 2722 qui
528 2641 612 2704 hunc
640 2641 733 2706 modo
765 2642 915 2705 cirriosius
942 2641 1034 2726 modo
1063 2640 1219 2704 socordius
1247 2640 1467 2722 excerpserunt

248 2742 528 2824 compilaruntque.
558 2744 668 2824 Atque¹
685 2743 917 2808 citaturLivius
941 2764 960 2808 a
983 2744 1152 2808 scholiasta
1179 2763 1209 2826 p.
1234 2743 1318 2819 59,3
1341 2741 1375 2804 in
1397 2741 1466 2822 lege

248 2843 281 2907 C.
310 2845 428 2908 Aurelii
460 2844 569 2910 Cottae
604 2847 876 2911 commemoranda
909 2851 942 2911 et
974 2867 1003 2930 p.
1025 2847 1088 2922 68,
1114 2846 1162 2922 lv,
1186 2846 1241 2909 nbi
1263 2845 1466 2928 interpretem

248 2965 284 3010 en
306 2947 392 3010 Livio
416 2947 493 3010 nihil
517 2949 698 3011 mutuatum
721 2967 789 3012 esse
812 2948 872 3012 nisi
887 2967 1055 3012 nnmerum
1075 2948 1246 3032 primorum
1269 2947 1466 3011 tribunorum

247 3049 346 3130 plebis
369 3050 437 3131 ipso
460 3056 586 3114 auctore
610 3049 657 3132 (ΙΙ
680 3051 733 3129 33)
755 3053 934 3133 comparato
956 3053 1052 3134 patet.

332 3151 378 3216 Ut
409 3153 516 3215 autem
550 3171 629 3234 qnae
668 3151 752 3216 fonte
786 3171 848 3216 uon
881 3154 1017 3218 indicato
1049 3172 1065 3217 e
1100 3153 1186 3217 bivio
1219 3153 1387 3218 scholiasta
1414 3150 1467 3213 de·

247 3254 435 3337 prompserit
456 3258 678 3337 agnoscantur,
707 3257 830 3337 praeter
845 3257 1005 3339 periochas
1023 3257 1223 3341 comparandi
1248 3258 1322 3320 sunt
1343 3253 1465 3334 reliqui,

248 3357 299 3439 qui
323 3357 464 3422 eiusdem
497 3357 646 3440 temporis
678 3359 839 3423 historiam
868 3363 1091 3424 enarraverunt
1114 3360 1291 3442 scriptores,
1314 3377 1329 3421 e
1353 3357 1465 3438 quibus

247 3461 354 3524 nullus
386 3461 511 3525 maioris
539 3461 569 3525 in
594 3461 653 3526 hac
676 3463 858 3544 quaestione
881 3464 1031 3527 momenti
1054 3465 1103 3526 est
1126 3481 1221 3544 qnam
1247 3459 1374 3525 Cassius
1397 3459 1465 3534 Dio,

248 3563 417 3644 quiquam
442 3582 534 3647 saepe
558 3564 773 3629 Livii'scrinia
795 3565 1011 3649 compilaverit
1036 3566 1069 3629 in
1097 3565 1162 3629 dies
1189 3565 1291 3646 magis
1311 3561 1465 3646 patente).

317 3735 337 3800 ¹)
356 3732 465 3799 Cicero,
494 3749 663 3803 quamquam
682 3733 711 3786 in
729 3733 853 3788 oratione
882 3738 917 3806 [9,
934 3735 981 3800 25;
1009 3737 1050 3802 16,
1072 3735 1119 3800 44;
1142 3737 1184 3800 111,
1202 3734 1248 3796 52ς
1278 3733 1320 3798 21,
1338 3732 1383 3799 56)
1406 3737 1465 3784 tan·

247 3818 391 3872 tummodo
408 3818 507 3872 Miloni
525 3825 642 3872 mortem
662 3835 679 3873 a
697 3819 808 3887 (llodio,
826 3826 922 3875 contra
939 3837 1092 3890 numquam
1115 3818 1214 3875 Clodio
1238 3817 1273 3872 ab
1295 3817 1343 3871 illo
1361 3816 1466 3871 denun-

246 3904 343 3958 tiatam
366 3919 425 3958 esee
446 3903 554 3972 scribit,
584 3911 676 3958 mmen
695 3905 749 3960 iam
772 3921 845 3960 anno
862 3907 895 3961 tv
915 3906 943 3959 in
961 3905 1039 3977 epist
1057 3906 1094 3960 ad
1111 3906 1170 3958 nte.
1190 3903 1233 3958 IV
1251 3904 1311 3969 3,5
1333 3902 1465 3956 Milonem

246 3990 336 4046 clodii
360 4006 455 4044 necem
470 3989 568 4060 ¹moliri
591 3989 674 4060 idque
696 3991 841 4046 consilium
865 3996 940 4062 ‘prae
956 4008 986 4045 se
1003 3991 1080 4046 ferre’
1104 3989 1197 4045 tradit.
1246 3988 1349 4044 Utrum
1372 3993 1465 4042 autem

246 4077 311 4131 hinc
319 4093 354 4130 an
365 4076 476 4130 aliunde
488 4075 625 4131 11000010·
634 4083 671 4146 (p.
684 4077 727 4142 36,
739 4077 781 4132 20.
794 4079 838 4144 21)
858 4093 909 4131 sna
918 4076 1094 4144 arcessiverit,
1111 4076 1140 4130 iu
1153 4074 1244 4130 medio
1255 4075 1465 4145 relinquendum

246 4169 295 4218 eet
330 4161 475 4217 Praeterea
492 4161 527 4216 cl.
546 4160 603 4216 Leo
621 4159 735 4231 Ziegler‚
754 4178 805 4215 zur
821 4161 1006 4218 Texteehritilr
1028 4163 1077 4218 des
1100 4161 1185 4216 schol.
1204 4161 1271 4216 Bob.
1289 4177 1325 4214 zu
1343 4159 1465 4216 Oioeron.

246 4249 351 4315 Radeu,
368 4247 441 4302 Mus.
459 4245 548 4302 Rheu.
567 4245 688 4301 XXVII
707 4264 733 4317 p.
750 4247 803 4302 425
820 4263 860 4318 eq.

315 4337 336 4402 ²)
354 4334 388 4389 01.
399 4333 563 4398 Mommsen,
581 4331 706 4387 chronik
725 4331 772 4386 des
785 4332 931 4388 Cassiodor
948 4351 975 4404 p.
993 4335 1059 4400 551;
1077 4334 1108 4388 C.
1120 4333 1195 4389 John
1214 4334 1243 4387 in
1261 4331 1352 4387 annal.
1371 4333 1465 4404 philol.

246 4421 382 4492 supplem.
400 4417 477 4473 VIII
496 4435 522 4488 p.
541 4419 607 4483 722;
625 4418 656 4472 G.
679 4417 761 4472 Peter
793 4435 843 4472 zur
861 4417 956 4474 Kritih
980 4420 1029 4475 der
1046 4419 1164 4487 Quellen
1187 4419 1235 4496 der
1255 4420 1364 4474 selteren
1389 4436 1465 4474 roem.

246 4505 411 4562 Geschichte
430 4503 522 4572 (Halia
541 4504 620 4566 1879)
638 4521 665 4575 p.
684 4505 742 4560 153.

314 4595 335 4654 ³)
355 4591 442 4661 Hngo
466 4589 571 4650 Grohs,
604 4588 652 4642 der
670 4589 766 4644 Werth
790 4591 839 4646 des
858 4589 1124 4646 Geschichtsvverhes
1149 4591 1197 4645 des
1216 4591 1329 4647 Cassius
1347 4591 1402 4645 Dio
1424 4591 1466 4644 als

247 4676 346 4746 Quclle
358 4677 417 4730 iuer
429 4675 474 4730 die
486 4671 649 4730 Geschichte
661 4673 709 4730 der
720 4675 865 4732 1010049-
883 4678 917 4732 44
928 4693 952 4731 a.
965 4677 1029 4732 Chr.
1041 4676 1220 4746 (Zuelliehav.
1235 4678 1310 4748 laun)
1326 4695 1350 4748 p.
1365 4679 1381 4732 2
1392 4695 1467 4749 sqq.;
