3560 5242
184 654 404 731 similitudine,
429 672 508 736 quae
531 654 560 718 ei
582 672 645 717 nou
668 655 770 720 solum
792 674 864 718 oum
886 654 1008 720 Iustino
1031 654 1208 732 intercedit,
1232 656 1286 720 sed
1309 657 1404 721 etiam

184 777 258 823 oum
281 759 426 834 Tatiano,
449 757 664 838 Athenagora,
686 758 864 841 Theophila.
909 754 1050 836 Quorum
1072 757 1270 823 defensiones
1291 757 1405 824 lustini

185 863 327 946 apologia
349 864 479 945 excepta
501 880 574 926 eum
596 881 659 925 nou
682 880 852 944 usurpasse
875 880 971 943 supra
985 863 1177 926 monuimus.
1215 862 1281 927 Nec
1298 863 1406 946 deper-

184 965 266 1030 ditas
294 965 491 1029 defensiones
515 965 634 1030 Graece
662 965 795 1048 scriptas
826 963 864 1028 ad
887 964 1126 1047 Apologetieum
1154 967 1404 1048 componendum

185 1068 364 1132 adhibuisse
398 1067 486 1150 argui
514 1067 656 1150 potest¹l
706 1067 792 1130 Nihil
820 1067 916 1148 igitur
938 1067 1057 1143 obstat,
1090 1069 1257 1149 quominus
1281 1088 1405 1134 censea-

184 1191 256 1236 mus
283 1169 525 1245 Tertullianum,
560 1169 620 1233 etsi
651 1170 823 1236 identidem
857 1170 1015 1234 Iustinum
1046 1175 1172 1236 secutus
1201 1175 1263 1248 est,
1297 1177 1405 1236 tamen

184 1275 338 1358 imprimis
367 1275 527 1358 scriptoris
550 1274 648 1352 illius,
682 1293 777 1357 quem
800 1275 984 1348 statuimus,
1016 1274 1120 1338 Latini
1148 1277 1289 1359 apologia
1312 1295 1405 1339 usum
1527 1261 1532 1268 ⁸

185 1397 270 1454 esse,
300 1379 396 1443 etiam
424 1379 462 1442 iis
485 1379 578 1455 locis,
607 1379 721 1462 quibus
749 1377 868 1442 similes
887 1377 919 1440 in
943 1377 1072 1443 Octavio
1095 1398 1158 1442 uon
1182 1383 1313 1444 exstant
1360 1379 1405 1442 De

185 1481 234 1546 his
261 1481 345 1546 enim
371 1482 562 1564 Apologetioi
590 1483 665 1547 locis
693 1481 850 1565 plerisque
879 1480 962 1546 idem
992 1481 1159 1545 dicendum
1190 1485 1239 1546 est
1262 1483 1344 1564 quod
1367 1482 1405 1546 de

185 1584 326 1668 plurimis
351 1583 471 1650 Octavii
494 1585 570 1650 locis
594 1605 631 1650 ac
653 1586 788 1651 maxime
812 1585 939 1667 quidem
963 1585 1000 1649 de
1023 1585 1068 1664 iis,
1093 1585 1146 1667 qui
1161 1586 1352 1650 Tertulliano
1376 1588 1408 1650 et

185 1687 323 1752 Minucio
345 1707 528 1754 communes
551 1693 635 1767 suut,
658 1709 806 1773 apparere
829 1689 859 1752 in
883 1689 921 1752 iis
942 1688 1023 1771 quod
1039 1689 1175 1754 ilbertus
1197 1691 1318 1755 vocavit
1339 1688 1406 1753 ‘das

186 1790 496 1857 naboan-romische
520 1792 715 1877 Geprage'.²)

272 1894 393 1972 Restat,
416 1898 454 1959 ut
476 1895 613 1960 breviter
634 1896 835 1980 compleatur,
859 1914 939 1978 quae
963 1895 1160 1979 deperditum
1182 1895 1273 1959 illum
1291 1896 1406 1959 librum

186 1998 435 2064 ecclesiasticum
452 1999 643 2064 continuisse
662 2000 781 2083 putem.
813 1997 911 2062 Plane
928 1999 1075 2080 equidem
1089 1999 1139 2064 his
1154 1998 1289 2063 Hartelii
1304 1998 1407 2062 uerbis

186 2100 219 2180 (l.
236 2120 261 2165 c.
276 2121 305 2186 p.
321 2101 398 2183 368)
415 2103 584 2167 assentior:
608 2103 682 2167 ‘Der
695 2102 812 2180 Inhalt,
835 2102 868 2165 in
884 2102 976 2166 einen
991 2103 1158 2184 negatiuen
1175 2102 1238 2166 und
1254 2103 1407 2186 positiven

185 2203 274 2268 Thail
303 2203 486 2282 zeriallend,
513 2225 588 2289 mag
617 2205 772 2289 uugeliahr
799 2205 898 2269 durch
921 2205 982 2270 den
1004 2205 1305 2270 haudschriitliohen
1327 2205 1406 2267 'litei

187 2306 242 2372 des
265 2308 502 2392 cyprianischeu
519 2307 735 2375 Schristcbens
757 2309 977 2374 umachrieben
999 2309 1137 2376 werden:
1161 2309 1244 2391 quod
1266 2307 1350 2372 idola
1365 2307 1407 2370 dii

187 2429 250 2475 non
273 2411 337 2476 sint
359 2414 391 2476 et
413 2412 495 2494 quod
518 2432 601 2478 unus
625 2413 702 2478 deus
726 2414 766 2477 sit
789 2415 821 2476 et
842 2412 924 2495 quod
947 2411 1146 2476 credentibus
1168 2431 1225 2495 per
1246 2411 1408 2477 Christum

187 2514 272 2580 salus
301 2515 377 2580 data
405 2515 465 2579 sit'.
509 2516 619 2600 Neque
644 2517 807 2602 apologeta
829 2517 882 2581 ille
906 2516 1098 2582 Christianos
1122 2515 1159 2579 de
1182 2515 1329 2580 omnibus
1351 2513 1408 2578 ori·

187 2619 338 2695 minibus,
373 2619 486 2700 quibus
517 2621 694 2686 insimulari
724 2622 885 2698 solebant,
913 2639 1065 2704 purgasse
1094 2618 1318 2684 existimandus
1345 2636 1408 2680 non

189 2724 247 2786 est.
292 2722 413 2787 Nomen
436 2742 508 2789 vero
531 2725 624 2790 huius
648 2725 820 2808 scriptoris,
844 2743 938 2805 quem
961 2724 1142 2788 Varronis
1164 2740 1270 2786 rerum
1293 2721 1411 2784 divina-

188 2844 258 2889 rum
286 2825 398 2902 libros,
427 2825 593 2892 Senecae
622 2829 660 2893 de
686 2826 882 2912 providentia
909 2830 941 2892 et
968 2827 1007 2891 de
1030 2826 1250 2910 superstitione
1273 2824 1405 2898 libellos,

188 2928 479 3011 apologetarum
507 2932 705 3013 quorundam
739 2933 967 2998 Graecorum
996 2929 1193 2995 defensiones
1227 2927 1408 2992 adhibuisse

188 3031 334 3108 vidimus,
357 3033 571 3098 Tertullianus
594 3038 626 3099 et
641 3034 797 3100 Minucius
820 3053 906 3099 more
922 3035 1110 3118 scriptorum
1125 3031 1408 3097 ecclesiasticorum

189 3135 391 3199 reticuerunt.
427 3135 487 3200 Ille
510 3137 638 3219 quidem
659 3138 747 3203 initio
769 3139 841 3204 libri
864 3138 901 3202 de
918 3137 1095 3202 testimonio
1111 3136 1234 3200 animae
1250 3133 1409 3217 professus

189 3237 399 3302 nonnullos
429 3239 597 3324 scriptores
624 3241 818 3307 Christianos
845 3241 983 3324 profanis
1010 3239 1124 3304 litteris
1147 3258 1220 3303 usos
1244 3237 1409 3320 gentilium

189 3343 353 3424 poetarum
380 3345 413 3406 et
439 3343 696 3427 philosophomm
718 3364 812 3428 opera
834 3345 1001 3409 advocasse
1025 3344 1064 3408 ad
1087 3341 1315 3406 defendendam
1340 3340 1410 3402 doc-

190 3446 307 3510 trinam
334 3445 547 3511 Christianam
575 3448 680 3511 nescio
708 3466 748 3511 an
776 3449 872 3512 etiam
900 3447 938 3511 de
966 3467 1002 3511 eo
1031 3446 1195 3530 apologeta
1217 3443 1409 3526 cogitaverit,

191 3567 285 3631 quem
315 3547 443 3613 Minucii
478 3569 600 3632 quoqne
628 3554 788 3614 auctorem
820 3549 917 3615 fuisse
950 3550 1159 3634 probavimus.
1210 3547 1291 3612 Alibi
1326 3545 1409 3624 (adv.

190 3649 316 3715 Valent.
333 3652 363 3728 b)
386 3653 597 3718 Tertullianus
620 3655 792 3728 interese,
815 3673 892 3736 quos
915 3653 993 3716 libro
1009 3653 1158 3716 adversus
1173 3649 1411 3714 Valentinianos

191 3757 317 3818 secutus
340 3758 403 3835 est,
426 3761 550 3840 praeter
563 3755 723 3821 Iustinum
746 3756 967 3841 philosophum
988 3759 1020 3820 et
1034 3759 1214 3838 martyrem,
1237 3751 1410 3817 Miltiadem

260 4015 284 4076 ¹)
312 4013 521 4083 Apollinaris
554 4013 810 4084 Hierapolitani
845 4013 1000 4083 apologiam
1031 4010 1227 4066 Tertullianum
1254 4008 1411 4063 adhibuisse

191 4097 238 4166 (cl.
252 4098 320 4154 Otto
336 4099 354 4152 l.
367 4116 390 4154 a.
408 4099 458 4155 rol.
473 4097 511 4152 lx
530 4119 556 4170 p.
568 4101 621 4156 486
633 4101 663 4154 lr.
679 4105 706 4166 13
725 4100 799 4155 Tert.
813 4100 889 4169 Apol.
901 4102 932 4166 ὃς
951 4097 985 4152 ad
999 4099 1078 4164 Scap.
1088 4099 1124 4162 4),
1143 4095 1212 4164 quod
1226 4093 1411 4148 Bouuetschio

193 4183 209 4236 l.
228 4199 251 4238 r.
270 4199 297 4252 p.
314 4185 351 4238 20
367 4185 429 4240 adn.
447 4187 482 4240 29
500 4187 586 4242 visum
605 4191 656 4254 est,
674 4186 752 4241 valde
770 4185 903 4240 incertum
921 4198 982 4238 esse
995 4182 1166 4237 Hamaclrius
1185 4181 1233 4234 le.
1247 4197 1272 4249 p.
1285 4182 1337 4233 239
1351 4180 1412 4235 adn.

190 4269 244 4322 aab
267 4285 329 4325 sere
352 4271 463 4326 monuit.
499 4272 593 4341 Neque
617 4289 650 4327 ex
673 4271 848 4328 Melitonis
873 4271 978 4339 apolog.
999 4267 1031 4323 fr.
1056 4269 1104 4322 13
1128 4266 1180 4335 (ed.
1200 4267 1267 4322 Otto
1284 4267 1300 4319 l.
1320 4283 1342 4320 e.
1362 4265 1412 4319 vol.

192 4354 233 4410 lx
250 4373 277 4426 p.
297 4359 347 4411 411
366 4359 416 4426 sq.)
440 4363 469 4412 et
487 4357 562 4413 Tert.
581 4361 659 4428 Apol.
678 4361 696 4412 5
720 4359 788 4413 certi
805 4357 947 4424 quicquam
966 4354 1146 4422 colligendum
1165 4368 1224 4408 esse
1242 4357 1342 4407 statuo.
1378 4352 1411 4404 ct.

191 4444 378 4500 llaruaolriunr
396 4445 413 4498 l.
432 4459 456 4500 o.
473 4461 501 4513 p.
519 4445 572 4498 250
590 4445 650 4499 adn.
669 4443 729 4510 aab,
749 4447 788 4499 lo.

261 4533 286 4598 ¹)
304 4530 427 4586 indicem
445 4532 565 4586 locorum
584 4529 703 4586 Minucio
722 4537 751 4586 et
768 4531 938 4586 Tertulliano
957 4527 1150 4589 communium,
1168 4542 1234 4594 quos
1253 4525 1359 4594 quidem
1378 4525 1413 4578 ad

193 4618 368 4686 apologetam
392 4622 513 4672 nostrum
531 4616 659 4672 Latinum
682 4616 838 4672 referendos
862 4631 922 4670 esse
940 4629 1095 4680 censemus,
1125 4629 1192 4682 opus
1210 4629 1261 4667 nou
1280 4616 1324 4665 est
1342 4627 1412 4664 eom·

192 4721 302 4775 ponere,
321 4705 384 4774 quia
403 4703 521 4758 Reelrins
540 4703 558 4756 l.
577 4719 599 4757 c.
617 4717 644 4772 p.
661 4703 695 4756 75
712 4719 769 4770 sqq.
789 4716 882 4757 omnes
900 4715 986 4769 paena
1005 4701 1078 4754 locos
1096 4700 1201 4754 attulit.
