3560 5242
797 383 837 450 15

712 471 923 484 -..-.-——-

289 608 356 673 Nec
383 611 490 674 tamen
518 609 622 692 ipsum
652 609 824 676 Varronem
858 609 1047 694 exscriptum
1078 629 1146 674 esse
1178 629 1197 674 a
1229 609 1421 674 Tertulliano

205 711 399 776 crediderim.
447 711 502 776 ilis
529 713 614 777 enim
636 713 763 790 similia,
792 731 872 796 quae
894 713 932 778 de
954 712 1043 778 lore
1065 712 1210 778 Latiari
1233 711 1315 796 apud
1337 712 1422 775 hunc

205 815 321 898 scripta
343 817 430 890 sunt,
458 834 531 880 curn
559 818 685 900 excepto
711 815 883 900 Porphyrio
910 814 961 898 (de
984 805 1064 880 abst.
1087 814 1190 896 1156)
1218 815 1298 879 nulli
1326 813 1423 896 scrip

205 917 287 982 tores
317 917 503 984 tradiderint
534 917 595 982 nisi
626 919 877 1000 ecclesiastici,¹)
915 917 1073 1000 probabile
1113 921 1161 982 est
1194 917 1423 982 Tertullianum

203 1018 309 1085 Iovis
331 1020 500 1086 Latiaris
522 1022 708 1086 memoriam
731 1023 769 1086 ab
794 1021 957 1104 apologeta
973 1020 1108 1102 quodam
1125 1020 1302 1086 Christiano
1318 1037 1424 1102 sump

204 1123 291 1188 sisse.
340 1123 423 1188 Nam
453 1142 516 1188 non
543 1124 681 1206 primum
703 1125 930 1189 Tertullianum
957 1124 995 1188 de
1023 1122 1096 1188 Iove
1119 1123 1236 1188 Latiari
1263 1121 1424 1205 scripsisse

205 1229 335 1309 apparet
362 1245 399 1290 ex
426 1226 505 1291 Iust.
533 1228 621 1312 Apol.
649 1227 682 1292 H
711 1228 766 1304 12,
797 1228 865 1292 Tat.
893 1245 936 1292 or.
963 1226 1003 1291 ad
1032 1227 1141 1292 Graec.
1172 1227 1227 1302 29,
1263 1223 1424 1306 Theophil.

205 1328 244 1391 ad
267 1329 370 1394 Autel.
393 1329 442 1393 ΠΙ
464 1332 492 1393 8.
537 1329 630 1396 Unde
656 1329 735 1394 illud
763 1330 940 1412 exemplum
968 1329 1115 1414 sumpsit,
1144 1329 1282 1394 indidem
1304 1326 1425 1408 reliqua

205 1431 296 1495 credo
324 1451 396 1497 eum
425 1433 580 1515 petivisse.
630 1433 681 1498 Ita
708 1433 869 1498 Saturni
898 1432 1076 1516 exemplum
1104 1451 1177 1497 cum
1204 1431 1277 1496 Iove
1307 1426 1424 1492 Latiari

205 1533 406 1598 coniunctum
433 1539 482 1600 est
504 1537 543 1600 ab
565 1535 687 1601 Iustino
709 1536 797 1618 Apol.
820 1535 853 1600 11
877 1536 954 1616 122)
990 1535 1072 1599 Item
1094 1535 1302 1599 Taurorum
1324 1549 1425 1596 esem·

209 1806 309 1861 nalitat
326 1807 370 1862 bei
389 1808 463 1863 Tert.
483 1809 520 1863 iat
537 1827 559 1862 z.
579 1810 609 1862 Β.
627 1809 670 1864 die
683 1809 797 1877 Angnbe
812 1810 880 1865 hber
892 1809 953 1864 dens
966 1810 1066 1863 Saturn
1078 1807 1107 1861 in
1119 1806 1213 1861 Africa
1225 1804 1426 1874 dargebrachte

208 1893 387 1962 Kinderopier
405 1897 475 1962 apol.
495 1896 512 1948 9
531 1895 585 1948 und
604 1894 664 1949 Oet.
676 1897 719 1962 30,
731 1897 762 1961 3,
785 1895 872 1952 wobei
889 1895 946 1949 sich
959 1893 1112 1949 Tertullian
1129 1891 1178 1947 aui
1193 1891 1237 1946 ein
1255 1891 1426 1948 bestimmtss

206 1979 340 2048 Zeugnisa
360 1981 465 2046 bernit,
484 1979 611 2035 wahrend
626 1981 721 2036 Octas.
740 1997 791 2034 nur
808 1980 953 2050 allgemein
966 1980 1058 2047 redet;
1077 1979 1192 2034 iernen
1210 1979 1294 2048 apol.
1311 1979 1329 2030 9
1346 1977 1426 2032 nird

209 2065 271 2119 der
292 2065 364 2120 dem
382 2065 400 2119 J
407 2066 550 2134 uppiter
572 2065 829 2134 dargehrachte
852 2065 1040 2122 bestiarius
1064 2081 1124 2120 son
1141 2065 1202 2120 den
1220 2063 1351 2118 Heiden
1369 2078 1428 2116 zur

205 2150 506 2220 Entschnldignng
535 2152 584 2206 als
614 2152 723 2206 malua
746 2153 843 2207 homo
866 2152 1086 2218 bezeichnet,
1113 2150 1182 2205 und
1208 2149 1277 2205 fast
1304 2165 1365 2204 nur
1390 2163 1426 2202 so

206 2236 334 2291 konnte
354 2236 468 2292 Octas.
488 2238 531 2304 30,
552 2239 569 2290 4
586 2237 766 2293 desselben
785 2238 1026 2306 Beaeichnung
1044 2238 1093 2292 als
1111 2233 1426 2291 malnsundnoxiua

207 2322 303 2377 homo
327 2322 398 2376 sich
423 2340 460 2377 zu
478 2321 643 2378 erklaren
667 2323 844 2379 acheinen.’
868 2353 901 2364 -
925 2323 1095 2391 Quamquam
1114 2321 1290 2377 Schwenkius
1308 2319 1426 2376 coniecit

207 2407 407 2461 Tertullianum
440 2407 553 2463 Minucii
579 2409 701 2477 vestigiis
726 2409 879 2478 ingressum
906 2408 1030 2477 exempla
1057 2407 1237 2463 (irasciet
1262 2407 1426 2472 Graecae,

209 2493 302 2547 Galli
329 2498 364 2548 et
391 2493 512 2549 Gallae
536 2494 579 2562 (ct.
607 2495 660 2548 hui.
686 2510 780 2549 comm.
803 2511 830 2563 p.
854 2496 873 2549 8
896 2495 957 2550 adn.
980 2496 1008 2564 5)
1030 2500 1059 2550 et
1083 2492 1257 2549 Busiridis
1279 2496 1428 2561 propterea

209 2577 348 2647 omisisse,
366 2579 437 2647 quod
458 2595 491 2634 ca
509 2579 645 2635 sacrificia
662 2580 721 2634 sola
738 2595 897 2635 enumcrare
916 2581 1060 2648 voluisset,
1079 2594 1148 2648 quae
1166 2579 1252 2647 ipsius
1269 2583 1363 2633 aetate
1376 2577 1428 2632 coli

208 2663 326 2717 nondum
349 2664 438 2719 desita
463 2671 562 2720 essent.
602 2665 678 2734 Quod
702 2667 890 2734 elucidaret,
918 2681 951 2721 na
970 2667 1155 2721 Taurorum
1178 2665 1284 2733 quidem
1308 2667 1337 2719 et
1354 2663 1428 2718 Gal·

211 2749 323 2803 lorum
349 2751 512 2806 mentionem
531 2753 621 2806 iacere
638 2755 762 2820 poterat,
787 2751 851 2820 qnia
869 2751 1003 2806 Minucius
1021 2751 1139 2807 dilucide
1155 2750 1278 2819 scripsit:
1297 2748 1428 2803 ‘Tauris

209 2837 294 2890 etiam
314 2835 434 2891 Ponticis
459 2842 487 2891 et
504 2837 643 2907 Aegyptio
661 2837 780 2893 Busiridi
803 2837 872 2892 ritus
896 2836 962 2892 suit
988 2837 1109 2906 hospites
1126 2836 1281 2902 immolare,
1305 2839 1338 2891 et
1355 2834 1427 2889 lter·

209 2921 284 2976 curio
304 2922 413 2977 Gallis
431 2924 565 2978 humanae
651 2923 778 2978 victimas
796 2923 928 2978 caedere!
964 2923 1049 2992 Quem
1068 2922 1152 2977 ritum
1171 2921 1254 2976 etiam
1267 2918 1429 2976 Tertulliani

208 3012 302 3062 aetate
322 3015 417 3076 gentes
434 3009 499 3063 illae
516 3009 734 3077 repudiaverunt
764 3007 843 3078 Apud
863 3009 983 3064 Gallos
1000 3009 1072 3063 enim
1090 3012 1163 3063 teate
1179 3007 1308 3062 Suetonio
1322 3004 1428 3074 (Claud.

208 3093 253 3158 25)
281 3108 361 3148 sacra
383 3094 432 3149 illa
452 3093 606 3163 imperante
625 3093 738 3150 Claudio
756 3095 861 3150 abolita
880 3099 951 3150 sunt.
991 3096 1087 3162 ltaque
1111 3093 1144 3148 de
1162 3092 1328 3149 Tertulliani
1346 3093 1428 3148 aerbo

147 3219 148 3224 .
209 3179 387 3248 ‘prosecatur'
414 3207 449 3220 -·
471 3180 499 3234 in
521 3180 613 3236 codice
636 3179 778 3246 Fuldenei,
806 3180 861 3247 ‘qui
883 3179 1139 3248 praestantissimus
1163 3179 1317 3234 existimari
1340 3178 1427 3241 solet’,

209 3266 423 3333 ‘proaeoabatssr'
447 3264 579 3334 scriptum
604 3271 646 3321 est
670 3295 704 3306 -
722 3267 751 3321 F.
778 3265 910 3321 oehlerus
934 3267 1022 3333 (Tart.
1046 3265 1127 3335 Apol.
1145 3269 1174 3319 at
1191 3264 1228 3320 ad
1245 3269 1302 3320 nat.
1320 3264 1381 3320 libr.
1400 3263 1428 3318 il

209 3350 271 3405 Hal.
290 3351 353 3406 Sax.
373 3353 441 3406 1849
458 3367 484 3420 p.
503 3353 547 3419 48)
571 3355 645 3407 recto
662 3351 804 3406 iudicarit:
829 3352 906 3407 ‘bene
929 3356 987 3407 atat
1004 3355 1175 3420 prosecatur,
1200 3351 1270 3419 quod
1287 3366 1343 3406 non
1360 3363 1429 3418 opus

209 3443 253 3491 est
278 3453 328 3505 pro
354 3437 494 3506 praesenti
521 3438 688 3507 accipiatur'.
733 3437 901 3492 Tauricas
924 3453 986 3494 sero
1010 3437 1119 3492 tabulas
1141 3436 1293 3492 ‘remittens
1311 3434 1427 3490 theatris

211 3522 277 3578 auis'
295 3524 356 3594 ipae
374 3523 560 3578 Tertullianus
578 3523 733 3592 significare
749 3523 857 3580 uidetur
875 3524 928 3578 nisi
945 3523 1065 3591 antiquie
1083 3521 1250 3591 temporibus
1268 3521 1336 3576 haec
1350 3535 1430 3576 sacra

210 3609 286 3663 iacta
303 3625 356 3665 non
375 3625 443 3676 esse,
461 3625 522 3664 cum
540 3609 673 3681 imprimis
691 3609 806 3664 historia
823 3609 954 3666 fabularis
972 3617 1001 3666 et
1018 3614 1119 3666 retus
1137 3607 1268 3665 memoria
1285 3606 1375 3675 poetis
1393 3604 1430 3660 ad

210 3695 366 3762 uagoedias
393 3696 593 3765 componendas
620 3696 763 3752 materiem
790 3696 924 3764 praebere
946 3697 1074 3752 solerent.
1117 3696 1209 3763 Atque
1231 3709 1265 3749 ex
1289 3693 1381 3762 Scorp.
1404 3693 1430 3758 7,

210 3781 257 3836 ubi
270 3782 456 3837 Tertullianus
468 3783 678 3851 apologeticum
696 3783 803 3839 videtur
814 3782 980 3851 adhibuisse,
999 3787 1117 3853 apparet
1129 3779 1329 3837 Tertullianum
1341 3779 1430 3834 locam

210 3867 286 3923 illurn
308 3868 480 3938 apologetici
510 3869 551 3922 aie
576 3869 699 3938 intellegi
725 3869 853 3935 relisisse,
880 3874 912 3923 ut
937 3868 1009 3938 apud
1031 3868 1152 3924 Gallos
1176 3871 1205 3921 et
1227 3865 1357 3921 Tauros
1379 3879 1431 3920 aua

210 3954 296 4022 ipsius
322 3960 416 4010 aetate
439 3956 506 4010 haec
530 3970 609 4009 sacra
632 3957 685 4010 iam
709 3955 819 4010 sublata
843 3959 942 4010 ament.
979 3954 1096 4022 Scripsit
1113 3953 1184 4008 enim
1202 3952 1250 4006 illo
1268 3953 1339 4007 loco:
1367 3949 1431 4005 ‘Sed

211 4040 282 4094 enim
301 4039 506 4110 Scytharum
524 4041 643 4097 Dianam
661 4040 896 4096 autGallornm
919 4040 1124 4096 Mercurium
1142 4037 1357 4093 authirorum
1376 4036 1430 4090 Sa·

211 4130 345 4181 turnum
366 4126 504 4182 hominum
526 4129 636 4184 victima
658 4126 764 4195 placari
789 4127 860 4196 apud
878 4128 1016 4182 saeculum
1033 4125 1133 4194 licuit,
1158 4130 1188 4180 et
1205 4123 1310 4180 Latio
1329 4122 1364 4177 ad
1382 4123 1429 4177 ho·

212 4211 335 4266 diurnum
353 4212 425 4267 lovi
443 4213 533 4268 media
551 4214 578 4267 in
597 4214 663 4268 urbe
680 4213 813 4268 humanus
831 4213 941 4280 sanguia
958 4212 1130 4280 ingsutatnr’.

281 4295 304 4365 ¹)
331 4297 450 4366 Quorum
475 4299 632 4354 testimonia
656 4297 810 4368 composuit
834 4298 883 4353 Th.
911 4299 1052 4366 Rcepenss
1082 4297 1199 4352 Lucubr.
1227 4295 1327 4351 Pontii.
1353 4295 1430 4364 prim.

213 4383 319 4438 (ledani
338 4384 405 4438 1849
424 4403 450 4454 p.
469 4385 511 4438 38.

281 4470 302 4538 ⁹)
331 4473 409 4525 Τίνος
425 4470 478 4544 γὰρ
496 4473 582 4542 χάριν
600 4471 664 4539 οὐχὶ
682 4475 729 4524 καὶ
746 4472 835 4524 ταῦτα
854 4467 973 4540 δημοσίᾳ
992 4465 1185 4541 ὡμολογοῦμεν
1202 4466 1303 4540 ἀγαθὰ
1321 4472 1369 4520 καὶ
1387 4487 1430 4538 ps·

213 4549 350 4624 λοοοφίαν
370 4555 455 4608 θείαν
478 4553 548 4610 αὐτὰ
567 4554 779 4626 (ἐπιδείκνυμεν,
802 4557 954 4627 φάσκοντες
971 4554 1106 4627 Κρόνου
1122 4558 1173 4624 μὲν
1189 4553 1326 4626 μυστήρια
1343 4549 1432 4606 τελεῖν

214 4645 244 4693 ἐν
261 4641 302 4708 τῷ
320 4637 514 4712 ἆοδροφοοεῖο,
539 4649 583 4696 καὶ
603 4647 633 4696 ἐν
650 4645 690 4712 τῷ
708 4643 822 4700 uisuros
841 4639 1049 4712 ἐμπίπλασθαι,
1073 4640 1110 4696 o'ss
1128 4637 1249 4713 λέγεται,
1266 4639 1302 4692 τὰ
1320 4639 1368 4692 ἴσα
1385 4639 1430 4708 τῷ
