3480 5230
870 375 1081 470 Α

365 593 444 686 νικῷ
470 591 644 686 ζητήματι,
667 597 755 682 quod
778 597 999 682 Hermagoras
1009 600 1034 683 ¹)
1056 597 1216 664 adiecisse
1238 596 1381 681 ridetur,
1410 597 1491 684 quid
1517 619 1595 665 sen·
1702 674 1706 689 Ι

366 703 447 766 tiam
470 701 660 785 priusquam
684 700 832 785 aperiam
856 700 952 782 (conf.
976 702 993 785 5
1017 704 1060 786 2),
1083 701 1308 784 quaestionem
1331 701 1424 768 illam
1439 703 1596 769 breviter

366 810 510 889 tangam,
523 807 633 868 utrum
648 802 833 869 rhetoricae
845 802 1067 870 definitionem
1078 805 1226 889 posuerit
1237 804 1458 890 Hermagoras
1472 827 1596 874 necue.

365 907 526 990 Equidem
551 905 745 971 crediderim
769 927 842 972 eum
866 906 998 973 omnino
1021 906 1145 972 nullam
1173 908 1329 974 statuisse
1352 907 1596 975 definitionem.

366 1011 450 1076 Nam
472 1029 581 1092 neque
604 1007 720 1074 Cicero
747 1009 904 1074 inlibris
932 1009 973 1075 de
1000 1009 1201 1093 inventione,
1234 1011 1268 1076 in
1300 1011 1420 1096 quibus
1452 1016 1598 1096 praeter
1712 1011 1713 1050 Ὗ

367 1112 574 1179 Cornificium
609 1111 749 1177 maxime
777 1111 1014 1197 Hermagoran
1048 1113 1209 1197 sequitur,
1242 1135 1347 1199 neque
1380 1135 1457 1180 vero
1486 1114 1597 1194 Quin-

366 1216 502 1281 tilianus
517 1221 576 1280 aut
590 1214 741 1281 Aurelius
757 1217 959 1300 Augustinus
981 1216 1051 1304 eius
1072 1215 1292 1284 definitionem
1308 1217 1453 1288 tradunt.
1496 1218 1597 1297 Quae

367 1319 457 1404 apud
484 1317 679 1384 scholiastes
707 1318 836 1384 demum
870 1318 1066 1386 attribuitur
1087 1319 1310 1405 Hermagorae
1342 1321 1393 1387 vel
1420 1321 1491 1388 eius
1524 1321 1598 1386 dis·

367 1422 494 1508 cipulis.
528 1421 628 1488 Velut
648 1421 718 1506 ipse
740 1421 963 1507 Hermagoras
986 1422 1167 1508 significari
1188 1423 1317 1489 ridetur
1332 1423 1463 1509 Sopatri
1479 1423 1596 1490 verbis
1712 1443 1713 1492 l

366 1527 401 1590 in
429 1525 644 1591 adnotatione
677 1527 864 1610 exscriptis,
898 1527 967 1593 eius
994 1525 1169 1611 pedisequi
1189 1547 1210 1591 a
1234 1526 1381 1593 Plenude
1403 1527 1444 1614 (V
1468 1549 1501 1612 p.
1528 1533 1596 1595 213

368 1629 443 1712 W.):
467 1624 499 1695 oi
515 1626 552 1694 δὲ
573 1623 793 1716 Ἑρμαγόρειοι
815 1625 938 1709 οὕτως·
956 1627 1089 1714 δι’ναμις
1111 1628 1187 1718 περὶ
1209 1627 1299 1717 λόγον
1313 1628 1404 1709 τέλος
1419 1623 1542 1712 ἐῇροοσα
1557 1623 1598 1695 τὸ

369 1727 514 1814 πείθειν,
550 1725 625 1798 ὅσον
647 1723 697 1818 ἐφ’
721 1725 811 1821 αὑτῇ.
855 1733 935 1799 Cum
962 1732 1101 1817 Sopatro
1128 1733 1268 1799 maxime
1296 1733 1449 1818 congruit
1469 1733 1596 1800 Sextus

369 1835 602 1920 Empiricus,¹)
625 1855 686 1900 nec
708 1841 819 1900 tamen
836 1834 1058 1902 definitionem
1080 1835 1266 1902 rhetoricae
1282 1835 1507 1921 Hermagorae
1532 1838 1595 1904 tri·
1712 1839 1713 1844 ’

368 1937 450 2018 huit,
466 1937 524 2003 sed
540 1937 802 2022 explicationem,
819 1938 899 2022 quid
915 1939 960 2003 sit
975 1937 1119 2014 officium
1135 1939 1274 2024 perfecti
1289 1939 1443 2006 rhetoris.
1475 1940 1596 2025 Neque
1712 1965 1713 1992 1

367 2042 489 2107 iniuria
500 2040 687 2126 putabimus
703 2040 935 2126 Hermagoran
943 2063 1026 2107 -ac
1041 2043 1150 2108 nescio
1163 2063 1204 2107 en
1217 2043 1342 2127 primus
1353 2042 1417 2109 hoc
1428 2042 1593 2110 secerit-
1712 2087 1713 2096 2

370 2151 408 2210 ut
430 2145 570 2210 evitaret
590 2143 777 2210 rhetoricae
800 2144 1032 2226 definitionem,
1055 2167 1154 2228 quam
1177 2145 1236 2210 elii
1256 2141 1367 2234 τέχνην
1381 2146 1439 2210 alii
1454 2143 1596 2232 ἐνειστή-
1712 2185 1713 2190 1

369 2273 432 2337 μην
459 2247 517 2312 alii
550 2243 723 2335 ἐμπειρίαν
744 2246 801 2312 alii
833 2248 898 2313 alio
921 2249 1018 2314 modo
1051 2249 1262 2334 interpretati
1286 2253 1409 2329 essent,
1444 2248 1593 2315 officium

368 2345 483 2439 (ἔργον)
508 2350 651 2416 oratoris
681 2351 892 2417 constituisse
920 2351 1020 2435 idque
1043 2352 1141 2435 quale
1170 2358 1257 2419 esset
1284 2351 1507 2437 descripsisse.
1556 2352 1593 2416 In

369 2454 432 2520 hac
453 2475 490 2522 re
512 2453 704 2521 Cornificius
728 2475 802 2520 eum
825 2459 956 2520 secutus
979 2459 1039 2520 est.

945 2714 1015 2801 §a

456 2848 522 2917 Sed
533 2850 705 2917 redeamus
721 2850 764 2916 ad
775 2843 933 2918 πολιτικὰ
951 2849 1118 2941 ζητήματα
1127 2854 1162 2936 ³),
1179 2871 1263 2934 quae
1281 2851 1322 2916 ab
1336 2851 1543 2937 Hermagora
1555 2857 1593 2917 ut

370 2955 511 3021 materia
521 2955 643 3020 oratori
654 2955 874 3020 tributasunt.
890 2954 976 3033 Quid
988 2951 1044 3020 ille
1056 2956 1292 3040 interpretatus
1304 2956 1347 3020 sit
1357 2952 1484 3044 ζήτημα
1496 2956 1592 3020 πολι-

370 3055 460 3124 τικόν
487 3056 643 3123 docemur
670 3057 712 3123 ab
741 3058 939 3143 Augustino,
968 3059 1025 3142 qui
1051 3058 1243 3142 plerumque
1270 3058 1496 3142 Hermagorae
1521 3065 1592 3122 tra·

372 3160 434 3225 dit:
461 3165 559 3241 „sunt
579 3165 688 3226 eutem
710 3160 822 3226 civiles
843 3161 1062 3246 quaestiones,
1078 3181 1218 3243 querum
1240 3161 1426 3246 perspectio
1448 3161 1482 3227 in
1504 3181 1593 3226 ccm-

372 3283 503 3328 munem
526 3262 626 3327 enimi
649 3265 895 3348 conceptionem
921 3269 1033 3349 potest
1060 3263 1192 3345 cadere,
1226 3263 1313 3348 quod
1336 3263 1456 3330 Graeci
1482 3256 1594 3350 κοινὴν

372 3361 497 3433 ἔννοιαν
511 3367 695 3451 uocant.“⁴)
717 3367 785 3432 Nec
797 3368 935 3434 multum
950 3367 991 3433 ab
1007 3367 1070 3432 hac
1085 3365 1242 3432 differunt
1256 3366 1404 3433 finitione
1417 3387 1483 3446 eae,
1508 3387 1593 3449 quas

372 3469 398 3534 F
400 3469 628 3535 ortunatienus
650 3474 695 3554 (p.
712 3478 751 3537 81
769 3470 820 3558 Η.)
844 3477 878 3536 et
900 3469 1063 3554 Sulpicius
1089 3467 1206 3535 Victor
1229 3473 1271 3554 (p.
1289 3477 1350 3537 313
1371 3470 1424 3552 H.)
1446 3469 1593 3536 tradunt

373 3571 493 3651 Quales
521 3572 588 3638 sint
614 3571 720 3639 κοιναὶ
749 3568 868 3640 ἔννοιαι
897 3596 937 3641 ex
959 3573 1073 3640 ecdem
1100 3574 1282 3658 Augustino
1306 3572 1342 3658 (l.
1367 3576 1408 3658 c.)
1436 3578 1593 3658 apparet:

443 3835 463 3904 ¹)
481 3832 576 3904 Septi„
591 3831 615 3887 V
628 3833 698 3903 p.15
713 3831 769 3887 W.:
790 3829 818 3884 οἱ
835 3828 864 3885 dd
882 3837 945 3906 περὶ
960 3831 1139 3905 Ἑρμαγόραν
1156 3830 1315 3906 (ῥητορικὴν
1332 3829 1457 3904 καλοῦσι)
1476 3827 1595 3903 δύναμιν

373 3920 423 3971 τοῦ
441 3909 470 3972 εὖ
487 3917 574 3991 λέγειν
591 3917 626 3971 τὰ
645 3917 775 3971 πολιτικὰ
795 3917 943 3986 ζητήματα.

442 4007 461 4070 ²)
480 4005 539 4060 adv.
557 4004 625 4059 rhet
645 4005 679 4058 62
697 4005 736 4073 (p.
755 4005 807 4060 687
825 4005 883 4074 B.):
907 4009 952 4058 καὶ
966 4004 1143 4078 Ἑρμαγόρας
1160 4004 1264 4058 τελείου
1282 4003 1398 4078 ῥήτορος
1421 4008 1501 4077 ἔργον
1522 4003 1595 4057 εἶναι

374 4089 447 4163 Ache
463 4091 496 4143 τὸ
513 4091 601 4143 τεθὲν
611 4089 756 4144 πολιτικὸν
767 4089 871 4159 ζήτημα
883 4087 1067 4144 διατίθεσθαι
1085 4091 1157 4144 κιττοὶ
1175 4091 1208 4143 τὸ
1226 4086 1411 4160 ὃνδεχόμινον
1427 4091 1583 4146 asmancia.

444 4178 468 4246 Ι)
486 4177 628 4233 Notandur
646 4176 690 4232 hic
706 4176 775 4233 levis
793 4191 869 4232 error
887 4177 1035 4248 Spengelii,
1054 4177 1100 4245 qui
1118 4176 1153 4232 ad
1171 4177 1295 4247 Dionysii
1312 4177 1375 4231 Hal.
1393 4175 1593 4232 definitionem:

376 4261 517 4336 (ῥητορική
541 4265 610 4330 ἐστι)
637 4259 749 4332 δύναμις
770 4262 882 4330 τεχνικὴ
905 4263 1032 4317 πιθανοῦ
1055 4262 1137 4336 λόγον
1160 4266 1191 4315 ἐν
1213 4262 1356 4334 πράγματι
1376 4260 1513 4328 πολιτικῷ
1537 4261 1594 4316 κτλ

373 4350 496 4419 (Planud.
521 4349 546 4406 V
567 4366 593 4419 p.
615 4349 677 4414 213)
700 4348 814 4405 adnotat
836 4348 916 4418 (hius.
940 4349 1026 4406 Rheu.
1044 4349 1137 4407 XVlll
1155 4365 1182 4418 p.
1199 4349 1277 4416 494),
1295 4348 1378 4404 rerba
1396 4351 1427 4400 ἐν
1453 4347 1595 4421 πράγματι

374 4432 509 4503 πολιτικῷ
527 4437 562 4490 ah
580 4435 751 4504 Hermagora
768 4449 827 4491 esse
845 4435 977 4504 prolecta.
1013 4439 1051 4492 At
1068 4437 1253 4506 Hermagoras
1271 4437 1301 4486 tv
1326 4433 1493 4506 ζητήματι
1514 4431 1594 4487 πολι-

373 4523 444 4591 τικῷ
461 4523 537 4579 dixit

443 4611 464 4686 ‘l
481 4609 515 4666 dc
532 4610 602 4666 rhet
620 4625 646 4681 p.
666 4610 717 4664 138
733 4608 824 4665 Halm.
