3634 5240
1090 310 1130 372 32

1006 395 1213 406 ———

499 537 539 612 si,
562 553 641 618 quac
663 553 713 599 ros
733 532 847 598 efficiat
870 534 1078 617 voluptatem:
1112 533 1221 597 eadem
1246 551 1325 613 quac
1347 531 1378 595 in
1401 531 1563 607 versibus,
1590 550 1737 613 quorum

499 639 627 703 modum
660 639 845 714 notatam,
877 636 931 700 sed
957 654 1051 701 aures
1078 635 1164 719 ipsae
1192 635 1290 702 tacito.
1321 654 1394 699 eum
1431 653 1529 698 sensu
1552 635 1628 698 siue
1668 642 1738 697 arte

498 726 679 805 definiuntu
725 738 772 804 cf.
795 739 868 835 ibici.
893 739 964 801 185.

585 860 694 925 Soluto
715 860 809 941 igitur
824 855 964 923 ‘metrica
985 859 1207 942 compositione
1236 858 1417 940 infringitur
1438 860 1541 923 omnis
1565 860 1736 941 poematis

500 965 593 1029 decor
612 966 691 1028 teste
714 963 852 1027 Isocrate
875 981 918 1026 or.
943 961 972 1036 9,
993 963 1047 1027 1οε
1071 956 1101 1025 ot
1122 959 1184 1043 μὲν
1206 966 1262 1039 (sc.
1286 959 1438 1047 ποιηταὶ)
1460 952 1546 1044 μετὰ
1567 959 1737 1043 μέτρων

500 1065 554 1131 καί
578 1065 721 1152 ῥυθμοί
727 1090 745 1129 ν
766 1059 898 1129 ἅπαντα
914 1062 1065 1128 ποτοῖσιν
1087 1111 1095 1128 .
1117 1113 1125 1128 .
1146 1053 1190 1131 ,ὃ
1212 1061 1371 1150 τοσαύτην
1387 1058 1451 1144 έχει
1474 1060 1612 1147 χάριν,
1636 1056 1738 1135 ὥστ’,

497 1161 536 1234 ἀν
558 1167 612 1232 καὶ
627 1170 667 1254 τῇ
681 1165 767 1249 λέξει
788 1158 843 1233 καί
864 1170 933 1244 τοῖς
955 1154 1183 1253 ἐνθυμήμασιν
1197 1160 1252 1255 ἔχῃ
1268 1170 1384 1245 κακῶς,
1408 1158 1497 1247 ὅμως
1511 1159 1634 1243 αὐτοῖς
1659 1172 1737 1243 ταῖς

497 1266 690 1357 εὐρυθμίαις
704 1270 758 1335 καί
775 1274 848 1348 ταῖς
862 1264 1074 1356 συμμετρίαις
1091 1273 1319 1356 ψυχαγωγῶσι
1333 1263 1406 1347 τοὺς
1419 1261 1615 1346 ἀκούοντας·
1638 1265 1735 1354 γνοίη

499 1368 528 1440 δ’
541 1366 581 1438 όν
599 1396 649 1451 τις
671 1370 798 1439 ἐκεῖθεν
824 1365 882 1459 τὴν
905 1369 1042 1456 δύναμιν
1062 1366 1187 1439 αὐτῶν·
1213 1367 1253 1459 ἠν
1279 1368 1340 1459 γάρ
1365 1396 1417 1451 τις
1437 1374 1502 1436 τῶν
1525 1369 1737 1458 ποιημάτων

498 1482 562 1542 τῶν
583 1468 833 1560 εάδοκιμοόντων
854 1468 897 1540 τά
917 1475 978 1558 μέν
1002 1467 1146 1559 ὀνόματα
1169 1467 1299 1556 καὶτὰς
1321 1471 1469 1555 διανοίας
1483 1473 1675 1562 καταλίπῃ,
1699 1469 1736 1538 τό

500 1576 536 1643 δέ
562 1583 680 1664 μέτρον
711 1575 860 1668 διαλέση,
894 1577 1075 1666 φανήσεται
1104 1577 1188 1645 πολὺ
1215 1576 1455 1665 καταδεέστερα
1475 1581 1535 1664 τῆς
1563 1573 1669 1663 δόξης
1700 1563 1736 1660 ἧς

500 1687 554 1747 νῦν
577 1676 688 1765 ἔχομεν
710 1680 788 1769 περὶ
811 1675 922 1748 αὐτῶν.
967 1686 1070 1766 Atque
1100 1684 1248 1766 Dionysio
1272 1686 1397 1747 auctore
1424 1683 1473 1747 vel
1495 1683 1527 1745 iu
1552 1682 1736 1765 pulcherri

500 1773 560 1850 mis
582 1785 711 1850 Homeri
733 1787 808 1850 locis
842 1781 1059 1862 λυθέντος..
1084 1837 1091 1851 .
1112 1788 1170 1850 τοῦ
1196 1783 1315 1870 μέτρου
1342 1785 1452 1871 φαῦλα
1472 1781 1662 1872 φανήσεται
1694 1776 1736 1845 τὰ

500 1879 581 1952 αὐτὰ
603 1890 706 1952 ταῦτα
727 1887 783 1953 καί
798 1881 903 1975 ἀζηλα
915 1937 922 1954 .
936 1938 944 1952 .
960 1938 988 1954 ..
1005 1879 1127 1953 τοιαῦτ’
1144 1884 1213 1953 έστὶ
1228 1880 1322 1974 παρὰ
1335 1891 1383 1974 τῷ
1399 1891 1521 1974 ποιητῇ
1534 1885 1651 1969 μυρία,
1677 1881 1736 1963 ὡς,

500 1977 615 2055 εδοῖδ
640 1984 701 2071 ὅτι,
726 1988 845 2069 πάντες
867 1985 977 2056 ἴσασιν
1000 1995 1113 2075 (comp.
1136 1992 1221 2056 verb.
1245 2010 1272 2055 c.
1296 1994 1315 2054 3
1338 2012 1367 2075 p.
1391 1993 1433 2054 34
1455 2009 1522 2072 sqq.
1546 1989 1652 2069 Scin).

585 2128 652 2192 Hoc
674 2128 780 2212 ipsum
803 2132 911 2193 autem
933 2129 1083 2213 exemplis
1106 2130 1363 2212 comprobatnnrs
1383 2127 1553 2210 Dionysius
1577 2128 1736 2192 ostendit.

501 2231 655 2313 quomodo
678 2251 714 2295 ex
737 2233 924 2297 hexametris
947 2233 1120 2297 Homericis
1143 2233 1205 2296 alia
1226 2234 1328 2296 metra
1350 2234 1529 2306 nascantur,
1552 2231 1654 2313 plane
1677 2231 1737 2292 illa

501 2334 626 2414 quidem
649 2334 845 2417 dactylorum
868 2335 1019 2416 dignitato
1042 2336 1190 2399 carentia.
1234 2333 1295 2414 Qui
1318 2335 1416 2411 locus,
1440 2352 1512 2397 cum
1534 2353 1600 2396 non
1627 2354 1735 2396 uuum

500 2437 684 2519 scrupulum
712 2438 829 2519 legenti
854 2439 978 2515 iniciat,
1010 2440 1154 2502 accurate
1177 2437 1254 2502 mihi
1283 2437 1509 2502 examinandus
1532 2439 1592 2500 cst.
1642 2437 1734 2500 Haec

500 2539 598 2620 igitur
620 2542 694 2603 suut
715 2542 812 2605 verba
834 2540 978 2623 Dionysii
1000 2560 1100 2624 comp.
1124 2541 1207 2606 verb.
1229 2544 1250 2603 4
1271 2561 1301 2624 p.
1325 2542 1452 2603 48-54
1476 2539 1565 2604 Seu:

586 2658 612 2721 I.
646 2655 891 2742 Λαμβανέσθω
924 2657 962 2725 δέ
996 2662 1158 2747 πρῶτον
1189 2656 1226 2724 ἐκ
1251 2662 1316 2725 τῶν
1336 2654 1517 2749 Ὁμηρικῶν
1544 2654 1648 2724 ταυτί
1677 2659 1738 2743 (Μ

500 2763 563 2826 433
586 2764 683 2845 sqq-n
806 2848 807 2852 γ

708 2857 794 2930 Ἀλλ’
818 2859 898 2946 έχον,
921 2859 1005 2931 ὥστε
1026 2862 1169 2931 τάλαντα
1191 2858 1266 2954 γυνὴ
1288 2869 1432 2954 χερνῆτις
1456 2857 1594 2952 ἀληθής,

704 2963 788 3034 Ἥτε
809 2961 964 3052 σταθμὸν
986 2962 1103 3050 ἔχουσα
1124 2967 1180 3034 καὶ
1202 2963 1301 3056 ε’ίριον
1324 2962 1429 3057 ἀμφὶς
1451 2960 1575 3034 ἀνέλκει

712 3064 880 3151 Ἰσάζουό,
902 3071 955 3137 ἵνα
978 3069 1096 3137 παισὶν
1117 3065 1228 3138 ἀεικέα
1248 3068 1377 3155 μισθὸν
1399 3063 1527 3160 ἀρηται.

502 3210 605 3275 Τοῦτο
634 3201 673 3273 τὸ
704 3205 824 3296 μέτρον
860 3203 999 3298 ἡρωϊκόν
1022 3208 1125 3290 ἐστιν,
1155 3205 1313 3292 ἑξάπουν,
1345 3206 1485 3292 τέλειον,
1516 3201 1602 3275 κατὰ
1633 3208 1732 3277 πόδα

501 3309 655 3378 δάκτυλον
677 3307 877 3397 βαινόμενον.
920 3307 1001 3402 Ἐγώ
1025 3306 1065 3402 δὴ
1086 3317 1152 3380 τῶν
1174 3306 1278 3379 αὐτῶν
1300 3305 1469 3397 ὀνομάτων
1483 3311 1610 3380 τούτων
1624 3339 1732 3398 μετα-

499 3412 633 3502 κινήσας
661 3406 719 3502 τὴν
751 3413 906 3482 σύνθεσιν
942 3410 1015 3497 τοὺς
1043 3411 1157 3497 αὐτοὺς
1184 3413 1314 3498 στίχους
1345 3409 1419 3482 ἀντὶ
1444 3415 1506 3502 μέν
1535 3412 1732 3505 ἑξαμέτρων

501 3514 633 3604 ποιήσω
654 3517 957 3606 τετραμέτρους,
991 3513 1064 3586 ἀντὶ
1091 3519 1129 3586 δέ
1156 3516 1307 3606 ἡρωϊκῶν
1331 3518 1645 3607 προσῳδικυὺςῑ)
1674 3518 1733 3589 τὸν

498 3616 623 3709 τρόπον
644 3625 766 3686 τοῦτον·

658 3732 746 3806 Ἀλλ’
771 3735 852 3823 ἕχον,
881 3736 966 3807 ὥστε
987 3740 1063 3830 γυνη
1085 3745 1230 3831 χερνῆτις
1251 3738 1394 3808 τάλαντα
1416 3737 1554 3832 ἀληθής,

658 3837 736 3909 Ἥτ’
759 3839 859 3933 εἴριον
880 3838 985 3935 ἀμφὶς
1006 3845 1061 3912 καί
1085 3838 1237 3929 σταθμὸν
1259 3840 1362 3928 ἔχοιτ’
1379 3839 1504 3913 ἀνέλκει

664 3941 831 4030 Ἰσάζουό,
853 3942 894 4014 ἵν’
917 3942 1030 4016 ἀεικέα
1052 3949 1171 4016 παισὶν
1193 3942 1306 4039 ἀροιτο
1328 3947 1461 4035 μισθόν.

504 4082 648 4151 Τοιαῖντυί
670 4081 741 4151 ἐστι
768 4077 809 4150 τά
836 4082 1059 4174 Πριάπεια,
1083 4081 1150 4154 ὑπό
1168 4111 1266 4155 τινων
1288 4085 1326 4154 δὲ
1348 4082 1531 4177 ἰθυφάλλια
1554 4089 1728 4178 λεγόμενα,

499 4184 607 4255 ταυτί·

577 4469 611 4609 ηδ
629 4467 670 4523 vsi
701 4467 802 4524 rectius
828 4461 1043 4539 προσοδιακυύις
1071 4469 1140 4525 coni.
1170 4467 1302 4541 Stephani
1324 4469 1454 4528 Thestor.
1473 4470 1515 4528 ed.
1541 4469 1628 4530 Paris.
1654 4490 1677 4531 ε.
1705 4492 1728 4532 v.

500 4571 576 4626 προσ
611 4573 661 4609 ιον.
