3568 5238
937 364 978 425 88

853 452 1062 460 *-

434 589 477 650 At
517 585 652 650 Johnius
691 585 787 649 verba
829 585 985 650 Ciceronis
1021 585 1114 648 nimis
1150 603 1291 667 premere
1324 584 1402 647 mibi
1435 585 1567 648 videtur.

348 689 475 753 Etenim
498 688 580 770 quod
602 691 708 751 orator
738 685 902 751 Manilium
931 688 963 750 in
996 688 1087 750 illum
1120 685 1259 750 furorem
1282 705 1301 750 a
1322 687 1446 768 magnis
1467 687 1569 750 homi-

348 791 441 855 nibus
470 789 642 873 impulsum
677 808 746 854 esse
781 790 870 866 dicit,
907 790 965 854 hoc
991 789 1121 853 minime
1153 789 1199 851 ita
1224 788 1471 870 intellegendum
1496 807 1568 852 csse

348 895 530 970 censeant
554 892 600 956 illi
611 892 780 957 Manilium
807 911 841 956 re
869 911 943 957 vera
965 893 1094 957 consilio
1118 891 1269 955 auxiliove
1293 891 1478 966 adiuveriut‚
1501 891 1568 968 sed,

349 1014 421 1059 oum
444 995 594 1059 Manilius
616 995 865 1078 perturbatione,
901 1013 980 1078 quac
1008 993 1221 1058 coniuratione
1250 992 1335 1056 iacta
1360 995 1440 1069 erat,
1467 995 1570 1057 mani-

258 1081 260 1085 ⁷
348 1097 428 1162 festo
461 1115 538 1160 usus
576 1099 674 1172 esset,
713 1096 819 1162 Cicero
853 1099 890 1161 ut
921 1099 1046 1161 astutus
1079 1115 1248 1160 causarum
1281 1097 1368 1160 actor
1401 1095 1569 1160 Manilium

348 1201 484 1266 Catilina
506 1203 538 1264 et
560 1199 673 1264 Pisone
697 1200 876 1264 auctoribus
899 1199 1000 1282 egisse
1023 1199 1160 1264 simulat.

432 1301 503 1366 lam
525 1320 598 1366 vcro
612 1301 782 1376 Johnius1)
804 1303 965 1378 iudicium,
988 1319 1061 1364 cum
1083 1301 1235 1365 Asconius
1258 1320 1287 1383 p.
1310 1301 1361 1373 58,
1386 1301 1425 1362 16
1450 1302 1570 1366 ‘codem

349 1406 402 1469 illo
439 1405 587 1487 tempore'
626 1405 872 1486 repetundarum
908 1423 1000 1469 reum
1037 1403 1220 1478 Catilinam,
1258 1403 1355 1467 altero
1391 1422 1464 1468 vero
1502 1404 1570 1469 loco

348 1509 390 1590 (p.
416 1507 467 1584 76,
491 1507 524 1586 6)
549 1524 629 1570 0000
653 1506 693 1569 65
718 1510 902 1572 accusatum
924 1526 992 1572 esse
1023 1505 1152 1581 referat,
1187 1523 1268 1570 auno
1291 1505 1332 1568 65
1355 1506 1571 1570 disturbatum

349 1629 418 1674 esse
441 1627 504 1673 nou
527 1610 594 1672 sine
617 1609 681 1673 veri
704 1611 805 1692 specie
829 1611 1004 1686 contendit,
1036 1609 1067 1674 id
1090 1608 1172 1691 quod
1200 1628 1273 1672 cum
1295 1613 1404 1674 nostra
1425 1611 1570 1693 opinione

348 1730 538 1795 magnopere
560 1715 692 1793 pugnat.
741 1715 890 1776 Attamen
912 1714 1050 1795 primum
1073 1711 1258 1776 scholiastae
1285 1731 1344 1776 vox
1372 1713 1491 1777 ‘ecdem
1513 1713 1570 1776 illo

348 1815 500 1898 tempore*
532 1812 572 1878 ad
606 1813 818 1878 disturbatum
851 1815 1017 1892 iudicium,
1053 1813 1135 1896 quod
1169 1813 1276 1878 Cicero
1306 1815 1424 1896 tangit,
1457 1815 1571 1879 referri

348 1935 476 1982 neccsse
493 1933 561 1980 esse
578 1935 703 1998 negem,
726 1936 799 1981 cum
822 1916 973 1981 facillime
997 1917 1037 1982 ad
1059 1935 1106 1992 ca,
1129 1934 1209 1999 quae
1225 1919 1410 1999 sequuntur,
1426 1920 1570 1999 spectare

349 2021 455 2104 possit.
489 2019 621 2096 Deinde,
644 2020 767 2084 etiamsi
789 2019 852 2084 illis
878 2020 982 2084 verbis
1008 2019 1116 2083 iudicii
1137 2021 1263 2102 tempus
1279 2020 1482 2102 significatur,
1507 2040 1570 2103 quo

348 2123 440 2188 modo
468 2122 560 2186 ‘rcus’
588 2122 818 2204 intellegendus
845 2123 899 2200 sit,
928 2123 1172 2198 commentator,
1203 2141 1277 2185 cum
1303 2121 1471 2188 Catilinam
1498 2127 1570 2187 tum

348 2226 428 2306 (scil.
458 2225 567 2289 eodem
595 2226 751 2307 tempore,
787 2245 849 2308 quo
878 2245 952 2290 reus
980 2225 1061 2308 crat)
1093 2225 1287 2307 provinciam
1315 2224 1455 2290 Africam
1488 2227 1571 2291 obti-

349 2327 454 2390 nuisse
478 2329 510 2390 ct
532 2329 714 2391 consulatus
730 2328 933 2392 candidatum
949 2347 982 2392 se
997 2327 1178 2392 ostendissc'
1195 2327 1333 2404 adnotet,
1355 2347 1425 2393 meo
1441 2329 1571 2410 quidem

350 2430 477 2494 arbitrio
515 2428 650 2494 dilucide
682 2431 809 2494 indicat.
860 2430 945 2494 Nam
977 2431 1055 2494 haec
1088 2430 1184 2494 verba
1217 2429 1257 2493 ad
1289 2429 1393 2512 ipsum
1423 2431 1499 2494 anni
1528 2431 1570 2494 66

348 2531 444 2596 finem
461 2533 577 2615 optimc
595 2533 760 2614 quadrant,
778 2534 927 2616 quoniam
943 2534 1040 2597 ctiam
1056 2533 1189 2596 Asconio
1205 2534 1286 2596 teste
1303 2533 1345 2615 (p.
1363 2533 1412 2610 79,
1428 2534 1469 2597 28
1485 2525 1570 2617 sqq.)

349 2635 485 2701 Catilina
507 2634 560 2698 illo
584 2636 724 2718 tompore
748 2653 784 2699 er
799 2635 905 2700 Africa
926 2635 1086 2719 provincia
1107 2635 1243 2699 redierat
1258 2637 1353 2716 atquc
1369 2635 1571 2701 consulatum

349 2757 381 2801 se
408 2739 514 2820 petere
543 2737 703 2819 professus
730 2743 812 2812 erat;
843 2741 1006 2822 praetcrea
1032 2736 1118 2802 idem
1141 2738 1310 2802 scholiasta
1332 2738 1453 2820 legatos
1476 2738 1570 2802 Afros

349 2840 444 2904 etiam
468 2840 596 2904 absente
613 2839 750 2906 Catilina
772 2843 804 2904 in
828 2843 941 2906 senatu
964 2840 1002 2904 dc
1024 2840 1078 2904 illo
1102 2843 1228 2922 questos
1245 2842 1277 2904 et
1291 2839 1471 2916 Catilinam,
1494 2861 1570 2906 cum

349 2943 482 3006 Romam
506 2942 687 3007 advenisset
712 2944 733 3006 i.
757 2963 784 3008 c.
813 2947 951 3008 extremo
978 2961 1060 3006 anno
1088 2943 1138 3012 66.
1160 2945 1223 3007 iam
1250 2943 1297 3006 ita
1322 2943 1570 3026 repetundarum

350 3045 566 3126 quaesitum
590 3064 660 3109 csse
681 3045 787 3124 tradit,
812 3050 849 3110 ut
871 3064 890 3110 a
911 3045 1063 3129 petitione
1085 3044 1236 3110 desistere
1259 3048 1467 3128 cogeretur).

434 3147 516 3229 Ergo
532 3147 745 3214 confitendum
761 3152 810 3215 est
825 3149 1006 3225 Aesonium,
1023 3167 1096 3212 cum
1112 3147 1281 3213 Catilinam
1297 3149 1360 3211 iam
1375 3150 1446 3212 tum
1461 3149 1569 3213 ‘rcum‘

350 3250 445 3315 luisse
469 3250 594 3327 referat,
617 3269 730 3333 parum
753 3254 897 3317 accurate
921 3251 1091 3334 scripsisse.

434 3352 525 3432 Quod
548 3355 655 3417 autem
679 3356 908 3419 commentator
929 3354 982 3417 illo
1005 3354 1073 3418 loco
1095 3354 1192 3418 edam
1213 3353 1248 3416 P.
1272 3352 1417 3419 Clodium
1441 3371 1571 3418 accusa·

349 3460 448 3521 torem
471 3460 707 3535 commemorat,
738 3459 792 3539 qui
813 3459 873 3522 hoc
895 3476 1012 3522 munus
1040 3475 1068 3519 a.
1093 3455 1134 3518 65
1168 3456 1295 3519 demum
1324 3456 1462 3538 suscepit
1484 3457 1569 3536 (Asc.

347 3580 377 3643 p.
391 3559 441 3636 76,
451 3559 559 3642 6-9),
574 3577 614 3622 00
626 3558 684 3623 hoc
700 3561 827 3641 quidem
838 3562 965 3624 nostrae
981 3557 1155 3622 sententiae
1170 3558 1363 3636 adversatur,
1376 3559 1448 3640 quia
1460 3558 1570 3623 codem

347 3662 414 3726 loco
435 3680 504 3726 rem
526 3663 571 3725 ita
593 3665 715 3738 narrat,
748 3663 838 3744 quasi
858 3661 994 3728 Catilina
1021 3660 1130 3725 codem
1160 3679 1242 3725 anno
1265 3661 1306 3723 66
1334 3679 1371 3724 cx
1393 3657 1499 3724 Africa
1520 3679 1569 3724 re-

347 3765 493 3829 vertisset
529 3768 561 3828 ct
594 3783 613 3828 a
644 3763 750 3829 Clodio
784 3767 949 3830 accusatus
982 3766 1074 3828 esset.
1117 3762 1229 3846 ltaque
1253 3763 1427 3828 cavendum
1450 3765 1506 3840 eat
1529 3782 1569 3827 nc

348 3867 447 3951 priore
469 3868 537 3932 loco
560 3869 602 3950 (p.
620 3868 673 3947 58)
698 3869 882 3933 scholiastae
904 3866 1002 3931 verba
1022 3867 1115 3931 nimis
1138 3868 1227 3931 anxie
1245 3866 1498 3950 interpretemur.

433 3968 554 4048 Quibus
577 3970 672 4034 rebus
693 3970 859 4054 disputatis
880 3969 1040 4036 ‘iudicium
1063 3969 1285 4034 disturbatum*
1308 3970 1392 4034 idem
1413 3969 1569 4032 videbitur

349 4091 427 4150 esse,
450 4072 483 4135 in
507 4073 590 4155 quod
611 4074 761 4138 Manilius
783 4074 1029 4158 repetundarum
1051 4072 1229 4155 postulatus
1252 4071 1321 4136 fuit.

419 4244 440 4312 ¹)
459 4242 491 4298 C.
510 4242 591 4298 John
609 4242 628 4296 l.
646 4259 669 4297 c.
688 4259 715 4314 p.
734 4243 786 4298 714
802 4248 831 4298 ct
846 4243 876 4297 in
893 4243 967 4296 Mus.
981 4239 1070 4296 Rhen.
1086 4240 1193 4295 XXXI
1211 4257 1238 4310 p.
1253 4241 1305 4295 418
1322 4257 1380 4312 sqq.

418 4331 440 4398 Ω)
458 4329 523 4383 Asc.
541 4345 569 4398 p.
588 4327 622 4384 75
638 4329 673 4384 23
690 4345 764 4400 sqq.;
784 4331 825 4398 79,
843 4330 879 4412 28
896 4345 955 4400 sqq.
