3522 5248
777 402 820 465 59

275 598 348 662 824.
371 593 480 669 τοίίπος
507 601 541 662 τό
571 598 776 680 θεόπροπον
804 593 874 682 ἡμῖν
900 607 953 670 τᾶς
985 598 1170 684 παλαιφάτου
1203 592 1351 683 προνοίας]
1380 600 1414 660 τό

184 703 256 778 ἔπος
279 702 315 768 ἐκ
336 716 389 787 της
413 709 551 790 μαντείας
574 705 666 767 πάλαι
689 705 831 789 χρησθέν.

275 811 349 877 834.
373 807 573 897 δολοποιός]
599 808 618 897 η
643 814 716 896 μετὰ
739 811 826 875 δόλου
849 815 1062 897 τεχνησαμένη.

275 919 349 984 841.
372 919 575 1004 δολόμυθαι
605 915 648 982 ότι
670 929 730 990 τοῖς
756 919 863 992 δολίοις
886 927 939 982 τοῦ
962 914 1080 982 Νέσσου
1103 919 1201 998 λόγοις
1226 915 1415 1002 ἀπατηθεῐσα

184 1027 370 1112 τετόλμηκεν.
417 1024 517 1099 ἄλλως
551 1029 646 1112 φοίνια
678 1025 844 1111 δολόμυθα.
891 1027 928 1089 τὰ
960 1026 1046 1089 δόλια
1077 1029 1237 1112 φάρμακα·
1274 1027 1327 1087 καὶ
1358 1025 1414 1107 γὰρ

184 1131 269 1217 ἕτερά
290 1155 352 1196 τινα
374 1129 521 1196 ἐκέλευσεν
544 1128 619 1217 αὐτῇ
643 1130 783 1218 συμμῖξαι
804 1143 845 1216 τῷ
868 1129 979 1217 αἵματι,
1002 1130 1044 1206 ὡς
1068 1129 1160 1195 ὀπίσω
1182 1128 1267 1195 εἶπεν.

276 1241 350 1305 843.
373 1237 505 1304 ἄοκνον
527 1243 579 1324 την
602 1236 698 1312 ὀξεῖαν
721 1242 774 1303 καὶ
798 1237 972 1324 ἀμέλλητον.

276 1348 350 1414 846.
374 1345 436 1412 τάδ’
468 1345 518 1410 ἀπ’
550 1345 766 1431 ἀλλοθρόους
815 1345 1001 1433 ἀλλοφώνου·
1033 1344 1076 1411 ότι
1106 1357 1159 1431 της
1188 1342 1285 1409 Νίσου
1315 1354 1414 1431 ρωνης

186 1458 299 1534 γέγονεν
322 1451 342 1540 ἡ
365 1457 451 1518 κατὰ·
465 1451 618 1538 Ἡρακλέα
641 1458 788 1539 συμφορά.
835 1450 896 1517 οἷον
919 1465 971 1538 τῆς
994 1451 1075 1517 ἄλλα
1098 1449 1236 1538 είποόσης
1259 1455 1312 1516 καὶ
1330 1447 1364 1515 οά
1378 1454 1414 1514 τὰ

112 1645 113 1648 ¹
187 1559 301 1646 ἀληθη.
327 1559 347 1645 ἢ
370 1558 553 1647 ἀλλοφώνον,
577 1559 618 1632 ὡς
641 1557 829 1646 ἠλλαγμένην
851 1569 902 1624 τοῦ
927 1556 1025 1623 Νέσοο
1049 1563 1148 1646 φωνὴν
1170 1557 1307 1645 ἔχοντος.Ι

276 1667 350 1733 858.
373 1671 562 1753 προμάχου
586 1667 686 1751 δορόςτ
711 1714 718 1730 .
744 1715 751 1729 .
778 1714 785 1728 .
810 1675 861 1730 τοῦ
884 1659 940 1750 πρὸ
963 1669 1078 1731 πάντων
1100 1670 1280 1752 μαχομένου.

278 1775 352 1840 862.
376 1770 590 1861 ἀμφίπολος]
616 1771 636 1860 ἡ
660 1769 902 1866 θπηρετησαμένη
926 1785 966 1858 τῷ
979 1771 1120 1858 Ἡρακλεῖ
1143 1777 1216 1856 πρὸς
1238 1776 1287 1836 τὸν
1309 1776 1413 1857 γάμον.

276 1883 350 1948 896.
376 1878 562 1965 ἀνέορτος
591 1879 642 1944 ἀδε
669 1876 779 1968 νἰμφα]
809 1877 829 1967 η
857 1884 956 1944 νεωστὶ
983 1878 1115 1946 ἐνταῦθα
1137 1876 1296 1966 ὁρμήσασα
1319 1877 1413 1964 Ἰόλη.

188 1987 353 2072 ἀνέορτος
381 1989 413 2052 δὲ
440 1987 502 2052 ἀντὶ
527 1997 579 2053 τοῦ
607 1985 720 2074 αίσχρά
742 1991 795 2052 καὶ
823 1985 965 2074 ἀπρεπης.
1013 1985 1067 2072 (Μ.
1092 1985 1249 2069 Schmidt,
1281 1984 1414 2068 Didymi

187 2093 279 2178 frgm.
309 2115 333 2160 s.
360 2097 422 2161 108
444 2094 598 2160 verweist
620 2093 681 2160 eus
704 2093 757 2160 die
782 2093 891 2177 glosse
915 2092 974 2159 des
997 2092 1195 2178 Hesychius:
1219 2091 1322 2178 ἐόριας
1346 2091 1415 2176 ἀρε-

188 2205 317 2275 σκοόσας
341 2203 449 2275 καλάς.
473 2201 539 2284 vgl.
561 2201 640 2267 Lob.
662 2200 808 2266 Rhemat.
835 2205 895 2266 124
920 2221 950 2266 n.
975 2199 1040 2286 23).

276 2311 351 2376 970.
374 2305 539 2395 ἄναυδος]
564 2310 640 2395 μηδέ
664 2312 763 2395 φωνην
786 2310 931 2393 προέσθαι
953 2308 1118 2393 δυνάμενος.

277 2419 351 2482 977.
374 2421 409 2502 ζη
437 2419 494 2500 γὰρ
522 2421 713 2502 προπετήςε
742 2419 887 2501 προπετὴς
915 2411 956 2488 εἰς
983 2419 1031 2479 τόν
1056 2417 1185 2480 θάνατον
1211 2418 1414 2499 προνενευκὼς,

187 2522 414 2611 ἢπαρειμένος,
441 2521 482 2598 είς
511 2527 564 2610 την
590 2535 645 2610 γῆν
667 2528 777 2590 πεσὼν·
801 2521 821 2608 ἢ
845 2521 892 2587 ἐπὶ
921 2529 1076 2608 πρόσωπον
1098 2527 1296 2609 κοιμώμενος·
1320 2519 1340 2608 ἢ
1363 2525 1416 2586 καί

189 2637 277 2718 μόνον
299 2636 440 2718 κείμενος.
1099 2647 1104 2660 “

281 2741 374 2804 1003.
397 2736 644 2826 χειροτέχνης]
672 2735 772 2823 ἰατρὸς
801 2739 848 2801 διά
871 2749 974 2824 χειρῶν
1001 2743 1054 2824 την
1077 2743 1180 2824 τέχνην
1206 2749 1261 2824 της
1284 2733 1416 2823 ἰατρικῆς

188 2844 409 2931 ἐνδεικνίιμενος.

281 2953 375 3019 1033.
400 2949 654 3039 ἀνεπίφθονον]
680 2951 865 3038 ἀνεμέσητον.

282 3059 375 3125 1095.
399 3056 657 3146 ἀπροσήγορον]
683 3058 849 3145 ἀδιήγητον.

281 3167 374 3233 1098.
397 3163 587 3252 ὑπείροχον
611 3169 688 3249 βίανι
713 3162 893 3252 ὑπερέχοντα
915 3168 994 3230 κατὰ
1016 3169 1070 3251 την
1093 3165 1219 3251 δόναμιν.

280 3275 374 3340 1170.
397 3285 450 3359 τῆς
477 3275 730 3354 πολυγλώσσου
760 3275 859 3358 δροόςτ
892 3272 957 3359 ἤτοι
985 3275 1083 3337 πολλὰ
1111 3277 1340 3359 μαντευομένης,
1363 3277 1417 3337 καί

190 3381 238 3444 διὰ
258 3389 345 3445 τουτο
369 3382 468 3445 πολλὰ
483 3383 699 3467 φθεγγομένης.
723 3380 743 3467 ἢ
758 3393 811 3468 της
826 3382 975 3468 διαφόροις
997 3381 1157 3452 διαλέκτοις
1171 3381 1418 3467 χρησμῳδοίισης,

190 3492 261 3573 πρὸς
284 3491 337 3574 την
359 3485 484 3552 ἑκάστου
506 3499 564 3553 τῶν
586 3493 804 3574 μαντευομένων
826 3489 970 3568 γλῶσσαν.

279 3595 368 3661 Dass
393 3593 446 3659 die
469 3594 557 3660 elten
581 3594 726 3661 scholien
750 3615 788 3660 nu
813 3594 876 3660 den
890 3595 1058 3678 tragikem
1080 3594 1113 3658 in
1137 3593 1195 3659 der
1217 3594 1418 3679 heuptsache

191 3701 251 3766 aus
271 3701 324 3766 die
348 3708 564 3767 commentare
588 3701 646 3768 des
670 3701 830 3787 Didymus
859 3701 1098 3785 uuruckgehen‚
1125 3701 1169 3767 ist
1191 3701 1350 3784 bekannt3
1374 3701 1419 3767 im

191 3807 359 3874 einzelnen
382 3808 464 3875 lesst
488 3809 556 3876 sich
580 3808 740 3875 nethrlich
764 3808 853 3875 nicht
876 3808 927 3874 rur
940 3797 1210 3894 jede'erklhrung
1224 3808 1417 3894 heheupten,

190 3914 268 3982 dass
292 3917 341 3982 sie
363 3916 575 4001 Didymeisch
600 3917 661 4001 sei,
695 3917 789 3982 einen
818 3916 959 3983 sesteren
986 3916 1098 3982 anhalt
1130 3916 1225 3982 detur
1258 3916 1328 3999 gibt
1359 3936 1419 3980 nur

191 4022 244 4088 die
267 4022 451 4088 widerkehr
481 4023 652 4090 derselben
681 4024 857 4107 erklcrung
884 4023 937 4090 bei
966 4023 1162 4108 Hesychius,
1189 4021 1297 4088 indem
1326 4021 1418 4089 diese

190 4129 277 4195 dunn
305 4129 366 4195 aui
389 4130 442 4196 die
469 4131 546 4206 λέξις
568 4136 692 4218 τραγικὴ
722 4131 780 4198 des
809 4130 970 4216 Didymus
998 4130 1206 4213 zurhckgeht.
1251 4129 1327 4193 Man
1349 4149 1419 4194 ver·
1466 4182 1469 4189 .

190 4235 316 4321 gleiche
340 4238 479 4305 damber
501 4239 544 4306 M.
562 4238 715 4323 Schmidt,
739 4239 871 4324 Didymi
895 4237 996 4304 chalc.
1020 4237 1133 4320 fragm.
1153 4258 1177 4304 s.
1192 4239 1235 4304 82
1249 4235 1281 4301 ff.
1305 4236 1417 4304 261ff.

189 4345 259 4412 Nur
281 4344 376 4410 einen
400 4345 457 4411 teil
481 4345 589 4412 dieser
613 4345 962 4428 tibereinstimmungen
985 4344 1042 4409 hut
1057 4343 1202 4409 Schmidt
1221 4363 1419 4410 zusammen-

190 4453 321 4535 gestellt
354 4473 379 4518 s.
403 4456 445 4518 94
469 4452 514 4538 c,
538 4452 646 4518 daven
678 4453 834 4518 beziehen
867 4453 936 4519 sich
969 4451 1030 4517 eus
1058 4451 1238 4537 composita
1271 4451 1328 4516 der
1358 4471 1419 4518 uns

189 4557 261 4624 hier
282 4557 572 4642 beschehigenden
586 4567 637 4625 urt
660 4580 775 4626 ausser
800 4559 862 4626 den
879 4559 978 4627 sehon
1002 4567 1095 4625 unter
1111 4558 1173 4625 den
1189 4558 1289 4624 schol.
1304 4559 1419 4624 Trach.

190 4663 418 4749 ausgefuhrten
440 4666 523 4731 noch
547 4666 713 4750 folgende:
