3634 5240
827 239 1038 330 „338-

318 481 373 544 pro
396 454 509 544 ὥσπερ
532 457 626 545 νέφος
649 462 845 536 scriberetur,
870 462 923 525 sed
946 461 996 523 his
1018 458 1236 523 tantummodo
1258 477 1336 522 usus
1358 459 1407 522 est
1421 457 1540 522 verbis:

320 559 546 649 ἐξαιρεθείσης
568 562 605 627 δὲ
627 568 686 648 τῆς
712 567 790 645 μιᾶς
819 563 980 646 συλλαβῆς
1006 563 1086 644 (scil.
1114 567 1190 643 περ)
1217 558 1280 638 ,ὡς
1305 558 1420 645 νέφος“
1443 552 1541 637 εὐθὺς

319 659 611 750 άκριοτηριάζει
635 661 654 751 ἡ
678 663 854 751 συγκοπὴ
877 658 921 731 τὸ
943 662 1120 750 μέγεθος.

406 768 539 832 Gravius
561 770 621 833 hoc
646 773 703 844 est,
733 771 814 850 qnod
844 770 1072 849 incertissimas
1106 787 1202 849 quam
1230 767 1447 850 proposuimus
1470 784 1542 829 con-

321 873 458 936 iecturae
485 872 564 936 obici
592 873 705 953 possit:
737 873 822 935 Dixit
849 873 935 936 enim
963 870 1276 950 Pseudo-Longinus:
1308 865 1344 933 dm
1371 870 1429 953 τῆς
1457 861 1543 944 ἰδίας

320 964 399 1037 αἰτὸ
437 969 542 1054 χώρας
582 975 626 1050 (id
664 979 713 1038 est
747 994 782 1037 ex
817 977 885 1056 ipsa
918 975 1073 1039 enuntiati
1110 974 1251 1036 clausula
1293 973 1390 1036 verba
1427 965 1541 1054 ὥσπερ

320 1073 428 1160 νέφος)
454 1073 627 1156 μετάθες
656 1071 752 1141 ὅποι
787 1068 831 1162 δὴ
865 1073 1020 1154 ἐθέλεις
1052 1126 1061 1140 .
1095 1126 1103 1139 .
1138 1125 1145 1140 .
1180 1073 1235 1139 καὶ
1272 1069 1351 1162 εἴσῃ,
1388 1069 1496 1138 πόσον
1524 1069 1544 1158 ἡ

320 1173 458 1262 ἁρμονία
490 1181 537 1264 τῷ
572 1173 649 1258 ὕψει
683 1183 817 1266 συνηχεῖ.
874 1180 944 1245 lam
975 1200 1048 1245 vero
1077 1179 1155 1244 illud
1192 1178 1320 1260 quidem
1353 1176 1543 1241 traiectionis

321 1282 515 1364 exemplum,
549 1283 630 1362 quod
665 1284 799 1346 testibus
829 1284 986 1348 codicibus
1020 1281 1320 1362 Pseudo-Longinus
1357 1280 1422 1362 ipse
1456 1278 1543 1343 addit

321 1387 418 1448 τοῦτο
455 1376 492 1448 τὸ
535 1376 694 1468 ψήφισμα
735 1380 847 1470 ὥσπερ
885 1384 980 1472 νέφος
1021 1380 1158 1470 ἐποίησε
1194 1377 1252 1449 τὸν
1288 1378 1363 1448 τότε
1402 1377 1544 1446 κίνδυνον

324 1486 503 1572 παρελθεῖν
527 1489 637 1550 sive-
866 1538 948 1570 ,
963 1536 1040 1567 ,
1187 1535 1289 1564 „NJ
1315 1534 1385 1560 --,
1415 1531 1543 1558 -„-.‚

324 1591 429 1673 aliquo
451 1591 544 1655 modo
567 1591 606 1653 ad
629 1537 856 1668 δακτυλικοὶς
859 1590 1005 1678 ῥυθμούς
1031 1611 1063 1655 re
1065 1592 1139 1656 ferri
1160 1590 1267 1674 possit
1291 1590 1317 1653 si
1338 1591 1462 1672 praeter
1484 1605 1545 1662 eos,

326 1713 404 1774 quos
427 1693 580 1758 Aristides
604 1693 666 1768 huc
689 1694 821 1770 rettulit,
798 1695 1044 1777 tpedes(‚
1225 1747 1244 1758 .
1348 1693 1426 1770 --‚)
1450 1689 1545 1753 etiarn

327 1797 455 1860 schema
481 1851 499 1858 -
513 1845 527 1864 ι
542 1849 589 1858 --
616 1814 635 1859 a
657 1796 936 1880 Pseudo-Longino
959 1799 997 1862 ad
1021 1741 1229 1873 άακτυλιάοὺς
1246 1791 1393 1880 ῥυθμούς
1406 1793 1542 1857 relatum

326 1917 393 1962 esse
417 1917 532 1962 sumas.
578 1901 682 1981 Atque
704 1901 799 1966 etiam
822 1902 848 1965 si
870 1920 946 1966 casu
969 1903 1001 1964 hr
1024 1901 1183 1964 codicibus
1202 1903 1272 1983 post
1287 1890 1343 1962 τὸν
1362 1893 1436 1962 τότε
1450 1896 1547 1958 inter·

325 2001 437 2065 cidisse
455 2002 514 2065 tria
525 2002 620 2065 verba
635 2003 674 2086 τῇ
690 1999 786 2068 πόλει
802 2001 1000 2089 περιστάντα
1014 2003 1181 2087 putaveris,
1194 2002 1288 2067 verba
1302 2004 1397 2065 τοῦτο
1420 1989 1458 2064 τὸ
1475 1993 1548 2082 dail·

324 2098 557 2189 φισμαὼσπερ
568 2102 619 2190 l
585 2103 700 2192 vespogl
716 2100 913 2193 ἐποίησε.
879 2129 934 2170 τον
948 2128 1022 2170 τοτε
1030 2109 1070 2192 τῇ
1082 2105 1086 2190 l
1100 2100 1196 2169 πόλει
1212 2099 1421 2188 περιΙστάντα
1432 2098 1546 2187 κάνδυλ-

324 2229 379 2271 νον
407 2205 590 2292 παρελθεῖν
617 2209 730 2274 sive..
861 2258 990 2286 ,--,
1018 2257 1083 2282 ιο,
1111 2257 1235 2284 cuo,
1260 2255 1391 2284 -.,ι-,
1420 2253 1530 2274 ο-ο-
1534 2254 1543 2285 ,

327 2365 348 2371 -
362 2361 377 2378 ι
391 2359 457 2388 --,
482 2366 503 2373 -
621 2312 661 2376 ad
684 2304 894 2390 δακτυλικους
916 2308 1063 2398 ῥυθμούς
1084 2311 1136 2376 ref
1134 2311 1194 2374 erri
1215 2311 1344 2393 possint,
1376 2308 1403 2372 si
1423 2309 1545 2390 praeter

326 2432 390 2489 eos,
415 2433 492 2494 quos
514 2414 667 2480 Aristides
693 2416 755 2479 huo
782 2415 914 2492 rettulit,
893 2414 1142 2580 tpedes(
1357 2459 1528 2488 mc-
1537 2461 1544 2487 ‚

391 2519 453 2597 )
487 2517 583 2580 etiarn
617 2518 746 2581 schema
778 2519 930 2587 illud-„
974 2519 1073 2594 ‚de
1107 2537 1168 2600 quo
1202 2515 1293 2580 modo
1320 2467 1471 2590 diximus,
1506 2515 1544 2578 ad

328 2614 540 2696 δακτυλικούς
562 2616 709 2701 ῥυθμούς
732 2621 868 2685 relatum
891 2641 959 2688 esse
982 2639 1098 2685 sumas.

412 2720 525 2803 ltaque
552 2742 592 2785 ne
625 2723 684 2786 hac
716 2724 844 2804 quidem
871 2723 1099 2806 interpretandi
1112 2769 1114 2772 ψ
1129 2722 1179 2786 ria
1206 2740 1315 2786 omnes
1344 2720 1546 2785 difficultates

328 2824 482 2887 removeri
504 2844 595 2907 posse
618 2827 764 2890 concedo.

416 2993 590 3077 Elegos1)
619 3017 682 3061 non
705 2999 814 3063 eadem
839 3019 902 3081 qua
924 2999 1120 3062 hexametros
1143 3015 1252 3059 versus
1276 2995 1425 3059 excellere
1449 2993 1548 3075 digni-

329 3095 394 3158 tate
419 3097 467 3159 vel
490 3117 527 3161 ex
549 3099 604 3176 eis,
628 3119 705 3182 quos
729 3120 824 3185 supra
845 3122 875 3184 p.
899 3103 939 3163 80
964 3120 1010 3183 sq.
1034 3101 1137 3177 attuli,
1159 3099 1236 3163 locis
1259 3101 1428 3182 apparet2).
1465 3097 1548 3161 Nam

356 3217 415 3224 .-.—

398 3267 418 3330 ι)
438 3267 551 3334 Scripsit
570 3268 602 3323 de
621 3269 758 3334 elegorum
777 3270 864 3324 indole
884 3271 1027 3337 Wcstphal
1049 3271 1127 3324 Metr.
1149 3270 1187 3322 pp
1206 3269 1256 3324 &52
1275 3285 1315 3337 sq.

397 3351 417 3416 ⁸)
436 3351 531 3420 ltaque
548 3370 610 3407 cum
630 3355 786 3410 hexameter
805 3356 911 3410 divinae
931 3356 1031 3410 Christi
1050 3361 1176 3421 naturae,
1201 3359 1371 3422 pentameter
1389 3357 1484 3420 utpote
1502 3352 1548 3406 illo

335 3436 446 3490 interior
466 3439 599 3494 humanae
617 3443 759 3494 convenire
778 3442 923 3508 rideretur,
945 3443 1060 3496 loannes
1080 3444 1226 3495 Geometras
1250 3447 1380 3506 quattuor
1399 3438 1548 3508 hymnista

330 3521 445 3575 Mariam
473 3525 608 3592 Virginem
635 3533 721 3580 metro
747 3527 866 3592 elegiaco
889 3527 1047 3593 conscriptis
1070 3533 1099 3579 et
1118 3530 1168 3578 152
1192 3525 1308 3579 disticha
1331 3525 1476 3592 complexis
1500 3524 1548 3578 hos

331 3623 420 3659 versus
439 3609 577 3664 subiunxit
596 3612 646 3678 (ed.
667 3611 811 3665 Federicus
830 3612 958 3666 blorellus
981 3612 1107 3665 Lutetiae
1129 3613 1191 3664 1591
1212 3626 1273 3678 pag.
1293 3612 1323 3663 15
1335 3633 1368 3657 =
1381 3610 1423 3663 ed.
1440 3609 1549 3662 Lectius

331 3692 459 3748 Coloniae
479 3697 652 3765 Allobrogum
676 3697 740 3749 1614
757 3713 821 3764 pag.
841 3699 891 3750 750
909 3701 972 3765 sep),
998 3713 1063 3764 quos
1088 3697 1202 3763 benigne
1221 3695 1287 3748 mibi
1305 3695 1435 3751 indicavit
1453 3695 1549 3750 Stude-

331 3778 425 3831 nund:
852 3780 1030 3870 Τρίμετροι.

664 3883 706 3937 Αἱ
721 3891 793 3956 τρεῖς
810 3885 988 3940 ἑκατοντάδες
1006 3903 1037 3937 σε
1055 3885 1114 3938 τῶν
1129 3887 1215 3954 τριῶν
1232 3887 1280 3936 ἕνα

663 3973 802 4024 τεκοῦσαν
819 3971 956 4042 ὑμνὲουσι,
973 3974 1067 4040 μῆτερ,
1086 3970 1243 4043 παρθένον.

666 4057 737 4109 θεὸν
754 4057 863 4111 τέλειον
880 4063 925 4110 καὶ
943 4058 1048 4132 βροτὸν
1064 4065 1164 4114 clavate
1181 4055 1262 4126 κόρη·

665 4139 744 4198 δεκάς
761 4141 857 4206 τελεία,
876 4148 921 4195 καὶ
937 4149 1050 4216 μεγίστη
1068 4162 1114 4197 σοι
1130 4143 1210 4214 χάρις

665 4227 770 4296 μέτρου
786 4229 912 4298 μιγέντος
930 4235 1085 4300 κρείττονος
1102 4231 1143 4296 τῷ
1160 4235 1280 4298 χείρονι·

666 4311 741 4364 naim
759 4311 788 4365 δὲ
807 4319 931 4384 κρεῖττον
947 4318 999 4368 τοῦ
1016 4314 1100 4368 τόνου
1116 4315 1168 4381 τὴν
1186 4311 1279 4378 ἑξάδα,

666 4405 763 4469 χεῖρον
781 4397 810 4451 δὲ
827 4401 878 4452 τὸν
893 4407 1023 4475 μείουραν
1041 4405 1072 4452 ἐν
1088 4401 1193 4470 χώραις
1212 4398 1281 4456 δυσί.

667 4487 737 4538 (νυοῦ
754 4486 786 4538 τὰ
806 4491 939 4558 κρεῖττον,
959 4489 1009 4539 τοῦ
1027 4489 1133 4557 βροτοῦ
1150 4488 1183 4540 τὸ
1203 4484 1338 4560 δεύτερον.
