3634 5240
793 376 834 439 23

703 463 913 474 -—-.--—

203 597 282 676 rint,
304 600 446 663 veterum
469 598 658 664 testimoniis
681 600 902 668 demonstrare.
938 603 985 668 hc
1007 603 1098 666 tanta
1119 603 1187 666 crat
1208 603 1241 666 in
1263 621 1300 668 eu
1314 623 1425 670 nume·

202 720 309 766 rorum
341 703 403 779 ris,
437 704 504 766 tom
537 704 714 768 necessaris
746 707 900 788 poematis
926 707 1029 771 metra
1059 706 1246 772 ridebantur
1273 725 1355 784 esso,
1388 709 1426 773 ut

204 805 369 888 scriptores
398 805 575 889 promiscue
602 809 767 872 uterentur
788 809 947 874 vocabulis
970 803 1004 872 έν
1025 804 1167 893 μέτροις,
1195 804 1313 896 μέτρα,
1336 805 1425 894 λόγοι

203 899 370 991 έμμετροι,
399 904 529 995 ποίημα
555 910 661 991 sisque
688 914 879 994 opponerent
901 911 994 976 hoco:
1022 902 1096 975 άνεν
1116 907 1254 997 μέτρων,
1282 913 1423 978 καταλο-

201 1004 303 1096 γάδην
323 1008 568 1098 συγγράμματα,
592 1007 680 1097 λόγοι
696 1009 828 1096 (ustos),
849 1010 955 1101 χάδην.
993 1013 1175 1080 Cuiusmodi
1196 1015 1257 1079 loci
1279 1017 1354 1080 sunt
1375 1017 1423 1080 hi:

200 1111 283 1178 Plat.
312 1114 447 1179 Phaedr.
475 1114 536 1177 277
559 1116 600 1178 E:
629 1107 742 1180 οὐδένα
769 1111 911 1182 πώποτε
938 1112 1032 1202 λόγον
1060 1114 1094 1182 έν
1118 1113 1226 1202 μέτρῳ
1253 1108 1320 1182 οὐδ’
1349 1107 1424 1183 duco

199 1214 320 1302 μέτρου
340 1214 479 1304 μεγάλης
501 1207 589 1298 άξιον
612 1217 759 1303 σπουδῆς
780 1221 959 1306 γραφῆναι;
987 1221 1074 1303 Reip.
1095 1219 1145 1284 ΙΠ
1161 1221 1223 1284 393
1237 1219 1282 1284 D:
1306 1216 1424 1307 φράσω

200 1317 238 1383 δέ
261 1310 333 1384 άνευ
355 1319 490 1406 μέτρου·
519 1313 556 1387 oc'·
576 1317 638 1408 γάρ
659 1315 728 1404 εἰμι
749 1318 937 1408 ποιητικός;
967 1323 1043 1405 Lsg.
1066 1322 1129 1386 VH
1151 1323 1211 1386 811
1236 1322 1282 1386 D:
1306 1319 1420 1408 λόγων,

200 1409 255 1500 οἳς
277 1419 310 1485 έν
331 1419 512 1508 ποιήμασιν
533 1418 554 1512 ἢ
575 1421 672 1512 χάδην
694 1417 796 1501 οἵτως
818 1418 1002 1512 εἰρημένους
1015 1421 1195 1511 μεμάθηκα
1210 1422 1265 1489 καὶ
1281 1417 1420 1510 άκήκοα;

199 1526 314 1590 11886
338 1525 377 1592 0:
399 1523 559 1612 λόγοι...
583 1521 615 1592 οὶ
636 1524 696 1610 μέν
718 1520 752 1591 έν
773 1547 843 1593 τισι
864 1525 1005 1614 μέτροις,
1030 1522 1062 1593 οὶ
1084 1519 1282 1592 osualdus
1296 1525 1423 1616 μέτρων

199 1625 347 1712 λέγοντες
368 1627 444 1714 περὶ
468 1634 574 1705 danim
601 1630 697 1695 isocr.
721 1649 762 1695 or.
785 1631 815 1707 2,
840 1632 874 1694 7:
897 1633 961 1695 τῶν
981 1625 1065 1714 μετὰ
1085 1626 1204 1718 μέτρου
1226 1628 1423 1718 ποιημάτων

197 1729 255 1796 καὶ
276 1735 341 1796 τῶν
363 1729 587 1818 καταλογάδην
609 1729 882 1818 σνγγραμμάτωνς
906 1753 949 1799 or.
968 1735 1016 1812 15,
1027 1735 1085 1798 45:
1101 1729 1222 1821 τρόποι
1238 1737 1305 1800 τῶν
1319 1731 1422 1820 λόγων

198 1828 284 1899 εἰσὶν
302 1827 358 1900 οὐκ
381 1831 534 1916 ἐλάττους
550 1828 569 1923 ἢ
584 1839 647 1900 τῶν
661 1832 744 1918 μετὰ
757 1834 879 1923 μέτρου
901 1831 1112 1924 ποιημάτιον;
1134 1837 1264 1902 iustos.
1287 1838 1380 1902 Rhet.
1402 1837 1419 1902 I

199 1940 219 2000 5
244 1938 339 2002 1361·
356 1941 410 2003 34:
442 1944 567 2025 μνῆμαι
589 1935 622 2004 έν
644 1936 775 2026 μέτροις
798 1937 853 2004 καὶ
875 1933 949 2004 δίνου
971 1936 1115 2025 μέτρων;
1148 1939 1420 2004 111214041212:

198 2037 259 2105 ἐπὶ
280 2038 340 2123 μέν
362 2027 415 2106 οἷν
435 2045 501 2106 τῶν
522 2039 651 2130 μέτρων
666 2091 674 2106 .
692 2091 700 2108 .
716 2037 774 2106 .έν
796 2039 833 2107 δέ
855 2043 926 2120 τοῖς
948 2041 1063 2128 ψιλοῖς
1084 2038 1200 2128 λόγοις.
1239 2043 1421 2127 synonyma

199 2164 268 2210 esse
301 2146 397 2210 verba
428 2141 545 2229 μέτρον
578 2149 611 2211 ot
643 2140 773 2232 ποίημα
807 2147 921 2210 diserte
956 2146 1069 2211 docent
1100 2146 1262 2228 Longinus
1296 2145 1418 2229 Prolcg.

196 2268 228 2331 p.
245 2247 597 2326 87,14w=3,2H:
631 2238 709 2314 αὐτὸ
731 2239 769 2313 τὸ
789 2245 1016 2334 μετρούμενον,
1049 2245 1198 2314 τουτέστι
1219 2238 1257 2312 τὸ
1280 2242 1420 2334 ποίημα,
1479 2277 1481 2285 ·

195 2346 315 2433 μέτρον
330 2345 618 2438 προσαγορεύεται,
635 2353 668 2415 et
683 2351 915 2417 Choeroboscus
930 2353 1025 2434 Exeg.
1042 2351 1074 2416 in
1084 2351 1254 2434 Hephaest.
1271 2372 1301 2434 p.
1315 2352 1365 2430 34,
1379 2353 1419 2415 18

196 2453 243 2516 H:
270 2449 399 2538 λέγεται
427 2447 528 2518 πάλιν
549 2451 665 2541 μέτρον
686 2452 870 2575 καθολικῶς
893 2456 988 2519 πᾶσα
1011 2447 1167 2540 ἔμμετρος
1188 2449 1311 2540 φράσις
1337 2443 1420 2539 πρὸς

198 2548 443 2643 άντιδιαστολην
463 2559 521 2642 της
543 2555 647 2642 πεζῆς
669 2555 796 2637 λέξεως,
820 2551 918 2622 οἷονεί
940 2547 977 2621 τδ
1000 2552 1140 2642 ποίημα.
1175 2556 1288 2640 Itaque
1304 2556 1420 2641 Diony-

197 2660 262 2724 sius
287 2660 389 2724 Helio.
418 2679 516 2744 comp.
543 2662 627 2725 verb.
651 2663 722 2744 3p.
747 2662 788 2724 24
812 2661 883 2726 Sch.
914 2659 1079 2743 distinguit
1105 2655 1220 2744 μέτρον
1247 2663 1280 2724 ct
1307 2655 1417 2780 λη’γοςε

186 2752 287 2826 ’Ἐστι
309 2757 413 2827 τοίνυν
436 2767 533 2828 πᾶσα
554 2761 654 2843 λέξις,
684 2784 922 2850 ησημαινομεν
947 2757 1007 2842 τὰς
1029 2759 1171 2848 νοήσεις,
1194 2755 1297 2846 ἠμέν
1318 2755 1419 2845 έμμε-

195 2887 285 2950 τρος,
313 2891 332 2950 η
322 2855 436 2930 δέ”
415 2886 565 2985 ομετρος·
590 2851 634 2932 ὧν
657 2861 793 2954 ἑκατέρα
808 2862 965 2951 καλῆς
922 2889 983 2948 μεν
998 2859 1154 2953 ἁρμονίας
1168 2867 1306 2946 τυχοῦσα
1321 2856 1419 2933 καλὸν

196 2960 303 3033 οἵα
274 2992 294 3032 τ
328 2965 399 3034 ἐστὶ
422 2969 532 3034 ποιεῖν
553 2992 592 3034 το
578 2959 729 3056 μέτρον
751 2960 885 3034 καὶτὸν
907 2965 1041 3055 λόγονδ)

283 3071 364 3149 Quin
395 3073 490 3137 etiam
516 3091 629 3156 poema
658 3073 739 3139 effici
765 3075 862 3156 negat
888 3072 994 3150 Plato,
1021 3072 1082 3136 nisi
1104 3075 1204 3138 mstro
1233 3073 1328 3137 verba
1354 3072 1419 3137 sint

195 3177 307 3241 ornata
340 3175 446 3260 (Gorg.
479 3176 541 3239 502
575 3175 628 3259 0);
662 3169 696 3240 εἴ
722 3199 774 3254 τις
806 3170 990 3260 περιέλοιτο
1020 3177 1079 3260 τῆς
1112 3169 1275 3258 ποιήσεως
1308 3172 1418 3261 πάσης

194 3275 296 3344 τότε
328 3275 426 3360 μέλος
458 3276 514 3343 καὶ
547 3274 605 3345 τὸν
637 3269 764 3362 ῥυθμὸν
796 3275 852 3342 καὶ
883 3267 922 3342 τὸ
951 3273 1082 3364 μέτρον,
1111 3267 1191 3342 dito
1222 3301 1256 3342 τι
1281 3269 1302 3361 ἢ
1327 3276 1417 3364 λόγοι

195 3379 357 3466 γίγνονται
399 3372 437 3446 τὸ
478 3377 686 3464 λειπόμενονς
719 3371 873 3467 Ἀνάγκης
911 3381 996 3463 (hog.
1026 3379 1088 3444 VH
1118 3381 1180 3444 810
1210 3380 1266 3463 Β);
1302 3378 1416 3466 μαθή-

194 3507 285 3566 ματα
306 3477 408 3568 illusa
431 3488 577 3570 ποιητῶν
599 3479 729 3568 κείμενα
752 3481 786 3550 έν
807 3479 991 3571 γράμμασι,
1013 3485 1081 3560 τοῖς
1100 3479 1161 3565 μέν
1181 3478 1265 3565 μετὰ
1278 3481 1415 3571 μέτρων,

194 3589 266 3666 τοῖς
299 3578 329 3652 δ’
357 3579 430 3653 duco
457 3591 592 3674 ῥυθμῶν
619 3583 811 3675 τμημάτων,
843 3574 865 3651 ἃ
898 3577 938 3672 δὴ
972 3581 1296 3672 συγγράμματαδ)
1332 3577 1415 3651 κατὰ

268 3779 290 3842 ¹)
308 3774 412 3830 Eodem
429 3778 552 3843 spectet,
577 3774 646 3842 quod
665 3775 692 3829 in
710 3775 820 3831 scholiis
838 3773 990 3828 Homericis
1008 3771 1167 3827 Herodiano
1185 3771 1350 3840 tribuendis,
1369 3774 1415 3828 ubi

195 3863 322 3918 licentiae
345 3861 432 3930 poetis
454 3859 483 3914 iu
506 3861 675 3928 correptione
700 3867 749 3915 sut
771 3859 949 3930 productione
972 3857 1136 3928 syllabarum
1159 3857 1327 3928 quarundam
1354 3875 1415 3926 per·

195 3949 296 4002 missae
313 3961 396 4001 τουτο
414 3945 598 4015 significatur,
623 3945 701 4001 modo
725 3951 890 4015 usurpantur
908 3945 992 3999 rerba
1009 3943 1228 4015 ποιητικώτερον
1244 3944 1288 3998 rel
1305 3961 1414 4010 ποιητι-

195 4035 259 4100 κῶς,
276 4032 355 4088 modo
374 4029 419 4084 dul
436 4032 469 4086 νδ
487 4037 596 4102 μέτρον.
633 4031 709 4088 Ocni.
727 4031 914 4088 Rauschsrum
932 4029 974 4084 ‘do
992 4028 1100 4084 scholiis
1114 4029 1191 4082 Hom.
1205 4028 1241 4084 ad
1254 4045 1311 4084 rem
1323 4030 1415 4085 metri-

194 4135 256 4176 cam
274 4118 481 4188 pertinentibus
499 4135 526 4189 p.
539 4120 575 4174 36
586 4134 625 4186 sq.
657 4119 758 4174 Contra
775 4117 803 4171 in
821 4116 910 4172 verbis
922 4113 1086 4170 collocandis
1100 4113 1183 4168 allam
1200 4128 1260 4170 esss
1279 4115 1414 4182 posticam

193 4205 336 4272 rationem,
359 4205 440 4260 aliam
462 4204 603 4260 metricam
621 4205 700 4260 docst
717 4218 741 4258 s.
759 4219 785 4271 ς.
808 4201 961 4258 Scholiasta
983 4200 1017 4255 ad
1041 4201 1145 4255 A482:
1168 4190 1283 4270 (ἦλθον
1303 4199 1318 4252 δ
1340 4197 1363 4252 δ’
1384 4205 1415 4252 ἐν

195 4297 304 4365 κονίῃσι
320 4294 410 4360 χαμαὶ
427 4290 528 4361 πέσον)
547 4289 663 4362 αἴγειρος
682 4286 730 4345 cir:
748 4286 877 4354 ποιητικὴ
893 4286 910 4354 ἡ
929 4283 1098 4359 ἀναστροφή,
1118 4283 1150 4338 οὗ
1165 4284 1282 4358 μοτρική
1302 4286 1413 4342 εοδδ.Β

194 4383 224 4434 et
241 4377 265 4432 L
282 4377 436 4444 (Rauscher
453 4394 479 4446 p.
499 4378 551 4444 60).

264 4465 285 4529 ¹)
314 4463 392 4519 hlanc
418 4463 600 4518 definitionem
633 4460 720 4516 tradit
754 4459 907 4515 Scholiasta
931 4458 958 4514 in
987 4458 1098 4529 Dionys.
1123 4457 1270 4514 Thracio
1295 4458 1413 4515 Bshhsri

195 4549 327 4604 Anecdot.
346 4549 400 4606 vol.
417 4547 447 4602 II
465 4567 490 4616 p.
510 4550 569 4611 733,
582 4549 627 4601 24:
646 4550 760 4610 ποιηταὶ
778 4542 903 4616 λέγονται
921 4543 950 4597 σι’
965 4545 1001 4596 τοὶ
1020 4547 1137 4615 έζιιμετρα
1154 4541 1318 4612 γράψαντες,
1337 4563 1412 4616 συγ·

194 4639 336 4707 γραφεῖς
359 4631 388 4686 δέ
411 4633 440 4687 οἱ
461 4633 496 4686 τά
524 4631 562 4704 sp'
589 4633 696 4685 ἑαυτῶν
715 4630 849 4702 γενόμενα
873 4629 1109 4702 συγγραψάμενοι,
1133 4632 1359 4701 καταχρηστικῶς
1382 4629 1412 4685 δέ
