3568 5238
959 421 997 481 l4

868 509 1076 517 ——-

357 662 437 727 resp.
461 645 490 719 3,
514 645 543 706 4.
568 645 598 720 5)
622 643 766 708 Clodium
796 642 983 707 familiarem
1006 642 1159 709 Catilinae
1187 660 1256 708 6666
1285 645 1317 706 61
1344 643 1442 706 sicam
1466 641 1503 706 ab
1527 641 1581 704 illo

358 747 513 829 accepisse
541 745 691 810 scriberet
717 745 784 828 (pro
809 745 874 809 Mil.
905 747 953 822 14,
981 746 1046 824 37),
1075 745 1113 808 ob
1137 762 1207 807 earn
1230 745 1330 808 solam
1361 763 1490 809 causam
1517 743 1583 807 fac-

357 852 426 912 tum
455 868 522 914 esse
548 849 753 912 Drumannus
776 849 945 931 perspexit,
977 848 1057 930 quod
1086 847 1254 911 Catilinam
1276 849 1389 912 incesti
1411 866 1500 911 reum
1522 847 1582 910 im-

358 952 503 1034 punitum
527 951 697 1016 dimisisset
730 953 823 1032 atque
856 951 964 1014 eodem
993 950 1084 1014 modo
1108 969 1167 1030 quo
1190 950 1243 1014 ille
1265 949 1400 1015 Romam
1422 951 1584 1014 turbasset

358 1058 390 1119 et
413 1056 601 1138 vexasset1).
646 1054 800 1135 Equidem
823 1056 860 1116 ut
883 1053 1061 1117 Drumanni
1084 1053 1259 1135 opinionem
1282 1053 1455 1117 stabilirem
1479 1071 1582 1134 neque

357 1176 493 1238 usquam
526 1159 650 1221 omnino
679 1157 822 1222 Clodium
858 1175 876 1219 a
904 1155 1051 1220 Cicerone
1081 1154 1224 1219 socium
1253 1155 1406 1221 Catilinae
1435 1155 1582 1238 apertis

357 1260 491 1324 uerbis
526 1279 593 1325 6666
626 1259 819 1344 appellatum
848 1277 944 1341 quam
971 1258 1147 1323 certissima
1174 1259 1292 1322 ratione
1321 1257 1582 1331 demonstrarem,

358 1364 414 1428 hos
445 1362 644 1444 gravissimos
674 1363 784 1444 collegi
807 1363 906 1440 locos,
934 1380 1011 1444 quos
1035 1361 1168 1426 conferri
1188 1361 1297 1426 iubeo:
1325 1361 1357 1424 in
1381 1360 1444 1424 Pis.
1469 1362 1498 1437 5,
1525 1362 1581 1429 11;

360 1465 388 1542 7,
418 1467 467 1528 15.
498 1465 552 1539 16;
586 1467 635 1542 10,
665 1468 721 1540 23;
755 1465 792 1530 16
820 1465 902 1528 dom.
930 1467 981 1541 2,
1011 1465 1064 1537 72;
1096 1483 1151 1547 pro
1179 1463 1258 1528 Sest.
1289 1465 1336 1541 12,
1364 1466 1420 1537 28;
1452 1465 1503 1540 44,
1534 1465 1583 1526 95.

359 1567 499 1646 Quorum
538 1569 677 1632 locorum
712 1587 750 1632 ne
782 1569 815 1631 in
851 1589 912 1632 uno
945 1567 1087 1649 quidem,
1125 1586 1317 1649 quamquam
1352 1567 1502 1630 acerrime
1537 1571 1584 1627 in-

363 1669 593 1752 festissimoque
608 1668 734 1734 Clodius
751 1672 789 1735 ab
806 1674 926 1735 oratore
944 1671 1143 1746 dilaceratur,
1159 1673 1264 1753 aperte
1280 1670 1409 1733 socius
1426 1669 1581 1734 Catilinae

362 1773 554 1850 nominatur,
583 1775 691 1838 contra
720 1774 804 1838 ultor
829 1774 926 1850 illius,
957 1773 1043 1850 felix,
1071 1773 1203 1854 denique
1231 1773 1321 1853 quasi
1344 1773 1423 1836 alter
1446 1771 1583 1836 Catilina

359 1881 495 1954 vocatur,
518 1876 549 1939 id
573 1876 656 1957 quod
678 1879 761 1941 certe
784 1895 910 1959 prorsus
933 1877 1016 1940 aliud
1041 1879 1089 1940 661
1105 1878 1199 1956 atque
1215 1875 1303 1952 illud,
1326 1874 1410 1955 quod
1425 1874 1581 1938 Asconius

360 1979 476 2043 scribit.
508 1978 597 2042 ldem
608 1979 734 2042 caditin
750 1996 796 2055 ea,
809 1999 888 2060 quae
904 1980 1039 2061 legimus
1055 1979 1086 2042 in
1100 1977 1256 2043 Ciceronis
1268 1977 1412 2061 paradox.
1425 1977 1470 2040 IV
1485 1979 1513 2052 l,
1527 1977 1583 2039 27:

360 2080 562 2163 ‘praedonum
577 2083 630 2145 ille
646 2100 814 2146 concursus
831 2087 863 2146 et
878 2087 909 2146 te
925 2084 1004 2164 (scil.
1022 2082 1144 2162 Clodio)
1160 2083 1238 2146 duce
1253 2081 1453 2144 latrocinium
1469 2082 1502 2143 16
1518 2079 1584 2143 foro

361 2184 568 2247 constitutum
602 2189 634 2248 et
661 2185 809 2266 reliquiae
837 2186 1058 2250 coniurationis
1088 2203 1106 2249 a
1129 2184 1282 2250 Catilinae
1309 2183 1397 2246 furiis
1426 2183 1464 2246 ad
1492 2187 1583 2246 tuum

362 2287 464 2350 scelus
487 2285 685 2368 furoremque
709 2306 876 2353 conversae
898 2308 960 2353 non
980 2290 1088 2352 civitas
1109 2288 1195 2362 erat,
1219 2287 1332 2369 quibus
1349 2286 1388 2349 ad
1404 2285 1583 2349 Drumanni

363 2389 552 2452 sententiam
574 2389 779 2455 refellendam
801 2391 919 2456 frustra
940 2392 1051 2455 nititur
1073 2391 1319 2472 Elberlingus2).
1362 2387 1434 2452 Huc
1456 2387 1585 2464 accedit,

364 2491 447 2572 quod
479 2509 581 2573 neque
613 2493 773 2572 or'ationiS,
810 2513 905 2575 quam
932 2496 965 2558 in
988 2494 1022 2557 P.
1051 2494 1195 2558 Clodium
1221 2495 1253 2556 et
1279 2492 1445 2557 Curionem
1474 2492 1586 2556 habuit

361 2594 482 2672 Cicero,
505 2599 561 2659 aut
583 2596 648 2659 eius
672 2595 859 2677 fragmenta,
883 2617 979 2678 quam
1001 2599 1049 2661 ‘de
1072 2587 1143 2661 aero
1167 2597 1268 2660 alieno
1291 2593 1425 2658 Milonis*
1450 2595 1584 2677 scripsit,

361 2715 463 2779 neque
486 2716 532 2774 ea,
556 2717 636 2780 quae
652 2699 821 2763 scholiasta
838 2699 999 2764 Bobiensis
1016 2700 1054 2764 de
1070 2700 1118 2764 his
1134 2699 1239 2776 tradit,
1261 2699 1328 2762 6116
1343 2697 1429 2761 illius
1444 2697 1584 2761 criminis

362 2801 495 2883 vestigia
519 2801 713 2882 6111166611).

404 2921 473 2986 lam
511 2939 599 2999 vere,
637 2923 662 2985 61
695 2924 809 2987 erravit
839 2925 1006 3000 Asconius,
1046 2942 1118 2988 oum
1148 2922 1261 3005 ‘saepe'
1290 2922 1471 2987 Ciceronem
1505 2920 1583 2985 illud

362 3025 481 3088 crimen
510 3024 615 3090 Clodio
648 3026 796 3091 obiecisse
832 3028 1047 3104 contenderet,
1077 3025 1230 3108 quomodo
1258 3025 1415 3089 Ciceronis
1439 3025 1583 3088 ‘Etrusca

362 3129 475 3192 castra*
498 3127 710 3210 intellegenda
732 3131 827 3194 sunt?
870 3129 1017 3193 Halmius
1041 3129 1143 3192 6111.
1166 3129 1369 3211 1161161661)
1394 3145 1412 3192 6
1435 3126 1583 3192 Cicerone

343 3233 572 3313 „possessiones
607 3232 705 3297 Clodii
742 3233 774 3296 in
807 3233 933 3296 Etruria
970 3233 1045 3296 sitas
1083 3231 1253 3314 significari
1285 3233 1462 3314 opinantur,
1500 3230 1582 3294 unde

362 3333 488 3400 Clodius
517 3335 676 3399 Etruriam
708 3335 880 3419 diripuerit.
929 3333 1044 3399 Obstat
1075 3337 1183 3398 tamen
1217 3335 1291 3398 huic
1323 3335 1493 3418 opinationi
1529 3351 1583 3398 vor

362 3438 489 3513 ‘etiam',
518 3438 665 3519 quoniam
693 3438 837 3503 Clodium
863 3439 895 3501 in
924 3439 1006 3502 bona
1033 3455 1091 3525 sua
1118 3438 1247 3502 comites
1275 3439 1445 3503 Graeculos
1475 3455 1582 3500 secum

363 3541 476 3605 ducere
503 3541 549 3603 nil
576 3542 691 3605 mirum
718 3541 767 3605 vel
793 3542 896 3624 potius
924 3542 1057 3604 manime
1086 3544 1332 3606 consentaneum
1362 3542 1420 3604 est.
1473 3539 1583 3613 Immo,

365 3643 439 3725 quid
463 3643 606 3707 ‘Etrusca
634 3645 745 3708 castra'
775 3645 914 3721 valeant,
942 3644 1081 3708 cernitur
1109 3663 1145 3708 ex
1174 3645 1310 3709 oratione
1338 3644 1406 3724 (27,
1437 3643 1504 3725 74),
1532 3641 1584 3706 611

364 3745 509 3810 Clodium
525 3747 677 3824 castris,
702 3748 807 3822 armis,
832 3748 899 3811 aliis
914 3747 1073 3811 Etruriam
1089 3766 1214 3812 vexasse
1238 3749 1285 3813 bis
1297 3748 1442 3828 legimus.
1473 3745 1582 3828 Itaque

363 3867 427 3912 non
455 3847 610 3912 translata
636 3849 861 3930 significatione
895 3851 933 3913 de
965 3852 1211 3932 possessionibus
1241 3850 1355 3928 Clodii,
1386 3849 1442 3912 sed
1463 3849 1583 3932 proprio

365 3970 460 4016 sensu
482 3952 538 4015 1116
560 3953 654 4016 verba
677 3953 912 4036 interpretanda
935 3958 1023 4031 sunt,
1047 3974 1119 4019 cum
1142 3973 1215 4018 eum
1238 3955 1318 4018 veris
1341 3951 1461 4017 castris
1476 3950 1583 4034 positis

434 4226 455 4293 ¹)
473 4223 553 4278 Idem
570 4222 676 4280 iudicat
693 4225 724 4280 C.
743 4225 832 4280 Halm
850 4226 887 4281 nd
906 4227 964 4283 Cic.
982 4244 1032 4297 pro
1050 4227 1110 4282 Mil.
1129 4227 1171 4293 14,
1188 4227 1236 4291 37;
1255 4226 1287 4280 21
1315 4225 1356 4280 bb.

433 4313 455 4379 Ι)
474 4310 604 4365 Narratio
621 4310 656 4364 de
673 4310 704 4366 P.
723 4310 821 4366 Clodio
839 4312 981 4377 (Hauniue
1000 4314 1078 4380 1839)
1092 4330 1118 4383 p.
1138 4313 1155 4368 5
1172 4329 1213 4383 sq.

434 4403 455 4466 8)
473 4397 640 4453 Plutarchus
662 4398 721 4465 (vit.
746 4398 801 4453 Cic.
821 4414 845 4452 6.
863 4400 908 4468 29)
927 4397 1056 4454 Clodium
1077 4399 1105 4451 in
1131 4398 1281 4454 Catilinam
1304 4397 1428 4468 partibus
1447 4394 1581 4450 Ciceronis

365 4483 567 4540 studiosissime
583 4483 684 4539 favisse
701 4483 769 4539 adeo
788 4484 908 4539 dilucide
925 4492 1025 4540 namet.

433 4577 453 4636 ⁴)
472 4571 574 4626 Adnot
593 4571 629 4626 ad
647 4573 703 4628 Cic.
722 4588 771 4642 pro
789 4570 849 4626 Mil.
867 4573 910 4638 21,
927 4573 973 4638 eru
992 4571 1071 4626 addit
1088 4577 1195 4626 tamem
1215 4569 1299 4624 ‘daun
1317 4571 1437 4625 erinnert
1453 4568 1502 4623 der
1514 4569 1580 4622 Aus-

365 4657 544 4714 1166166616
563 4675 598 4713 an
618 4657 752 4714 Catilinae
770 4658 860 4730 Lager
877 4659 905 4712 in
924 4658 1072 4713 Etrurien'.
