<?xml version="1.0" encoding="UTF-8"?>
<!DOCTYPE html PUBLIC "-//W3C//DTD XHTML 1.0 Transitional//EN"
    "http://www.w3.org/TR/xhtml1/DTD/xhtml1-transitional.dtd">
<html xmlns="http://www.w3.org/1999/xhtml" xml:lang="en" lang="en">
 <head>
  <title>
</title>
<meta http-equiv="Content-Type" content="text/html;charset=utf-8" />
  <meta name='ocr-system' content='tesseract 3.04.00' />
  <meta name='ocr-capabilities' content='ocr_page ocr_carea ocr_par ocr_line ocrx_word'/>
</head>
<body>
  <div class='ocr_page' id='page_1' title='image "./destoicorumstud00strigoog_0301.png"; bbox 0 0 3598 5226; ppageno 0'>
   <div class='ocr_carea' id='block_1_1' title="bbox 874 399 1084 493">
    <p class='ocr_par' dir='ltr' id='par_1_1' title="bbox 874 399 1084 493">
     <span class='ocr_line' id='line_1_1' title="bbox 874 399 1084 493; baseline 0 -30"><span class='ocrx_word' id='word_1_1' title='bbox 874 399 1084 493; x_wconf 38' lang='lat'>*212—</span> 
     </span>
    </p>
   </div>
   <div class='ocr_carea' id='block_1_2' title="bbox 371 620 1594 2356">
    <p class='ocr_par' dir='ltr' id='par_1_2' title="bbox 371 620 1593 809">
     <span class='ocr_line' id='line_1_2' title="bbox 371 620 1593 706; baseline -0.002 -21"><span class='ocrx_word' id='word_1_2' title='bbox 371 621 431 686; x_wconf 91' lang='lat' dir='ltr'>Hio</span> <span class='ocrx_word' id='word_1_3' title='bbox 453 623 559 686; x_wconf 87' lang='lat' dir='ltr'>tamen</span> <span class='ocrx_word' id='word_1_4' title='bbox 582 622 629 687; x_wconf 84' lang='lat' dir='ltr'>vir</span> <span class='ocrx_word' id='word_1_5' title='bbox 659 623 691 686; x_wconf 92' lang='lat' dir='ltr'>et</span> <span class='ocrx_word' id='word_1_6' title='bbox 720 621 812 705; x_wconf 85' lang='lat' dir='ltr'>longo</span> <span class='ocrx_word' id='word_1_7' title='bbox 844 641 934 706; x_wconf 89' lang='lat' dir='ltr'>opere</span> <span class='ocrx_word' id='word_1_8' title='bbox 962 625 994 687; x_wconf 87' lang='lat' dir='ltr'>et</span> <span class='ocrx_word' id='word_1_9' title='bbox 1023 624 1091 706; x_wconf 91' lang='lat' dir='ltr'>ipsa</span> <span class='ocrx_word' id='word_1_10' title='bbox 1121 623 1169 686; x_wconf 93' lang='lat' dir='ltr'>sui</span> <span class='ocrx_word' id='word_1_11' title='bbox 1201 623 1365 687; x_wconf 87' lang='lat' dir='ltr'>maiestate</span> <span class='ocrx_word' id='word_1_12' title='bbox 1389 620 1593 686; x_wconf 85' lang='lat' dir='ltr'>del&#39;enditur.“</span> 
     </span>
     <span class='ocr_line' id='line_1_3' title="bbox 372 723 1087 809; baseline -0.001 -19"><span class='ocrx_word' id='word_1_13' title='bbox 372 725 507 807; x_wconf 88' lang='lat' dir='ltr'>Apollin.</span> <span class='ocrx_word' id='word_1_14' title='bbox 531 723 636 789; x_wconf 84' lang='lat' dir='ltr'>Sidon.</span> <span class='ocrx_word' id='word_1_15' title='bbox 660 725 749 809; x_wconf 90' lang='lat' dir='ltr'>epist.</span> <span class='ocrx_word' id='word_1_16' title='bbox 772 725 818 790; x_wconf 88' lang='lat' dir='ltr'>IX</span> <span class='ocrx_word' id='word_1_17' title='bbox 841 727 880 788; x_wconf 83' lang='lat'>13</span> <span class='ocrx_word' id='word_1_18' title='bbox 907 745 936 808; x_wconf 93' lang='lat' dir='ltr'>p.</span> <span class='ocrx_word' id='word_1_19' title='bbox 958 727 1021 789; x_wconf 87' lang='grc'>463</span> <span class='ocrx_word' id='word_1_20' title='bbox 1043 726 1087 789; x_wconf 92' lang='lat' dir='ltr'>B:</span> 
     </span>
    </p>

    <p class='ocr_par' dir='ltr' id='par_1_3' title="bbox 626 827 1300 911">
     <span class='ocr_line' id='line_1_4' title="bbox 626 827 1300 911; baseline 0.001 -19"><span class='ocrx_word' id='word_1_21' title='bbox 626 828 835 906; x_wconf 73' lang='lat' dir='ltr'>,Iamdudum</span> <span class='ocrx_word' id='word_1_22' title='bbox 856 829 999 893; x_wconf 89' lang='lat' dir='ltr'>teretes</span> <span class='ocrx_word' id='word_1_23' title='bbox 1022 827 1300 911; x_wconf 78' lang='lat' dir='ltr'>hendecasyllabos</span> 
     </span>
    </p>

    <p class='ocr_par' dir='ltr' id='par_1_4' title="bbox 624 931 1220 1013">
     <span class='ocr_line' id='line_1_5' title="bbox 624 931 1220 1013; baseline 0 -17"><span class='ocrx_word' id='word_1_24' title='bbox 624 932 740 996; x_wconf 79' lang='lat' dir='ltr'>Attrita</span> <span class='ocrx_word' id='word_1_25' title='bbox 762 931 890 996; x_wconf 89' lang='lat' dir='ltr'>oalamia</span> <span class='ocrx_word' id='word_1_26' title='bbox 911 931 1022 1013; x_wconf 89' lang='lat' dir='ltr'>pollioe</span> <span class='ocrx_word' id='word_1_27' title='bbox 1043 932 1220 1008; x_wconf 76' lang='lat' dir='ltr'>lnsImuS‚</span> 
     </span>
    </p>

    <p class='ocr_par' dir='ltr' id='par_1_5' title="bbox 624 1033 1300 1117">
     <span class='ocr_line' id='line_1_6' title="bbox 624 1033 1300 1117; baseline 0 -18"><span class='ocrx_word' id='word_1_28' title='bbox 624 1033 709 1114; x_wconf 84' lang='lat' dir='ltr'>Quos</span> <span class='ocrx_word' id='word_1_29' title='bbox 731 1038 858 1100; x_wconf 87' lang='lat' dir='ltr'>eantare</span> <span class='ocrx_word' id='word_1_30' title='bbox 881 1035 982 1116; x_wconf 85' lang='lat' dir='ltr'>magis</span> <span class='ocrx_word' id='word_1_31' title='bbox 1005 1054 1060 1117; x_wconf 92' lang='lat' dir='ltr'>pro</span> <span class='ocrx_word' id='word_1_32' title='bbox 1083 1035 1300 1099; x_wconf 90' lang='lat' dir='ltr'>oboriambiois</span> 
     </span>
    </p>

    <p class='ocr_par' dir='ltr' id='par_1_6' title="bbox 372 1138 1594 2047">
     <span class='ocr_line' id='line_1_7' title="bbox 624 1138 1215 1222; baseline 0 -20"><span class='ocrx_word' id='word_1_33' title='bbox 624 1138 763 1203; x_wconf 79' lang='lat' dir='ltr'>Excusso</span> <span class='ocrx_word' id='word_1_34' title='bbox 786 1139 910 1222; x_wconf 85' lang='lat' dir='ltr'>poteras</span> <span class='ocrx_word' id='word_1_35' title='bbox 933 1138 1078 1202; x_wconf 84' lang='lat' dir='ltr'><strong>mobilius</strong></span> <span class='ocrx_word' id='word_1_36' title='bbox 1101 1138 1215 1221; x_wconf 87' lang='lat' dir='ltr'>pede;“</span> 
     </span>
     <span class='ocr_line' id='line_1_8' title="bbox 373 1239 1594 1325; baseline -0.002 -21"><span class='ocrx_word' id='word_1_37' title='bbox 373 1240 463 1322; x_wconf 84' lang='lat' dir='ltr'><strong>epist.</strong></span> <span class='ocrx_word' id='word_1_38' title='bbox 485 1239 532 1304; x_wconf 88' lang='lat' dir='ltr'>IX</span> <span class='ocrx_word' id='word_1_39' title='bbox 555 1240 594 1303; x_wconf 90' lang='grc'>16</span> <span class='ocrx_word' id='word_1_40' title='bbox 617 1261 645 1324; x_wconf 90' lang='lat' dir='ltr'>p.</span> <span class='ocrx_word' id='word_1_41' title='bbox 668 1241 731 1304; x_wconf 80' lang='lat'>475</span> <span class='ocrx_word' id='word_1_42' title='bbox 753 1242 795 1305; x_wconf 94' lang='lat' dir='ltr'>B:</span> <span class='ocrx_word' id='word_1_43' title='bbox 820 1241 933 1319; x_wconf 85' lang='lat' dir='ltr'>„Nune</span> <span class='ocrx_word' id='word_1_44' title='bbox 954 1261 1010 1325; x_wconf 88' lang='lat' dir='ltr'>por</span> <span class='ocrx_word' id='word_1_45' title='bbox 1032 1241 1173 1306; x_wconf 90' lang='lat' dir='ltr'>undenas</span> <span class='ocrx_word' id='word_1_46' title='bbox 1197 1241 1336 1323; x_wconf 86' lang='lat' dir='ltr'>equilare</span> <span class='ocrx_word' id='word_1_47' title='bbox 1360 1242 1468 1305; x_wconf 89' lang='lat' dir='ltr'>suetus</span> <span class='ocrx_word' id='word_1_48' title='bbox 1492 1239 1594 1322; x_wconf 83' lang='lat' dir='ltr'>Sylla-</span> 
     </span>
     <span class='ocr_line' id='line_1_9' title="bbox 372 1342 1593 1428; baseline -0.001 -22"><span class='ocrx_word' id='word_1_49' title='bbox 372 1342 429 1407; x_wconf 88' lang='lat' dir='ltr'>bas</span> <span class='ocrx_word' id='word_1_50' title='bbox 451 1343 527 1408; x_wconf 91' lang='lat' dir='ltr'>lusi</span> <span class='ocrx_word' id='word_1_51' title='bbox 550 1345 652 1408; x_wconf 90' lang='lat' dir='ltr'>oeler</span> <span class='ocrx_word' id='word_1_52' title='bbox 674 1347 716 1422; x_wconf 89' lang='lat' dir='ltr'>(v.</span> <span class='ocrx_word' id='word_1_53' title='bbox 745 1362 839 1428; x_wconf 88' lang='lat' dir='ltr'>supra</span> <span class='ocrx_word' id='word_1_54' title='bbox 861 1364 891 1428; x_wconf 90' lang='lat' dir='ltr'>p.</span> <span class='ocrx_word' id='word_1_55' title='bbox 916 1345 955 1408; x_wconf 83' lang='lat'>95</span> <span class='ocrx_word' id='word_1_56' title='bbox 972 1344 1062 1426; x_wconf 88' lang='lat' dir='ltr'>sq.)“‚</span> <span class='ocrx_word' id='word_1_57' title='bbox 1087 1363 1182 1408; x_wconf 87' lang='lat' dir='ltr'>earm.</span> <span class='ocrx_word' id='word_1_58' title='bbox 1205 1343 1314 1408; x_wconf 84' lang='lat' dir='ltr'>XXIII</span> <span class='ocrx_word' id='word_1_59' title='bbox 1336 1342 1392 1406; x_wconf 85' lang='lat'>20:</span> <span class='ocrx_word' id='word_1_60' title='bbox 1417 1342 1497 1420; x_wconf 86' lang='lat' dir='ltr'>„Sed</span> <span class='ocrx_word' id='word_1_61' title='bbox 1529 1342 1593 1406; x_wconf 91' lang='lat' dir='ltr'>iam</span> 
     </span>
     <span class='ocr_line' id='line_1_10' title="bbox 372 1444 1592 1530; baseline -0.002 -20"><span class='ocrx_word' id='word_1_62' title='bbox 372 1445 466 1510; x_wconf 85' lang='lat' dir='ltr'>Musa</span> <span class='ocrx_word' id='word_1_63' title='bbox 487 1447 572 1512; x_wconf 87' lang='lat' dir='ltr'>taoet</span> <span class='ocrx_word' id='word_1_64' title='bbox 598 1449 747 1530; x_wconf 89' lang='lat' dir='ltr'>tenetque</span> <span class='ocrx_word' id='word_1_65' title='bbox 778 1448 918 1512; x_wconf 82' lang='lat' dir='ltr'><strong>habenas</strong></span> <span class='ocrx_word' id='word_1_66' title='bbox 939 1448 1053 1512; x_wconf 79' lang='lat' dir='ltr'>Peneis</span> <span class='ocrx_word' id='word_1_67' title='bbox 1075 1447 1345 1528; x_wconf 79' lang='lat' dir='ltr'>hendecasyllabis</span> <span class='ocrx_word' id='word_1_68' title='bbox 1373 1447 1511 1523; x_wconf 89' lang='lat' dir='ltr'>iooata‚</span> <span class='ocrx_word' id='word_1_69' title='bbox 1544 1444 1592 1508; x_wconf 90' lang='lat' dir='ltr'>Ne</span> 
     </span>
     <span class='ocr_line' id='line_1_11' title="bbox 375 1547 1593 1633; baseline -0.001 -21"><span class='ocrx_word' id='word_1_70' title='bbox 375 1547 541 1630; x_wconf 87' lang='lat' dir='ltr'>quisquam</span> <span class='ocrx_word' id='word_1_71' title='bbox 564 1551 693 1614; x_wconf 85' lang='lat' dir='ltr'>satiram</span> <span class='ocrx_word' id='word_1_72' title='bbox 717 1551 765 1615; x_wconf 86' lang='lat' dir='ltr'>vel</span> <span class='ocrx_word' id='word_1_73' title='bbox 788 1549 845 1614; x_wconf 91' lang='lat' dir='ltr'>hos</span> <span class='ocrx_word' id='word_1_74' title='bbox 859 1553 1013 1615; x_wconf 84' lang='lat' dir='ltr'>voearet.“</span> <span class='ocrx_word' id='word_1_75' title='bbox 1057 1550 1169 1633; x_wconf 91' lang='lat' dir='ltr'>Itaque</span> <span class='ocrx_word' id='word_1_76' title='bbox 1192 1551 1288 1615; x_wconf 86' lang='lat' dir='ltr'>eliam</span> <span class='ocrx_word' id='word_1_77' title='bbox 1311 1549 1343 1613; x_wconf 93' lang='lat' dir='ltr'>in</span> <span class='ocrx_word' id='word_1_78' title='bbox 1364 1568 1398 1613; x_wconf 90' lang='lat' dir='ltr'>re</span> <span class='ocrx_word' id='word_1_79' title='bbox 1414 1548 1495 1612; x_wconf 90' lang='lat' dir='ltr'>tristi</span> <span class='ocrx_word' id='word_1_80' title='bbox 1518 1548 1593 1612; x_wconf 92' lang='lat' dir='ltr'>hen·</span> 
     </span>
     <span class='ocr_line' id='line_1_12' title="bbox 373 1650 1591 1737; baseline -0.002 -22"><span class='ocrx_word' id='word_1_81' title='bbox 373 1650 589 1735; x_wconf 83' lang='lat' dir='ltr'>deoasyllabos</span> <span class='ocrx_word' id='word_1_82' title='bbox 610 1673 643 1718; x_wconf 90' lang='lat' dir='ltr'>se</span> <span class='ocrx_word' id='word_1_83' title='bbox 659 1671 827 1737; x_wconf 85' lang='lat' dir='ltr'>usurpasse</span> <span class='ocrx_word' id='word_1_84' title='bbox 850 1673 904 1737; x_wconf 91' lang='lat' dir='ltr'>pro</span> <span class='ocrx_word' id='word_1_85' title='bbox 928 1654 1023 1737; x_wconf 84' lang='lat' dir='ltr'>elegis</span> <span class='ocrx_word' id='word_1_86' title='bbox 1039 1654 1139 1718; x_wconf 91' lang='lat' dir='ltr'>multo</span> <span class='ocrx_word' id='word_1_87' title='bbox 1155 1653 1368 1718; x_wconf 74' lang='lat' dir='ltr'>usitatioribus</span> <span class='ocrx_word' id='word_1_88' title='bbox 1390 1652 1433 1736; x_wconf 88' lang='lat' dir='ltr'>(v.</span> <span class='ocrx_word' id='word_1_89' title='bbox 1452 1670 1548 1735; x_wconf 86' lang='lat' dir='ltr'>supra</span> <span class='ocrx_word' id='word_1_90' title='bbox 1561 1670 1591 1733; x_wconf 90' lang='lat' dir='ltr'>p.</span> 
     </span>
     <span class='ocr_line' id='line_1_13' title="bbox 373 1753 1593 1837; baseline -0.001 -20"><span class='ocrx_word' id='word_1_91' title='bbox 373 1755 428 1834; x_wconf 86' lang='grc'>89)</span> <span class='ocrx_word' id='word_1_92' title='bbox 454 1756 617 1837; x_wconf 79' lang='lat' dir='ltr'>tamquam</span> <span class='ocrx_word' id='word_1_93' title='bbox 639 1775 707 1821; x_wconf 85' lang='lat' dir='ltr'>rem</span> <span class='ocrx_word' id='word_1_94' title='bbox 729 1757 900 1822; x_wconf 74' lang='lat' dir='ltr'>notabilem</span> <span class='ocrx_word' id='word_1_95' title='bbox 924 1758 1148 1823; x_wconf 82' lang='lat' dir='ltr'>commemorat·</span> <span class='ocrx_word' id='word_1_96' title='bbox 1168 1756 1253 1821; x_wconf 90' lang='lat' dir='ltr'>idem</span> <span class='ocrx_word' id='word_1_97' title='bbox 1277 1756 1423 1821; x_wconf 87' lang='lat' dir='ltr'>Sidonius</span> <span class='ocrx_word' id='word_1_98' title='bbox 1446 1755 1537 1837; x_wconf 84' lang='lat' dir='ltr'>eplet.</span> <span class='ocrx_word' id='word_1_99' title='bbox 1559 1753 1593 1816; x_wconf 95' lang='grc' dir='ltr'>ΙΙ</span> 
     </span>
     <span class='ocr_line' id='line_1_14' title="bbox 374 1857 1593 1943; baseline 0 -23"><span class='ocrx_word' id='word_1_100' title='bbox 374 1857 439 1940; x_wconf 88' lang='lat' dir='ltr'>6p.</span> <span class='ocrx_word' id='word_1_101' title='bbox 455 1859 515 1921; x_wconf 89' lang='grc'>221</span> <span class='ocrx_word' id='word_1_102' title='bbox 533 1858 577 1922; x_wconf 91' lang='lat' dir='ltr'>B:</span> <span class='ocrx_word' id='word_1_103' title='bbox 602 1860 766 1938; x_wconf 86' lang='lat' dir='ltr'>„naeniam</span> <span class='ocrx_word' id='word_1_104' title='bbox 788 1860 963 1937; x_wconf 85' lang='lat' dir='ltr'>funebrem,</span> <span class='ocrx_word' id='word_1_105' title='bbox 986 1879 1048 1925; x_wconf 90' lang='lat' dir='ltr'>non</span> <span class='ocrx_word' id='word_1_106' title='bbox 1071 1879 1125 1943; x_wconf 90' lang='lat' dir='ltr'>per</span> <span class='ocrx_word' id='word_1_107' title='bbox 1148 1860 1261 1941; x_wconf 84' lang='lat' dir='ltr'>elegos,</span> <span class='ocrx_word' id='word_1_108' title='bbox 1283 1859 1338 1924; x_wconf 89' lang='lat' dir='ltr'>sed</span> <span class='ocrx_word' id='word_1_109' title='bbox 1360 1878 1415 1943; x_wconf 88' lang='lat' dir='ltr'>per</span> <span class='ocrx_word' id='word_1_110' title='bbox 1436 1857 1593 1922; x_wconf 88' lang='lat' dir='ltr'>hendeoa·</span> 
     </span>
     <span class='ocr_line' id='line_1_15' title="bbox 374 1960 1448 2047; baseline 0.002 -24"><span class='ocrx_word' id='word_1_111' title='bbox 374 1960 525 2045; x_wconf 84' lang='lat' dir='ltr'>syllabos,</span> <span class='ocrx_word' id='word_1_112' title='bbox 547 1962 695 2027; x_wconf 85' lang='lat' dir='ltr'>marmori</span> <span class='ocrx_word' id='word_1_113' title='bbox 717 1963 863 2040; x_wconf 87' lang='lat' dir='ltr'>inoisam,</span> <span class='ocrx_word' id='word_1_114' title='bbox 893 1965 1021 2047; x_wconf 87' lang='lat' dir='ltr'>plunotu</span> <span class='ocrx_word' id='word_1_115' title='bbox 1044 1983 1138 2046; x_wconf 91' lang='lat' dir='ltr'>prope</span> <span class='ocrx_word' id='word_1_116' title='bbox 1161 1963 1283 2027; x_wconf 87' lang='lat' dir='ltr'>oelente</span> <span class='ocrx_word' id='word_1_117' title='bbox 1306 1963 1448 2027; x_wconf 87' lang='lat' dir='ltr'>dietavi.“</span> 
     </span>
    </p>

    <p class='ocr_par' dir='ltr' id='par_1_7' title="bbox 458 2064 1591 2149">
     <span class='ocr_line' id='line_1_16' title="bbox 458 2064 1591 2149; baseline -0.003 -22"><span class='ocrx_word' id='word_1_118' title='bbox 458 2064 620 2149; x_wconf 88' lang='lat' dir='ltr'>Priapea</span> <span class='ocrx_word' id='word_1_119' title='bbox 641 2065 779 2130; x_wconf 82' lang='lat' dir='ltr'>iocantes</span> <span class='ocrx_word' id='word_1_120' title='bbox 799 2067 908 2131; x_wconf 88' lang='lat' dir='ltr'>dooere</span> <span class='ocrx_word' id='word_1_121' title='bbox 925 2069 1032 2132; x_wconf 90' lang='lat' dir='ltr'>auotor</span> <span class='ocrx_word' id='word_1_122' title='bbox 1053 2069 1101 2131; x_wconf 89' lang='lat' dir='ltr'>est</span> <span class='ocrx_word' id='word_1_123' title='bbox 1115 2067 1321 2130; x_wconf 86' lang='lat' dir='ltr'>Terentianus</span> <span class='ocrx_word' id='word_1_124' title='bbox 1337 2066 1436 2130; x_wconf 87' lang='lat' dir='ltr'>Maur.</span> <span class='ocrx_word' id='word_1_125' title='bbox 1448 2085 1476 2129; x_wconf 83' lang='lat' dir='ltr'>r.</span> <span class='ocrx_word' id='word_1_126' title='bbox 1493 2064 1591 2126; x_wconf 79' lang='lat'><strong>2752:</strong></span> 
     </span>
    </p>

    <p class='ocr_par' dir='ltr' id='par_1_8' title="bbox 374 2166 1592 2356">
     <span class='ocr_line' id='line_1_17' title="bbox 375 2166 1592 2252; baseline -0.002 -21"><span class='ocrx_word' id='word_1_127' title='bbox 375 2166 465 2251; x_wconf 87' lang='lat' dir='ltr'>„Ipse</span> <span class='ocrx_word' id='word_1_128' title='bbox 482 2169 566 2232; x_wconf 88' lang='lat' dir='ltr'>enim</span> <span class='ocrx_word' id='word_1_129' title='bbox 583 2187 678 2232; x_wconf 90' lang='lat' dir='ltr'>sonus</span> <span class='ocrx_word' id='word_1_130' title='bbox 693 2169 813 2233; x_wconf 81' lang='lat' dir='ltr'>indicat</span> <span class='ocrx_word' id='word_1_131' title='bbox 828 2189 896 2235; x_wconf 88' lang='lat' dir='ltr'>esse</span> <span class='ocrx_word' id='word_1_132' title='bbox 913 2171 970 2236; x_wconf 92' lang='lat' dir='ltr'>hoo</span> <span class='ocrx_word' id='word_1_133' title='bbox 992 2170 1143 2235; x_wconf 89' lang='lat' dir='ltr'>lusibus</span> <span class='ocrx_word' id='word_1_134' title='bbox 1167 2172 1287 2252; x_wconf 88' lang='lat' dir='ltr'>aptum,</span> <span class='ocrx_word' id='word_1_135' title='bbox 1310 2169 1351 2232; x_wconf 87' lang='lat' dir='ltr'>llt</span> <span class='ocrx_word' id='word_1_136' title='bbox 1366 2169 1464 2234; x_wconf 85' lang='lat' dir='ltr'>ferme</span> <span class='ocrx_word' id='word_1_137' title='bbox 1479 2167 1592 2232; x_wconf 90' lang='lat' dir='ltr'>modus</span> 
     </span>
     <span class='ocr_line' id='line_1_18' title="bbox 374 2269 923 2356; baseline 0.009 -23"><span class='ocrx_word' id='word_1_138' title='bbox 374 2269 426 2333; x_wconf 91' lang='lat' dir='ltr'>bio</span> <span class='ocrx_word' id='word_1_139' title='bbox 449 2269 542 2334; x_wconf 87' lang='lat' dir='ltr'>dator</span> <span class='ocrx_word' id='word_1_140' title='bbox 564 2289 583 2336; x_wconf 87' lang='lat' dir='ltr'>a</span> <span class='ocrx_word' id='word_1_141' title='bbox 604 2271 760 2354; x_wconf 89' lang='lat' dir='ltr'>plerisque</span> <span class='ocrx_word' id='word_1_142' title='bbox 782 2272 923 2356; x_wconf 88' lang='lat' dir='ltr'>Priapo.“</span> 
     </span>
    </p>
   </div>
   <div class='ocr_carea' id='block_1_3' title="bbox 0 0 1805 5226">
    <p class='ocr_par' dir='ltr' id='par_1_9' title="bbox 0 0 1805 5226">
     <span class='ocr_line' id='line_1_19' title="bbox 0 0 1805 5226; baseline 0 0"><span class='ocrx_word' id='word_1_143' title='bbox 0 0 1805 5226; x_wconf 95' lang='lat' dir='ltr'> </span> 
     </span>
    </p>
   </div>
  </div>
 </body>
</html>
