3634 5240
739 411 781 476 49

232 647 299 728 Quo
320 651 364 728 fit
387 651 423 714 ut
439 651 602 716 sollemnia
624 653 779 734 quaedam
795 653 890 718 verba
911 653 1089 718 communia
1112 653 1175 719 sint
1189 655 1317 722 musicis
1334 658 1366 734 et

149 751 283 830 medicis,
305 753 380 818 licet
401 754 434 818 hi
449 773 529 819 nova
552 755 706 836 quaedam
722 755 779 820 sibi
802 755 955 820 finxerint.
1000 756 1047 821 De
1063 776 1126 840 qua
1140 777 1173 822 re
1189 761 1365 825 accuratius

149 855 212 936 agit
234 855 373 921 Galenus
407 875 480 922 oum
508 857 576 922 aliis
602 857 679 922 locis
705 859 774 922 tum
800 857 909 923 libriI
943 859 981 924 dc
1008 861 1158 943 pulsuum
1185 859 1365 927 differentiis

149 958 499 1043 cop.8(VIH5114sqq
511 960 564 1044 Κ),
576 960 630 1025 ubr
641 960 698 1025 has
709 961 820 1045 pulsus
832 961 972 1045 rhythmr
984 960 1172 1028 differentias
1184 969 1365 1030 enumerat:

399 1057 635 1150 {democle
587 1078 718 1150 (π’ῐᾰινε
737 1078 977 1151 mimatensem
940 1079 1104 1151 *νρθνῦλ

371 1164 849 1296 JN

273 1304 435 1399 εἴρυθμος
768 1308 940 1402 ἅρρυθμος

607 1415 1055 1568 sl&

467 1571 732 1663 παράρρρυθμος,
756 1573 1002 1667 ἓτερόρρυθμος,
1028 1573 1200 1666 ἔνρυθμος.

145 1673 235 1754 Quod
259 1675 298 1740 ad
324 1676 434 1759 pulsus
457 1681 659 1745 contrahendi
693 1684 726 1746 et
754 1683 947 1748 distrahendi
968 1683 1123 1748 rationem
1145 1680 1273 1758 attinet,
1307 1681 1366 1746 hae

145 1777 336 1843 differentiae
360 1784 584 1847 enumerantur
617 1786 649 1849 et
676 1785 761 1869 ipsae
783 1785 976 1850 musicorum
1005 1783 1162 1868 rhythmis
1190 1783 1367 1848 simillimae

145 1879 182 1962 (l.
206 1901 230 1944 o.
253 1900 282 1963 p.
306 1882 368 1944 516
391 1881 473 1968 sq.):

357 1987 393 2049 Α.
417 1979 448 2051 oi
472 1981 506 2048 ἒν
526 1979 591 2073 ἴση)
612 1984 706 2076 λόγῳ.

356 2089 393 2152 Β.
418 2083 450 2154 oi
472 2086 505 2153 ἐν
526 2080 629 2177 ἆνίσηι
651 2089 744 2178 λόγῳ.

422 2212 448 2257 a.
471 2189 505 2256 ἐν
526 2197 639 2280 ῥηταῖς
659 2188 840 2283 ὑπεροχαῖς.

477 2299 511 2378 α)
535 2293 569 2360 ἕν
591 2293 830 2385 πολλαπλασίω
852 2293 947 2384 λόγῳ.

478 2402 512 2482 β)
537 2395 570 2464 ἕν
592 2395 755 2489 ἐπιμορίηι
777 2397 872 2487 λόγῳ.

419 2503 449 2566 b.
473 2499 506 2566 ἐν
527 2493 677 2590 ἀρρήτοις
698 2498 881 2592 ὑπεροχαῖς.

478 2608 512 2688 α)
536 2599 553 2670 ὁ
575 2609 632 2692 τῆς
654 2605 830 2694 διαστολῆς
850 2601 964 2694 χρόνος
986 2599 1122 2693 ἷίρρητός
1144 2602 1242 2672 ἐστιν.

477 2712 511 2793 β)
536 2701 632 2796 ὁτῆς
655 2709 808 2796 σνστολῇς
828 2707 941 2797 χρόνος
961 2701 1097 2798 ἶν’ρρητός
1119 2705 1217 2776 ἐστιν.

481 2815 512 2897 y)
537 2807 716 2900 ἀμφότεροι
739 2805 857 2899 (χρόνοι
881 2804 1013 2900 όρρητοί
1033 2807 1137 2895 εἰσιν).

142 2919 249 2997 Atque
272 2935 309 2981 ex
324 2916 434 2981 eodem
455 2913 541 2981 fonte
556 2917 731 2982 hauserunt
752 2916 867 2981 medici
889 2913 1065 2982 doctrinam
1079 2916 1178 2993 illam,
1202 2933 1282 2998 quae
1298 2935 1369 3000 per·

142 3021 228 3083 tinet
250 3019 289 3084 ad
312 3013 511 3084 communem
541 3021 690 3104 temporis
712 3039 907 3098 mensuram,
940 3039 1036 3103 quam
1059 3019 1180 3104 explere
1208 3018 1369 3084 dicebatur

140 3116 160 3186 ὁ
187 3123 321 3208 πρῶτος
341 3118 462 3208 χρόνος.
508 3123 587 3188 Vide
610 3143 636 3188 e.
659 3144 687 3206 g.
710 3124 731 3187 l.
755 3144 779 3188 c.
801 3143 832 3207 p.
858 3124 934 3187 517:
971 3117 1022 3188 ὅτι
1044 3120 1082 3187 δὲ
1105 3115 1234 3208 πρῶτον
1255 3117 1369 3206 χρόνον

141 3216 182 3290 οὖ
207 3217 291 3311 πρὸς
311 3216 369 3311 την
391 3222 488 3312 φύσιν
510 3219 615 3312 αἰπήν,
639 3218 721 3304 ἀλλὰ
744 3217 829 3310 πρὸς
851 3218 1012 3312 αἴσθησιν
1034 3216 1162 3290 ἀκούειν
1181 3219 1249 3310 χρή,
1282 3219 1369 3308 πρό-

141 3327 253 3417 όηλον.
277 3323 359 3393 oium
382 3320 442 3414 γὰρ
466 3321 528 3408 ἔχει
552 3326 608 3392 καὶ
624 3319 716 3413 παρὰ
736 3332 806 3407 τοῖς
827 3331 1047 3412 μουσικοῖς.
1092 3329 1197 3393 Etiam
1212 3327 1245 3390 in
1263 3327 1368 3392 vacuis

140 3433 340 3515 temporibus
364 3431 565 3496 admittendis
589 3431 817 3514 quodammodo
838 3431 973 3514 emergit
994 3432 1076 3514 apud
1098 3431 1236 3495 medicos
1258 3430 1370 3512 rhyth-

139 3536 300 3600 micorum
334 3534 513 3618 disciplina:
548 3533 656 3599 Galen.
679 3533 717 3598 de
741 3533 957 3616 dignoscendis
978 3534 1122 3618 pulsibus
1143 3534 1164 3598 l.
1185 3531 1236 3596 HI
1258 3551 1324 3615 cap.
1349 3534 1368 3594 3

140 3637 238 3719 (VIII
252 3621 315 3701 '912
328 3637 385 3719 Kb
408 3630 437 3700 εἰ
457 3633 518 3719 μὲν
535 3623 590 3700 οὖν
603 3628 661 3722 τὴν
673 3629 784 3721 ἑτέραν
797 3639 864 3702 τῶν
879 3634 981 3715 δοξῶν
1002 3632 1223 3724 φυλάττωμεν,
1249 3627 1370 3717 ἑπόμε-

139 3763 196 3806 νοι
217 3742 288 3819 τοῖς
309 3741 533 3822 μουσικοῖς,
555 3730 631 3817 τοὺς
652 3743 714 3803 τῶν
735 3732 874 3826 ἡσυχιῶν
896 3735 1026 3826 χρόνους
1048 3734 1285 3825 προσθήσομεν
1299 3739 1369 3814 τοῖς

138 3847 211 3908 τῶν
232 3839 478 3930 προηγουμένων
500 3837 662 3927 κινήσεων.

232 3947 334 4023 Hanc,
357 3964 452 4028 quam
474 3946 506 4009 in
530 3947 717 4010 arteriarum
739 3950 771 4012 et
791 3949 931 4013 musicae
957 3946 1095 4011 motibus
1118 3963 1286 4026 agnoscere
1309 3944 1368 4007 sibi

138 4050 337 4116 videbantur
373 4049 509 4132 antiqui,
546 4048 783 4114 similitudinem
816 4051 908 4115 huius
940 4051 1002 4115 loci
1039 4067 1103 4113 non
1141 4049 1191 4112 est
1226 4046 1368 4130 pluribus

140 4153 305 4239 persequi.
348 4152 418 4217 Ηοο
439 4154 523 4217 certe
545 4171 581 4217 er
603 4153 647 4217 eis
665 4172 742 4235 quos
758 4154 931 4218 exscribam
953 4153 1029 4218 locis
1047 4150 1185 4236 apparet,
1197 4148 1367 4213 Aristidem

138 4257 199 4323 vel
215 4275 297 4334 eum,
321 4275 415 4339 quem
430 4258 556 4320 secutus
573 4258 630 4333 est,
652 4256 848 4321 medicorum
870 4256 1057 4340 scriptorum
1079 4252 1271 4328 meminisse,
1295 4271 1368 4316 oum

139 4359 226 4425 illud
250 4359 429 4442 exemplum
464 4358 649 4422 arteriarum
671 4360 833 4442 proferret.
876 4359 915 4422 In
942 4360 1085 4444 pulsibus
1108 4357 1192 4421 enim
1226 4354 1302 4438 quid
1328 4355 1370 4418 sit

137 4452 185 4526 τὸ
210 4456 332 4544 ὁμαλόν
354 4464 386 4527 et
410 4453 450 4526 τὸ
472 4453 653 4544 ἀνώμαλον,
687 4462 820 4546 explicat
842 4461 982 4527 Galenus
1014 4461 1052 4526 de
1073 4460 1154 4544 puls.
1181 4457 1278 4523 differ.
1304 4457 1326 4520 l.
1351 4456 1368 4521 I

139 4585 173 4632 o.
200 4566 241 4628 29
264 4564 357 4648 (vm
379 4566 440 4628 557
463 4565 525 4648 K):
548 4555 678 4629 καὶτὸν
700 4555 828 4651 ῥυθμὸν
850 4555 880 4628 δ’
906 4557 1059 4641 ὡσαύτως
1082 4559 1115 4626 ἐν
1135 4563 1182 4649 τῷ
1204 4557 1290 4646 λόγῳ
1311 4561 1369 4624 τοῦ

138 4663 262 4754 χρόνου
284 4671 342 4754 τῆς
364 4667 490 4756 πληγῆς
512 4658 596 4752 πρὸς
616 4663 674 4734 τὸν
695 4669 752 4733 τοῖ’
775 4661 1008 4750 διαλείμματος
1029 4659 1266 4746 συνιστάμενον,
1291 4657 1369 4729 ὅταν

1141 4769 1158 4822 4
