3568 5238
749 427 957 522 ,19-

247 647 334 710 actis'
351 648 382 709 in
399 647 530 710 ‘diurna'
558 649 684 729 recepta
714 650 768 711 aut
790 649 821 710 in
843 649 965 713 actione
992 669 1115 731 quoque
1137 651 1205 732 ipsa
1227 650 1471 714 commemorata

246 749 561 830 133313331331333.
583 769 613 832 p.
649 750 706 824 39,
731 751 748 811 7
773 757 855 834 sqq.)
879 753 978 815 ‘actis’
1002 754 1136 817 testibus
1159 753 1192 816 Τ.
1216 751 1377 815 Munatius
1401 751 1473 814 Kal.

246 854 338 916 Mart.
363 854 394 916 13
418 853 562 916 33331333
585 871 623 915 33
645 835 811 935 esposuit,
842 873 927 936 quae
953 856 1052 938 pridie
1080 857 1111 919 13
1142 857 1255 919 senatu
1279 857 1350 918 acta
1373 856 1471 916 erant.

336 956 373 1018 13
411 957 479 1038 ipsa
524 955 757 1020 Milonianae
806 959 1047 1023 enarratione
1086 977 1121 1022 ex
1163 959 1261 1022 ‘actis'
1301 957 1472 1020 scholiasta

246 1061 290 1142 (p.
314 1060 364 1134 37,
388 1060 439 1120 25.
468 1059 523 1141 26)
558 1058 744 1141 comperisse
779 1059 903 1124 videtur
931 1064 1001 1144 post
1024 1061 1156 1125 biduum
1181 1061 1337 1134 medium,
1377 1077 1472 1139 quam

247 1163 376 1227 Clodius
399 1163 519 1226 occisus
542 1164 636 1237 esset,
661 1163 851 1243 interregem
874 1164 1011 1245 primurn
1035 1164 1193 1247 proditum
1217 1182 1284 1226 esse
1309 1161 1474 1226 11113331-

245 1267 324 1330 lium
366 1265 532 1348 Lepidum.
601 1264 690 1342 Quod
736 1269 842 1328 autem
886 1267 1040 1330 Asconius
1090 1267 1295 1348 sequentibus
1334 1265 1471 1340 33313134)

247 1373 288 1452 (p.
306 1370 356 1443 37,
379 1369 517 1441 28-38,
543 1367 597 1446 10)
620 1367 658 1430 de
683 1367 774 1431 domo
797 1369 963 1449 interregis
987 1369 1106 1432 1333333
1122 1371 1330 1451 oppugnata²¹)
1355 1371 1472 1440 narrat,

248 1491 442 1553 quamquam
466 1472 529 1533 iam
552 1469 635 1545 iude,
670 1470 753 1551 quod
777 1473 1043 1553 oppugnationem
1067 1473 1191 1535 aedium
1215 1472 1341 1535 illarum
1363 1473 1473 1534 contra

247 1593 314 1637 rem
344 1574 503 1656 publicam
526 1573 643 1637 1333333
672 1591 741 1636 3333
770 1579 914 1638 senatum
938 1575 1112 1638 decrevisse
1141 1575 1275 1638 Asconio
1302 1575 1369 1655 ipsc
1392 1576 1472 1636 teste

247 1679 291 1760 (p.
308 1679 360 1749 39,
384 1677 482 1754 3-7)
505 1677 596 1739 ‘acta'
620 1676 853 1757 praebebant³),
878 1678 960 1741 hanc
983 1697 1049 1740 rem
1073 1678 1175 1758 ipsam
1196 1677 1296 1739 fusius
1319 1677 1349 1738 13
1372 1676 1470 1738 ‘actis'

247 1780 343 1844 131333
366 1780 500 1842 relatam
528 1778 667 1842 conicere
693 1797 880 1861 possumuS,
915 1783 1037 1854 tamen,
1065 1799 1136 1843 cum
1160 1779 1192 1842 13
1219 1779 1472 1842 commentatoris

248 1883 350 1946 verbis
374 1881 481 1957 insint,
516 1899 595 1963 quae
621 1882 659 1944 ab
684 1882 846 1945 ‘actorum’
870 1883 1019 1946 narrandi
1042 1883 1161 1946 ratione
1185 1885 1260 1944 sunt
1294 1881 1405 1954 aliena,
1437 1884 1473 1943 ut

250 1986 391 2066 graviora
414 1986 516 2048 solum
539 2002 694 2058 moneam,
719 1987 886 2047 ‘recentem
909 1985 1058 2048 insidiam
1074 1984 1200 2048 Milonis
1228 1983 1331 2047 fuisse*
1354 1987 1385 2046 et
1400 1982 1474 2047 Cor-

247 2089 366 2162 neliae,
389 2087 497 2169 Lepidi
521 2085 635 2162 uxoris,
667 2087 857 2150 ‘castitatem
880 2105 935 2168 pro
958 2087 1099 2169 exemplo
1123 2105 1190 2150 esse
1214 2086 1363 2149 habitam*
1388 2086 1472 2163 (Asc.

248 2211 277 2272 p.
295 2192 345 2264 37,
368 2191 419 2252 28.
443 2191 497 2262 29;
524 2191 574 2263 38,
599 2191 626 2250 5.
650 2188 690 2262 6),
719 2189 866 2252 13331333
897 2189 934 2252 de
959 2191 1019 2253 alio
1042 2194 1203 2272 praeterea
1225 2189 1311 2252 13333
1335 2189 1473 2270 cogitan-

248 2293 435 2373 (13333331).

335 2395 494 2469 Similiter,
523 2395 559 2470 si,
594 2413 673 2475 quae
696 2393 850 2476 interpres
878 2415 908 2478 p.
932 2398 982 2473 41,
1007 2397 1109 2457 7-11
1134 2395 1265 2478 praebet
1296 2393 1417 2457 ‘Pisone
1441 2396 1473 2456 33

249 2498 381 2562 Gabinio
413 2517 492 2562 3333.
516 2497 606 2579 pulso
634 2497 781 2560 Cicerone
815 2498 847 2560 13
882 2499 1026 2574 erilium,
1063 2518 1135 2562 curn
1164 2495 1219 2560 III.
1241 2494 1317 2560 Idus
1342 2495 1473 2560 Sextiles

247 2601 415 2682 Pompeius
438 2601 471 2662 13
495 2603 640 2664 senatum
664 2601 763 2676 venit,
798 2600 911 2664 dicitur
938 2620 1026 2665 servo
1049 2601 1083 2664 P.
1112 2601 1199 2665 Clodi
1221 2601 1286 2664 sica
1313 2598 1472 2672 excidisse,

249 2722 346 2783 eaque
371 2703 409 2766 ad
427 2703 597 2767 Gabinium
620 2703 782 2766 consulem
806 2703 911 2766 delata
928 2702 1049 2768 dictum
1067 2707 1116 2766 333
1137 2723 1225 2768 33333
1241 2705 1431 2785 imperatum
1455 2720 1474 2764 3

248 2805 282 2868 Ρ.
305 2804 422 2879 Clodio,
445 2808 481 2868 ut
504 2805 672 2887 Pompeius
696 2804 898 2868 occideretur.
944 2806 1114 2889 Pompeius
1138 2808 1247 2870 statim
1271 2807 1403 2868 donrum
1426 2823 1473 2866 re-

249 2905 314 2967 diit'
340 2925 411 2968 cum
435 2905 625 2980 Ciceronis⁶>
650 2910 720 2988 (pro
744 2905 809 2971 Mil.
837 2909 862 2981 7,
900 2910 948 2971 18.
975 2910 1029 2983 19;
1064 2910 1102 2973 (13
1130 2910 1196 2972 1333.
1227 2929 1307 2990 resp.
1335 2911 1385 2982 23,
1414 2907 1471 2979 49;

248 3027 302 3089 pro
318 3007 399 3072 Sosi.
417 3009 468 3084 32,
492 3009 547 3080 69;
569 3009 602 3070 13
624 3008 688 3071 Ρ13.
713 3011 762 3084 12,
786 3011 841 3086 28)
866 3013 1043 3076 narratione
1067 3031 1294 3094 comparamus
1324 3011 1472 3092 quoniam

249 3111 400 3174 Asconius
424 3116 545 3174 certum
569 3111 661 3186 diem,
685 3131 745 3191 quc
768 3111 845 3174 illud
870 3113 990 3176 factum
1015 3115 1065 3190 sit,
1093 3117 1237 3178 nominat
1260 3119 1353 3194 atque
1377 3113 1472 3176 etiam

247 3213 339 3294 plura
351 3233 446 3295 quam
456 3213 562 3278 Cicero
577 3213 715 3295 praebet,
727 3214 763 3275 de
780 3214 828 3276 his
841 3233 964 3296 quoque
979 3218 1072 3280 rebus
1089 3219 1188 3292 ‘aota',
1201 3216 1383 3298 praesertim
1399 3233 1471 3277 3333

248 3315 340 3397 paulo
363 3315 445 3380 infra
471 3321 513 3398 (p.
536 3319 586 3391 41,
612 3317 663 3392 13)
686 3334 829 3398 expresse
853 3318 1030 3394 laudentur,
1061 3319 1201 3383 adbibita
1224 3337 1291 3382 esse
1308 3316 1470 3400 probabile

248 3425 305 3480 est.
355 3423 397 3481 At
426 3439 461 3482 er
491 3420 545 3482 illo
572 3419 620 3482 die
643 3419 826 3500 Pompeium
856 3419 939 3483 dorni
969 3441 1001 3485 se
1030 3423 1165 3485 tenuisse
1196 3429 1238 3504 (p.
1262 3423 1313 3496 41,
1345 3422 1392 3480 11,
1418 3421 1468 3493 12)

247 3522 296 3583 vix
319 3521 351 3584 13
376 3522 475 3584 ‘actis'
500 3521 813 3604 333133331333131).

334 3624 498 3688 Postremo
514 3625 589 3705 quin
606 3624 720 3698 omnia,
745 3643 825 3705 quae
841 3626 976 3707 legimus
993 3629 1075 3710 apud
1099 3628 1267 3691 Ascanium
1292 3647 1320 3708 p.
1333 3627 1385 3697 45,
1409 3624 1470 3685 6-

248 3729 307 3800 46,
325 3729 360 3798 2;
384 3727 440 3802 47,
466 3727 606 3802 16-23;
636 3730 692 3801 48,
731 3729 749 3790 3
772 3746 872 3808 usque
895 3729 1051 3794 adfinem
1075 3732 1168 3794 huius
1192 3728 1408 3793 commentarii
1431 3728 1469 3790 ab

247 3831 345 3892 ‘arctis'
369 3829 432 3892 1333
461 3831 533 3892 33113
560 3829 712 3911 originem
738 3831 890 3906 duxerint,
909 3833 1053 3896 universa
1070 3834 1255 3896 narrationis
1281 3833 1383 3896 indole
1400 3850 1470 3895 exa-

247 3933 442 3995 minatanon
467 3931 660 3995 dubitamus.
706 3933 809 3997 Verba
833 3935 910 3997 haec
934 3939 1022 3996 sunt:

317 4090 336 4147 1ι
355 4085 499 4138 Praeterea
516 4082 550 4136 31.
569 4084 632 4137 Asc.
651 4101 677 4154 p.
696 4087 739 4151 29,
756 4086 832 4138 6-8.

316 4175 336 4235 1)
357 4169 448 4223 Etiam
468 4167 616 4224 scholiasta
634 4168 778 4222 Bobiensis
796 4169 863 4223 haec
882 4179 976 4224 narrat
994 4189 1019 4240 p.
1039 4173 1099 4238 281,
1117 4175 1210 4227 9-14.

314 4259 335 4319 ⁸)
354 4255 449 4310 Cicero
465 4255 534 4310 haec
552 4255 645 4326 tangit
662 4270 712 4324 pro
729 4254 788 4308 Mil.
807 4256 832 4320 5,
852 4257 892 4309 13.

315 4347 336 4404 4)
356 4342 436 4408 Quae
466 4341 615 4395 scholiasta
637 4339 780 4394 Bobiensis
805 4358 831 4410 p.
856 4343 920 4408 289,
947 4345 1076 4409 33-281,
1103 4347 1134 4397 14
1152 4343 1271 4409 exbibet,
1299 4360 1332 4396 es
1351 4343 1470 4396 Asconio

245 4428 306 4498 ipso
324 4427 436 4482 fluxisse
452 4425 593 4481 videntur:
611 4427 645 4480 31.
665 4425 928 4496 Kressling-Sonoell
947 4430 1030 4498 praef.
1050 4447 1076 4498 p.
1094 4429 1151 4482 XX
1171 4447 1198 4481 n.
1219 4432 1241 4482 1.

314 4517 336 4574 ⁶)
355 4513 499 4568 Praeterea
516 4511 550 4567 31.
569 4512 643 4566 Ρ131.
662 4512 708 4566 313.
728 4512 824 4581 Pomp.
843 4529 865 4565 e.
884 4515 925 4566 49.

315 4602 335 4661 ‘l
355 4599 388 4653 31.
408 4599 464 4654 Cic.
484 4615 533 4668 pro
546 4597 604 4651 Μ11.
622 4600 647 4664 7,
666 4599 707 4653 18.
727 4600 772 4662 19;
793 4599 922 4667 proSest
941 4599 984 4665 32,
1002 4601 1048 4664 69;
1067 4602 1108 4666 39,
1127 4601 1174 4664 84;
1194 4601 1267 4654 Plut.
1287 4600 1303 4652 1.
1323 4617 1359 4662 3.;
1378 4600 1469 4658 831331.

246 4683 313 4739 Bob.
333 4700 359 4754 p.
377 4685 437 4752 344,
455 4684 566 4737 21-211.
