3546 5236
230 602 429 665 conclamatio
454 617 494 662 ex
517 598 655 664 vetustis
679 596 845 663 codicibus
870 618 933 663 non
957 597 1077 680 legitur
1099 595 1163 662 uisi
1180 595 1214 661 iu
1229 596 1263 674 P,
1287 596 1343 679 qui
1366 595 1462 661 inter-

231 707 307 771 dum
331 724 402 771 eum
425 703 659 770 recentioribus
682 703 776 788 feeit,
801 712 833 770 et
857 703 1004 768 Pineisui
1028 701 1132 768 codex
1155 702 1219 786 ille,
1244 723 1315 767 eum
1340 699 1464 768 similes

231 813 388 879 leetioues
411 812 445 877 in
470 811 656 878 Coloniensi
680 819 712 877 et
735 810 861 877 duobus
881 809 1097 876 Leideusibus
1121 817 1240 892 extent,
1265 829 1305 875 ex
1328 807 1462 874 receuti·

231 939 322 985 orum
345 937 476 984 numero
499 917 627 983 videtur
650 917 759 984 fuisse.
806 925 919 983 eontra
942 920 1045 1001 alipta
1068 919 1256 982 conclamata
1275 925 1320 981 cet
1342 914 1464 980 habeut

231 1045 291 1110 pg
314 1027 430 1110 (aliqum
453 1027 639 1090 cmtclomoto
662 1045 684 1109 p
707 1025 812 1110 prims
836 1044 941 1107 manu,
966 1024 1005 1089 el.
1030 1021 1201 1088 Chatelain
1223 1042 1254 1107 p.
1276 1021 1353 1107 119)
1376 1020 1464 1085 le

231 1131 367 1216 Pr.b²²),
391 1133 533 1217 optimae
556 1138 653 1198 notae
677 1131 759 1196 libri.
797 1132 862 1196 ism
886 1130 983 1196 iaeile
1007 1137 1145 1215 apparet
1167 1132 1271 1214 aliquio
1292 1128 1346 1194 vel
1360 1130 1465 1212 aliquo

236 1247 340 1304 ortum
364 1259 438 1306 esse
463 1259 503 1304 ex
527 1237 718 1324 compendio
742 1239 833 1304 vocis
860 1239 1062 1322 aliquando
1091 1237 1176 1302 male
1204 1235 1368 1301 intellecto
1397 1236 1463 1316 (ali-

231 1353 292 1430 quo
315 1344 368 1412 vel
391 1349 506 1430 otipao)
535 1353 567 1412 et
595 1366 616 1410 a
644 1345 770 1412 Seneca
798 1347 1061 1410 conclamatam
1089 1352 1142 1408 est
1169 1343 1325 1428 seriptum
1353 1340 1464 1423 fuisse,

232 1452 318 1536 quod
346 1459 413 1518 tum
442 1451 579 1537 demum,
611 1472 683 1518 eom
710 1455 814 1537 aliqua
842 1452 996 1537 seriptum
1026 1457 1109 1536 erat,
1142 1451 1174 1515 in
1203 1451 1393 1515 cocwlmnuta
1420 1455 1465 1512 est

231 1567 388 1624 mutatum
412 1568 471 1626 est.
1050 1543 1051 1546 Ἴ

339 1686 392 1752 ep.
416 1686 503 1734 mor.
533 1665 634 1748 1113,
661 1670 716 1731 ll:
746 1667 820 1730 mibi
848 1668 946 1746 crocle,
977 1667 1084 1746 lucili,
1116 1665 1192 1728 adeo
1219 1684 1303 1729 mors
1331 1663 1464 1727 timorato

339 1795 402 1838 aaa
425 1781 478 1854 est,
502 1781 536 1836 at
559 1773 700 1855 baceficio
724 1775 789 1836 aas
811 1773 888 1836 nibil
910 1773 1102 1836 timendam
1124 1773 1182 1834 sit.

233 1897 281 1962 ita
294 1896 378 1962 haee
391 1894 512 1961 hubent
525 1916 547 1980 p
562 1895 599 1979 A,
623 1898 854 1980 anteferendum
880 1898 1045 1960 timendam
1068 1899 1108 1960 sit
1130 1893 1294 1958 PMWE.
1327 1897 1465 1979 apparet

232 2003 331 2087 igitur
362 2003 396 2068 in
429 2002 495 2068 illis
527 2022 640 2068 vocem
671 2005 915 2087 antefer-codam,
955 2022 1026 2067 oum
1064 2021 1126 2066 uon
1164 2000 1407 2083 intellegeretur
1444 2019 1464 2062 u

232 2109 383 2194 librariis,
407 2109 561 2176 omissam
585 2128 667 2175 esse.
714 2129 787 2174 nam
813 2108 899 2192 quod
923 2108 1253 2192 Schweighaeuserus
1276 2106 1361 2171 dixit
1382 2113 1464 2172 oute-

224 2219 392 2300 screndam
415 2217 577 2282 invectum
600 2236 674 2282 esse
698 2237 718 2281 a
742 2216 875 2281 librario
900 2216 1018 2300 aliquo,
1042 2217 1096 2299 qui
1120 2217 1262 2298 beneficio
1285 2233 1344 2298 pro
1369 2211 1463 2277 tertio

232 2343 310 2389 essu
341 2322 521 2406 habuisset,
544 2324 600 2388 vix
627 2322 840 2408 probabiliter
868 2323 1086 2406 excogitatum
1113 2320 1250 2388 videtur.
1296 2321 1406 2403 itaque
1429 2325 1465 2382 ut

230 2430 363 2516 Lipsius
382 2437 484 2516 putat,
508 2430 651 2513 genuine
671 2431 767 2496 lectio
786 2432 819 2495 in
839 2430 937 2496 verbo
957 2431 1189 2514 anteferendum
1208 2428 1310 2494 latere
1328 2426 1464 2508 videtur,

233 2536 292 2603 sed
316 2537 469 2624 displicet
493 2537 526 2602 in
551 2537 621 2604 eius
644 2538 775 2604 invento
799 2561 819 2602 a
843 2546 870 2602 le
895 2540 1059 2602 secondom
1083 2539 1286 2602 ticaeudttmce
1304 2538 1353 2615 cit,
1378 2529 1465 2616 quod

232 2645 331 2710 verba
364 2665 427 2709 nou
461 2643 650 2711 necessaria
682 2667 702 2710 a
734 2654 832 2709 te-
865 2651 1012 2730 praestet
1045 2645 1099 2708 tibi
1126 2681 1169 2688 —
1198 2651 1230 2708 et
1263 2643 1466 2707 timcadomoo

231 2751 423 2817 adiciuntur.
470 2759 643 2835 praeterea
674 2751 835 2837 particula
858 2773 892 2815 oe
915 2770 955 2816 ex
977 2750 1208 2816 vetustioribus
1232 2749 1323 2814 libris
1347 2747 1409 2813 nisi
1433 2746 1465 2810 in

231 2857 309 2923 Pub
324 2858 368 2923 112
390 2877 454 2923 nou
469 2859 638 2923 invenitur.
663 2877 763 2940 quare
782 2877 854 2924 cum
872 2861 1115 2942 anteferendam,
1141 2857 1218 2940 quis
1232 2855 1464 2922 sententiarum

231 2963 327 3029 nexui
350 2984 414 3029 nou
439 2965 597 3046 convenit,
625 2965 756 3030 retineri
781 2972 931 3047 nequest,
955 2964 1041 3029 malo
1067 2966 1242 3046 timendum,
1271 2960 1358 3046 quod
1380 2961 1415 3026 in
1438 2961 1465 3024 P

232 3077 427 3155 expunctum
452 3077 510 3154 est,
534 3069 703 3136 secludere
727 3079 759 3136 st
782 3080 870 3136 oate
893 3071 927 3156 (i.
951 3091 978 3136 e.
1002 3077 1078 3137 aute
1101 3075 1248 3148 mortem)
1274 3070 1465 3134 oereudom

231 3179 271 3241 sit
294 3175 445 3246 seribere.
492 3196 522 3246 v.
548 3197 597 3262 ep.
619 3197 697 3243 mor.
722 3178 753 3242 ll
776 3181 805 3262 2,
832 3180 874 3244 10
897 3186 929 3245 et
952 3177 1072 3243 Phoen.
1095 3175 1220 3262 49222).

340 3303 395 3368 ep.
420 3303 508 3350 mor.
538 3283 639 3367 1115,
663 3287 698 3350 8:
727 3287 866 3350 dmiuere
887 3289 951 3349 iam
973 3285 1107 3350 colebam
1131 3292 1159 3349 et
1180 3305 1290 3349 monus
1313 3284 1465 3367 spectabat

338 3393 380 3456 ad
407 3393 587 3472 abaciam,
615 3393 671 3456 aad
697 3393 885 3474 coofiaecdo
912 3401 985 3458 scmt
1006 3390 1145 3469 sacro²⁴)
1175 3400 1204 3456 ct
1225 3393 1294 3456 luccio
1318 3393 1467 3477 epistolae

339 3501 482 3563 viatim-m
505 3499 641 3563 dandum
664 3506 717 3563 ost.
759 3507 839 3584 poto
866 3521 915 3564 mc
941 3519 1005 3564 non
1032 3500 1147 3564 dicere:
1178 3500 1260 3562 uude
1286 3505 1466 3580 sumptorum

323 3630 359 3698 ¹²)
377 3631 412 3686 de
430 3635 453 3686 A
473 3649 499 3686 v.
519 3649 603 3702 supra
620 3650 647 3701 p.
667 3633 702 3686 56
722 3633 784 3688 adn.
804 3635 847 3687 45.

323 3717 358 3785 ¹³)
377 3719 463 3775 simili
486 3721 566 3776 modo
589 3721 775 3776 emendandus
798 3725 840 3776 est
864 3721 910 3776 bie
939 3721 1052 3792 Apuleii
1080 3721 1154 3776 loeus
1183 3722 1308 3786 (metum.
1328 3721 1381 3775 VII
1408 3721 1464 3787 lbi:

231 3813 277 3864 ccci
299 3813 434 3880 occipiens
456 3830 474 3865 o
496 3813 595 3882 capite,
617 3815 698 3867 imma
720 3828 782 3867 ocra
804 3821 829 3865 ct
852 3815 922 3880 ipsit
940 3813 1066 3878 auribus,
1088 3820 1173 3866 totum
1196 3828 1237 3865 ms
1259 3811 1465 3880 compilabat

1285 3903 1351 3954 cidit

231 3973 315 4024 cidit
338 3968 388 4036 (sic
408 3969 439 4036 F)
463 3972 532 4036 fusti
553 3975 749 4040 prandissimo.
787 3971 918 4041 seriptum
944 3975 1004 4026 erat
1028 3970 1058 4025 in
1081 3971 1245 4040 archetypo:
1270 3971 1389 4041 ipilabat
1413 3971 1463 4035 ita,

231 4064 263 4112 ut
286 4062 400 4114 concidit
423 4089 449 4097 -
473 4059 512 4115 sio
535 4061 608 4115 onim
632 4061 780 4131 legendum
804 4089 834 4102 -
862 4059 1012 4130 explicatio
1039 4059 1117 4115 verbi
1144 4059 1274 4115 inusitati
1302 4063 1465 4131 compilabat

230 4151 309 4202 esset
346 4147 380 4203 ci.
405 4149 518 4204 Lucisn.
541 4149 605 4205 Luc.
628 4150 673 4205 vel
696 4151 765 4205 ssia.
789 4151 836 4206 30:
865 4149 995 4202 ουνέιωιιτὲ
1017 4166 1048 4218 με
1066 4153 1102 4218 τῷ
1120 4145 1196 4218 ξύλῳ.
1233 4149 1351 4219 simplex
1369 4153 1463 4204 autem

232 4237 344 4291 verbum
363 4240 471 4307 pilabat
495 4239 580 4294 etism
606 4239 680 4309 apud
698 4239 859 4296 Petronium
882 4241 916 4294 44
941 4237 977 4310 (p.
997 4241 1040 4304 49,
1061 4243 1077 4292 5
1101 4238 1143 4294 ed.
1162 4239 1228 4293 mai.
1248 4238 1360 4305 Bueeh.)
1380 4240 1461 4294 iuter·

231 4326 381 4396 peistiouis
400 4343 496 4382 ansam
515 4328 602 4383 dedit.

323 4414 359 4483 ²⁴)
376 4420 486 4471 mutare
503 4435 559 4472 uon
577 4417 644 4473 lieet
663 4418 735 4472 haue
753 4435 847 4473 vocem
866 4435 928 4473 eum
947 4417 1089 4488 Madvigio
1108 4417 1145 4478 (ll
1164 4418 1228 4476 472)
1246 4417 1276 4472 iu
1294 4435 1367 4472 acra.
1405 4435 1464 4474 mos

231 4503 306 4558 enim
334 4509 394 4560 erat
421 4503 553 4572 Senecae,
583 4510 615 4562 ut
638 4507 788 4576 unicuique
812 4505 948 4576 epistulae
972 4507 1007 4561 ud
1031 4505 1168 4561 Lucilium
1191 4506 1274 4562 datae
1297 4507 1465 4563 sententium

230 4594 357 4662 aliquam
379 4593 553 4664 adiungeret.
590 4596 687 4664 itaque
709 4614 791 4651 sacra
814 4596 930 4651 eandem
954 4596 1009 4650 vim
1035 4595 1081 4650 bie
1107 4597 1193 4651 habet
1211 4601 1296 4665 astque
1314 4599 1463 4654 scllmnia.

231 4683 264 4738 ci.
277 4684 317 4738 Ill
333 4687 352 4748 l,
365 4685 413 4738 13:
432 4687 587 4740 resolvenda
602 4695 640 4740 cst
660 4686 812 4756 (epistula),
832 4695 861 4741 ut
879 4704 938 4740 acm
958 4687 1080 4741 sollemni
1098 4690 1135 4741 acl
1153 4696 1178 4741 ts
1196 4689 1353 4762 munmculo
1367 4689 1464 4743 ueniat.
