3546 5236
785 428 846 492 139

195 640 260 688 non
283 627 362 706 puto
386 619 451 686 diei
473 640 573 706 posse
595 628 691 709 eaput
712 625 802 708 ferre
824 642 884 708 pro
899 641 938 688 eo
954 620 1041 706 qnod
1056 628 1108 688 est
1121 633 1217 710 eaput
1225 625 1427 710 praecidere.

195 735 232 794 ut
263 733 386 814 entem,
418 727 506 811 qnod
536 727 607 794 fieri
643 728 698 794 vix
732 748 832 814 posse
863 727 970 814 eredo,
1005 748 1139 814 prorsus
1176 727 1296 795 similia
1327 727 1422 793 huius

196 853 275 902 usus
301 835 458 920 exempla
488 833 705 920 proferantur,
737 837 879 921 pessime
910 836 1008 902 verbo
1042 835 1182 922 simplici
1213 835 1425 921 eompositnm

196 945 355 1010 reddidit·
372 941 552 1027 opponitur.
598 941 659 1008 sed
686 941 772 1008 viem
800 943 868 1009 veri
895 941 1080 1011 inveniendi
1108 943 1248 1028 optimus
1276 940 1379 1008 sodex
1402 939 1427 1006 S

194 1053 362 1115 monstrat
408 1049 463 1132 qui
491 1068 561 1114 oum
593 1048 786 1114 vocabulum
816 1060 913 1138 eaput
940 1049 1001 1116 hoe
1029 1048 1235 1136 compendio:
1267 1038 1342 1138 sept
1372 1069 1425 1114 ex·

196 1161 324 1220 aratum
354 1154 484 1241 lrabeat,
516 1154 595 1239 qnid
622 1155 752 1223 faeilius
779 1163 856 1223 ante
887 1159 962 1224 tulit
994 1154 1145 1224 excidere
1173 1163 1302 1242 poterat
1330 1174 1426 1239 qnam

195 1261 397 1350 praepositio
420 1263 517 1351 ope?
547 1263 722 1348 scripserat
749 1264 848 1347 igitur
877 1263 1016 1332 Seneca:
1045 1287 1161 1332 nornen
1189 1267 1241 1330 illi
1268 1265 1428 1346 reddidit,

196 1380 310 1458 eaput
333 1371 509 1458 apstulit.

358 1705 405 1774 de
432 1713 550 1774 tonet
578 1706 688 1793 ssp.⁶)
718 1710 748 1792 9,
779 1712 811 1774 l:
845 1711 984 1778 aliorum
1015 1712 1160 1776 omnium
1187 1731 1252 1776 uon
1279 1707 1429 1792 consilia,

357 1819 415 1883 sed
444 1818 582 1901 fraudes
614 1825 644 1883 et
675 1819 819 1883 insidiae
851 1826 880 1883 et
913 1825 1016 1884 molus
1048 1819 1235 1883 animorum
1267 1818 1428 1883 inconditi
1497 1824 1499 1828 ‘

358 1932 445 2006 sunt,
476 1945 556 2012 quos
588 1923 716 1989 casibus
748 1921 907 2007 (sapiens)
939 1926 1144 1990 adnumerat.
1198 1944 1290 1990 omne
1321 1931 1429 1989 eutem

357 2030 535 2113 fortuitum
557 2033 660 2096 eirea
684 2052 743 2097 nos
766 2033 868 2097 saevit
892 2040 924 2097 et
947 2029 987 2098 in
1009 2033 1119 2097 uitia.

200 2169 272 2217 enm
299 2151 439 2238 probare
469 2151 601 2219 studeat
632 2152 759 2220 Seneea
790 2152 972 2239 sapientem
999 2151 1150 2219 iniuriam
1178 2172 1242 2218 non
1269 2153 1429 2239 aeeipere,

198 2256 314 2324 ultima
344 2259 445 2327 verba
476 2279 558 2327 sana
590 2279 664 2327 esse
692 2265 862 2345 nequeunt.
908 2279 1102 2344 quemqnam
1130 2260 1215 2326 enim
1243 2266 1329 2328 eirea
1357 2281 1429 2326 enm

199 2363 356 2432 Pineiano
387 2367 422 2431 in
447 2373 544 2452 eitra,
575 2369 848 2455 praepositionem
880 2365 970 2454 spud
1002 2365 1161 2434 Seneoam
1193 2367 1429 2450 creberrimam,

198 2479 324 2539 mutare
351 2492 416 2539 non
442 2473 520 2540 lieet
546 2473 592 2562 (v.
616 2474 660 2542 ad
682 2475 780 2540 Mero.
804 2477 833 2558 9,
857 2477 901 2558 3),
929 2475 963 2540 in
990 2473 1146 2562 proximis
1173 2473 1282 2540 verbis
1304 2473 1370 2540 his:
1399 2483 1428 2541 et

199 2584 323 2648 inuitis
344 2579 408 2668 (sio
421 2580 490 2660 ΑΡ)
512 2581 626 2648 vitium
648 2581 758 2649 inesse
780 2580 987 2648 manifestum
1011 2586 1071 2650 est.
1108 2581 1186 2646 mihi
1209 2581 1242 2646 in
1266 2581 1308 2646 iis
1330 2599 1429 2648 voees

199 2697 233 2756 et
252 2691 439 2768 <siue>
464 2693 618 2756 iniuria
641 2688 744 2755 latere
767 2687 924 2755 videntur.
961 2687 1003 2755 de
1022 2707 1057 2754 re
1074 2707 1104 2754 v.
1123 2687 1208 2754 huno
1229 2688 1335 2774 ipsum
1360 2687 1429 2753 ‹lia-

200 2793 311 2880 lognm
334 2797 363 2880 8,
388 2798 408 2861 2
432 2815 498 2880 sq.3
525 2798 574 2882 16,
599 2802 634 2880 23
662 2794 704 2862 de
727 2794 833 2863 benef.
858 2794 965 2880 1135,
989 2797 1025 2880 23
1054 2795 1138 2860 alios
1161 2792 1260 2862 loeos.

308 2918 355 2985 de
381 2919 440 2984 ira
467 2919 706 3006 120,6rqq.:
738 2943 794 2988 nee
820 2931 877 3004 est,
896 2923 995 3008 'quod
1022 2925 1186 2988 existimes
1215 2943 1325 2988 uuum
1352 2944 1430 3004 esse,

308 3031 395 3116 quod
417 3031 508 3116 opud
531 3032 785 3097 disertissimum
807 3033 915 3094 uirum
936 3028 970 3092 Τ.
988 3027 1118 3094 [tioium
1141 3031 1274 3112 dieitur,
1295 3023 1358 3096 ‘eir
1381 3033 1431 3095 in·

306 3138 398 3220 yeuii
419 3137 532 3222 mopui
553 3140 660 3224 moqis
682 3157 779 3224 quum
802 3129 900 3202 boni’.
939 3157 1005 3201 nou
1022 3139 1129 3220 polest
1153 3136 1242 3202 istud
1264 3140 1431 3217 seperari:

309 3249 367 3308 nui
397 3251 427 3310 et
458 3242 576 3310 bonum
607 3247 670 3310 erit
700 3251 758 3310 aut
785 3264 841 3309 nee
867 3262 1030 3327 mannum,
1062 3244 1141 3328 quia
1174 3245 1431 3327 monuitudr'nem

309 3352 415 3414 animi
437 3352 659 3416 inconcussam
682 3350 829 3436 intelleyo
853 3357 882 3414 et
905 3351 1069 3414 introrsus
1091 3349 1231 3414 solidam
1255 3358 1284 3415 et
1307 3349 1346 3414 ab
1365 3352 1431 3416 imo

308 3477 422 3541 parem
442 3455 650 3544 firmumque,
677 3458 785 3543 qualis
807 3459 913 3522 inesse
936 3455 1031 3522 molis
1056 3457 1198 3540 inqeniie
1225 3477 1290 3522 nou
1313 3466 1429 3541 potest.

309 3562 469 3628 terribilia
509 3565 594 3630 enim
635 3585 701 3630 esse
742 3571 770 3630 et
811 3561 1009 3628 tumultuoso
1045 3565 1073 3626 et
1109 3564 1249 3628 exitioso
1280 3573 1432 3648 possunt,

301 3671 568 3756 ,mupnitrsdinem
590 3672 730 3758 quidem,
753 3671 847 3736 euius
868 3669 1107 3753 firneomentum
1125 3669 1285 3756 roburque
1304 3669 1433 3737 bonitus

308 3898 330 3969 ³)
352 3917 457 3970 magna
479 3899 554 3956 inter
575 3900 650 3956 hune
671 3899 815 3970 dialogum
838 3903 867 3956 et
890 3899 919 3955 O.
938 3898 1058 3954 Musunii
1076 3899 1139 3954 ttun
1161 3898 1262 3954 librum
1285 3899 1307 3950 el
1329 3900 1433 3971 γραφὴν

202 3986 297 4060 ippone
315 3988 438 4060 γράψιται
454 3990 510 4042 τινὰ
527 3987 542 4041 ὁ
559 3985 704 4060 φιλόσοφος,
723 4006 756 4045 ex
773 4007 828 4058 qno
846 3988 983 4060 quaedem
996 3989 1027 4044 in
1040 3987 1153 4044 Stobsei
1170 3988 1305 4058 florilegio
1323 3995 1434 4046 servata

202 4082 276 4145 sunt,
300 4078 454 4134 similitudo
475 4079 632 4146 intmeedil,
655 4079 710 4136 nisi
732 4079 807 4150 qnod
824 4097 874 4150 pro
891 4077 1055 4150 philosopho
1072 4077 1192 4133 Musonii
1210 4078 1314 4134 Senem
1330 4078 1434 4149 ubique

203 4167 336 4224 Catonem
358 4169 452 4225 habet.
489 4168 523 4225 de
544 4172 631 4225 sonet.
652 4170 712 4236 1,s
734 4169 804 4225 haee
830 4171 941 4224 extant:
967 4171 1039 4239 quod
1056 4196 1076 4207 -
1094 4195 1114 4207 -
1134 4196 1154 4206 -
1172 4167 1263 4236 (Cato)
1285 4185 1361 4224 roera
1382 4171 1433 4224 in·

198 4259 303 4326 prodor
325 4266 349 4312 et
372 4267 454 4327 sputa
476 4266 502 4314 et
519 4261 609 4314 omnir
631 4259 705 4314 alins
727 4261 845 4314 imanes
866 4260 1050 4313 multitudinis
1073 4259 1248 4313 contumelias
1269 4259 1434 4328 pedatiam,

203 4346 278 4417 apud
296 4345 446 4404 Stobsem
463 4347 542 4402 florii.
557 4347 621 4402 XIX
632 4347 679 4402 16:
697 4343 716 4398 ἃ
733 4347 784 4418 γὰρ
801 4345 939 4417 redeunte&
956 4363 1020 4408 τινας
1037 4344 1184 4416 oppidulo:
1201 4342 1323 4407 δοκοῦσιν,
1341 4343 1435 4398 τούτων

202 4431 273 4487 οὐδὲν
295 4428 358 4488 elsae
381 4434 449 4508 ὓβριν
472 4434 493 4508 ἢ
516 4433 641 4509 αἰσχύνην
663 4441 716 4498 τοῖς
738 4435 882 4506 πάσχουσιν.
919 4427 971 4488 οἷον
998 4433 1186 4508 tantopere-‘pu
1207 4432 1228 4506 ἢ
1254 4432 1387 4507 πληγῆναι
1413 4433 1435 4507 ἢ

203 4522 387 4598 luminum,
411 4518 446 4578 ὧν
463 4525 492 4578 τὸ
511 4522 690 4597 χαλεπώτατον
707 4523 806 4597 πληγαί
829 4522 940 4596 (πληγὴ,
963 4525 1037 4594 quod
1059 4525 1158 4590 editur,
1181 4525 1221 4580 sie
1243 4525 1434 4596 corrigendum

202 4631 262 4671 esse
279 4619 396 4686 apparet
413 4633 447 4672 ex
465 4615 500 4670 iis
518 4633 590 4685 qnae
608 4615 780 4684 sequnntur).
812 4617 934 4670 osterum
953 4617 1070 4685 apparet
1085 4613 1216 4670 Sensum
1234 4617 1264 4670 et
1277 4615 1434 4670 Musonium

202 4703 299 4760 eodm
317 4707 428 4761 suamne
446 4722 509 4761 usos
527 4721 592 4761 esse.
