3568 5238
425 657 536 722 Nescio
564 661 679 732 tamen,
715 659 798 722 unde
833 661 1030 730 concluserit¹
1049 660 1245 725 Geumitzius
1280 661 1464 744 Pompeium
1496 662 1561 725 iam

339 760 387 823 dis
409 758 523 822 XXVI.
552 760 670 824 mensis
698 761 787 826 Febr.
818 762 850 826 in
878 767 989 826 senatu
1019 764 1056 826 de
1084 763 1206 844 legibus
1236 763 1371 826 ferendis
1401 764 1561 828 rettulisse

339 866 371 926 et
393 867 517 945 postero
540 863 669 927 demum
692 863 741 926 die
765 864 856 946 (prid.
879 865 951 928 Kal.
975 865 1081 946 Mart.)
1112 865 1143 929 S.
1168 865 1201 928 C.
1225 867 1459 947 promulgatum
1481 885 1559 931 esse.

338 965 450 1029 Nonne
474 983 510 1028 ex
525 968 651 1029 Asconii
663 971 704 1049 tp.
722 968 771 1042 31,
790 969 829 1030 19
843 969 928 1036 -24)
942 969 1044 1030 verbis
1060 967 1272 1048 colligendum
1294 971 1343 1031 est
1365 987 1427 1032 uno
1439 970 1562 1033 eodem·

339 1085 399 1149 quc
424 1069 472 1131 die
495 1069 580 1149 leges
604 1089 622 1132 a
645 1068 793 1152 Pompeio
817 1073 849 1133 et
871 1071 988 1134 relatas
1011 1073 1042 1133 et
1064 1071 1282 1152 promulgatas
1306 1073 1395 1134 esse?

424 1171 534 1252 Neque
563 1171 621 1234 hoc
651 1173 779 1236 omnino
806 1171 872 1235 fieri
901 1174 1039 1254 potuisse
1069 1174 1237 1254 quisquam
1260 1174 1398 1254 negabit,
1426 1194 1498 1250 nec,
1533 1177 1560 1238 si

338 1273 548 1355 promulgatio
578 1277 729 1355 sequente
753 1274 881 1338 demum
910 1275 959 1338 die
986 1274 1071 1338 facta
1100 1277 1200 1347 esset,
1233 1276 1290 1338 hoc
1318 1275 1462 1358 scriptor,
1497 1297 1560 1358 qua

339 1376 442 1440 estin
467 1377 515 1439 bis
538 1378 632 1440 rebus
656 1377 838 1440 enarrandis
862 1378 1034 1458 diligentia,
1059 1379 1224 1442 omisisset.

422 1479 536 1560 Itaque
568 1498 640 1542 oum
670 1481 822 1544 Asconius
856 1480 955 1562 pridie
985 1481 1054 1544 Kal.
1084 1479 1175 1544 Mart.
1210 1481 1339 1545 tertium
1374 1501 1442 1546 esse
1476 1483 1559 1545 diem

338 1582 421 1646 dicat
435 1586 509 1664 post
524 1583 723 1645 consulatum
739 1583 852 1646 initum
869 1582 918 1662 (V.
936 1583 1007 1646 Kal.
1024 1581 1136 1662 Mart),
1153 1583 1198 1646 ita
1213 1585 1371 1648 calculum
1386 1585 1500 1666 posuit,
1523 1589 1560 1647 ut

336 1704 412 1759 non,
437 1684 489 1766 qui
511 1684 543 1748 in
559 1685 742 1748 universum
757 1687 971 1749 Romanorum
986 1706 1055 1750 mos
1072 1690 1148 1757 erat,
1173 1689 1343 1768 utrumque
1368 1689 1557 1750 numerandi

137 1787 139 1790 ’
224 1814 227 1818 ·
338 1787 508 1850 terminum
532 1787 713 1862 includeret,
736 1788 799 1863 sed,
821 1807 881 1869 quo
902 1789 993 1852 modo
1016 1792 1173 1852 nostrates
1196 1789 1325 1864 iaciunt,
1349 1790 1484 1853 alterum
1506 1809 1560 1853 cx·

337 1890 487 1954 eluderet.

423 1991 513 2070 Quod
534 1997 640 2056 autem
663 2013 763 2076 nuper
790 1995 856 2076 ipse
878 1995 1015 2058 Johnius
1029 1999 1061 2072 ¹),
1085 2013 1158 2058 cum
1185 1997 1217 2056 in
1242 1994 1431 2058 Scaurianae
1462 2013 1557 2075 argu-

336 2097 444 2158 mento
467 2095 625 2160 Ciceronis
648 2097 800 2160 memoria
822 2098 966 2178 neglecta
989 2116 1016 2160 a.
1041 2097 1069 2160 d.
1085 2097 1140 2159 IV.
1157 2097 1237 2160 Non.
1255 2096 1361 2175 Quint.
1384 2101 1416 2161 et
1438 2099 1481 2179 (p.
1506 2099 1557 2172 17,

338 2201 369 2276 2)
385 2199 484 2280 pridie
500 2199 579 2262 Non.
596 2199 703 2277 Quint.
727 2200 855 2281 legeret,
878 2200 966 2263 illam
989 2200 1177 2264 numerandi
1200 2199 1353 2263 rationem
1369 2201 1558 2264 scholiastae

338 2301 375 2364 de
404 2302 513 2365 diebus
540 2302 571 2364 in
601 2302 829 2365 dubitationem
858 2304 996 2376 vocavit,
1030 2303 1108 2366 haec
1131 2303 1299 2377 dubitatio,
1334 2303 1481 2383 quoniam
1507 2303 1557 2378 iis,

338 2423 418 2484 quae
443 2403 479 2467 de
503 2404 565 2467 illis
588 2405 666 2467 locis
690 2405 825 2487 exposui,
849 2406 1099 2469 testimoniorum
1117 2409 1288 2470 concentus
1305 2405 1394 2468 facile
1411 2405 1556 2473 efficitur.

338 2507 463 2569 sublata
488 2525 556 2570 esse
579 2507 656 2570 mibi
680 2509 812 2571 videtur.

423 2609 489 2672 Nec
511 2609 615 2672 minus
639 2610 676 2674 ad
701 2612 789 2675 ‘acta'
813 2612 914 2675 redire
938 2613 1013 2693 puto
1037 2611 1154 2686 omnia,
1192 2629 1272 2691 quae
1294 2611 1429 2692 legimus
1454 2631 1482 2693 p.
1507 2613 1558 2688 24,

338 2712 475 2786 24-25‚
503 2713 554 2788 22,
589 2715 726 2796 exceptis
754 2714 802 2788 iis,
837 2732 927 2794 quae,
951 2715 1098 2794 quoniam
1136 2714 1175 2777 ab
1209 2714 1370 2777 ‘actorum‘
1405 2713 1558 2778 referendi

337 2833 450 2895 genere
494 2817 676 2890 abhorrent,
716 2817 804 2880 uncis
813 2821 837 2895 ⁹)
870 2816 983 2880 inclusi
1025 2816 1176 2879 rotundis.
1235 2817 1387 2880 Asconius
1429 2817 1559 2898 praebet

338 2918 431 2980 haec:
455 2918 689 2982 ‘Laudaverunt
712 2920 865 2984 Scaurum
890 2920 1069 2983 consulares
1094 2939 1223 2994 novem,
1255 2919 1289 2981 L.
1313 2919 1395 2993 Piso,
1426 2919 1460 2981 L.
1484 2918 1559 2982 Vol-

338 3021 447 3094 catius,
478 3019 514 3098 Ω.
538 3023 687 3086 Metellus
711 3023 824 3105 Nepos,
854 3021 893 3084 M.
917 3021 1091 3104 Perpenna,
1115 3021 1149 3084 L.
1172 3021 1344 3105 Philippus,
1373 3021 1415 3084 M.
1439 3021 1557 3091 Cicero.

337 3120 374 3199 Q.
411 3122 617 3199 Hortensius
670 3126 704 3188 P.
737 3125 886 3190 Servilius
924 3123 1083 3188 isauricus
1120 3129 1221 3206 pater,
1285 3125 1341 3190 Cn.
1384 3123 1555 3206 Pompeius

338 3223 482 3306 Magnus.
552 3228 672 3292 Horum
721 3247 836 3309 magna
879 3246 953 3310 pars
984 3247 1040 3311 per
1076 3228 1210 3291 tabellas
1243 3228 1451 3291 laudaverunt
1484 3227 1560 3307 quia

338 3330 482 3392 aberant:
533 3332 614 3394 inter
657 3351 734 3412 quos
769 3332 936 3414 Pompeius
980 3349 1119 3412 quoque;
1161 3335 1249 3408 (nam
1280 3331 1362 3411 quod
1402 3334 1471 3393 erat
1502 3348 1559 3411 pro

338 3451 398 3495 cos.
423 3436 510 3496 entra
532 3436 643 3498 urbem
665 3436 867 3514 morabatur.)
905 3433 996 3498 Unus
1019 3436 1179 3515 praeterea
1202 3433 1385 3497 adulescens
1408 3431 1558 3504 laudavit,

337 3534 434 3598 irater
457 3537 534 3611 eius,
557 3538 693 3602 Faustus
710 3537 870 3602 Cornelius
888 3536 993 3619 Syllae
1015 3536 1109 3599 filius.
1148 3534 1194 3616 (Is
1209 3539 1240 3598 in
1258 3536 1438 3600 laudatione
1454 3534 1557 3598 multa

339 3637 499 3702 humiliter
525 3643 557 3703 et
584 3659 656 3704 cum
679 3641 816 3704 lacrimis
838 3641 962 3703 locutus
990 3658 1051 3704 non
1080 3641 1184 3702 minus
1214 3638 1377 3702 audientes
1405 3639 1558 3720 permovit

338 3759 433 3820 quam
462 3740 598 3806 Scaurus
626 3744 692 3825 ipse
723 3747 942 3826 permoverat.)
993 3743 1041 3806 nd
1072 3761 1176 3823 genua
1203 3742 1360 3816 iudicum,
1392 3759 1464 3805 cum
1487 3759 1560 3802 sen·

337 3843 454 3906 tentiae
479 3844 643 3922 ferrentur,
667 3845 812 3909 bifarium
836 3864 868 3910 se
893 3847 1074 3922 diviserunt,
1105 3845 1158 3926 qui
1180 3864 1234 3926 prc
1258 3863 1293 3908 eo
1317 3843 1482 3924 rogabant:
1517 3843 1558 3905 ab

338 3963 400 4008 unc
423 3945 520 4010 latere
545 3947 681 4011 Scaurus
714 3950 779 4030 ipse
814 3952 846 4011 et
868 3950 920 4011 M.'
945 3948 1088 4022 Glabrio,
1121 3949 1232 4011 sororis
1254 3947 1356 4020 filius,
1385 3948 1417 4008 et
1438 3945 1558 4008 Paulus

338 4050 369 4110 et
390 4047 426 4110 P.
443 4049 637 4128 Lentulns3),
660 4052 786 4116 Lentuli
803 4052 892 4132 Nigri
914 4051 1050 4115 flaminis
1073 4050 1166 4126 filins,
1190 4053 1222 4113 et
1244 4050 1278 4113 L.
1295 4049 1446 4113 Aemilius
1469 4048 1560 4110 Buca

410 4185 429 4253 ¹)
449 4185 549 4240 Philol.
568 4185 740 4239 Rundsehau
761 4183 777 4238 l.
797 4202 819 4238 c.
839 4203 864 4255 p.
884 4186 972 4242 1297-
989 4187 1066 4240 1299.

407 4273 427 4340 l)
447 4271 539 4325 ladem
563 4271 592 4324 in
615 4271 668 4324 hac
688 4269 883 4340 disputationis
903 4279 981 4341 parte
997 4277 1068 4336 utar,
1088 4271 1136 4324 ubi
1156 4269 1307 4324 Ascanium
1324 4269 1359 4322 ad
1378 4267 1491 4321 verbum
1510 4267 1559 4320 de-

338 4357 450 4424 sribam,
468 4357 604 4410 nonnulla
621 4361 724 4422 autem,
741 4357 798 4410 sive
816 4363 926 4426 propter
949 4357 1079 4410 narrandi
1097 4355 1216 4410 colorem
1234 4357 1291 4409 sive
1308 4354 1382 4424 qnod
1400 4353 1449 4406 illa
1467 4359 1560 4407 aetate

337 4443 467 4497 omnibus
485 4450 564 4497 erant
581 4449 656 4508 nota,
674 4441 734 4496 aliis
753 4442 876 4497 fontibus
895 4441 1033 4497 reddenda
1050 4440 1224 4495 videbuntur.

406 4531 427 4592 ³)
447 4529 551 4584 Omnes
569 4527 674 4582 codices
692 4529 835 4599 praebent:
853 4529 893 4582 ‘P.
909 4527 1059 4581 Lentulus'.
1096 4525 1157 4581 Iam
1175 4527 1319 4581 Manutius
1337 4531 1365 4580 et
1382 4523 1494 4578 Beierus
1512 4525 1558 4587 (cf.

338 4614 395 4669 Cic.
414 4615 456 4668 ed.
470 4615 517 4670 Or.
536 4616 565 4668 V
582 4616 599 4668 2
617 4632 644 4685 p.
662 4615 696 4670 29
714 4632 741 4668 n.
760 4615 796 4682 5),
815 4630 883 4684 quos
902 4613 1002 4667 Hcelzl
1021 4613 1048 4678 (l.
1067 4629 1090 4666 c.
1109 4630 1136 4683 p.
1149 4615 1194 4681 sl)
1212 4613 1344 4682 sequitur,
1361 4609 1558 4665 ‘Lucullus'

337 4701 538 4755 restituendum
562 4718 621 4755 esse
643 4700 855 4766 intellexerunt,
879 4717 911 4754 ea
934 4699 1118 4770 respicientes,
1140 4715 1211 4768 quae
1238 4697 1333 4753 Cicero
1360 4697 1389 4750 in
1412 4697 1492 4767 epist.
1522 4695 1559 4750 ad
