3560 5242
880 408 1088 505 ,ἑὲ--

417 632 454 695 de
475 649 552 696 rem.
575 632 644 698 fort.
663 635 691 708 5,
709 634 773 695 l.2
798 631 836 697 Si
858 630 960 695 nihil
1049 631 1133 705 11,4
1156 629 1246 710 quasi
1269 645 1331 692 non
1354 645 1445 692 omne
1469 645 1590 709 corpus,

375 733 511 810 sentio,
535 753 599 798 non
620 735 758 818 pertinet
778 734 818 798 ad
833 753 883 798 me
898 734 961 798 iac
1005 733 1063 797 etsi
1086 731 1223 796 fiammis
1239 731 1457 804 subtrahatur,
1479 729 1590 792 annis

374 840 448 899 tura
474 838 609 919 corporis
636 837 800 920 insepulti:
829 837 859 900 si
883 853 961 900 sen·
1004 838 1133 898 tamen
1156 837 1192 897 et
1215 832 1409 898 aetatibus
1426 831 1591 896 interram

374 939 443 1014 tio,
455 941 574 1004 omnis
590 940 789 1022 sepultura
804 942 962 1002 tormen·
1004 937 1187 1012 resolvatur,
1200 953 1258 998 nec
1272 935 1448 1010 intersit,
1463 936 1591 998 utrum

374 1045 451 1105 tum
495 1045 561 1105 est
632 1040 729 1120 Quid
781 1041 960 1116 interes,
1001 1039 1110 1104 ,ferae
1139 1037 1286 1120 diripiant
1316 1055 1356 1100 au
1383 1037 1483 1100 maria
1511 1054 1593 1100 ecn-

373 1144 473 1225 ignis
500 1163 556 1208 1ne
585 1163 629 1208 an
657 1145 740 1209 fera
767 1151 962 1208 consumat
1006 1144 1161 1206 sumant
1183 1158 1223 1204 au
1245 1140 1364 1203 humus
1387 1139 1592 1220 contegutan

374 1265 414 1309 an
437 1250 601 1329 tempus,
623 1248 736 1312 ultima
758 1245 898 1309 omnium
914 1263 962 1309 se·
1006 1244 1160 1308 flamma
1192 1241 1361 1317 subducat,
1395 1260 1469 1304 cum
1499 1240 1594 1304 cada·

373 1348 524 1431 pultura?
546 1348 631 1413 istud
655 1368 718 1413 non
740 1348 887 1412 sentienti
911 1365 962 1411 su·
1005 1347 1130 1411 veribus
1157 1345 1282 1409 omnis
1310 1343 1530 1426 sepultura,
1561 1343 1592 1407 si

374 1469 565 1533 pervacuum
594 1453 657 1526 est,
690 1450 837 1515 sentienti
871 1469 960 1514 onus.
1005 1449 1191 1524 sentiunt,
1218 1463 1336 1530 poena
1364 1446 1427 1520 sit,
1458 1446 1490 1510 si
1516 1464 1592 1509 non

1005 1551 1195 1626 sentiunt,
1218 1550 1287 1632 ipsa
1308 1547 1490 1613 conficiendi
1512 1547 1593 1611 cele-

1003 1655 1097 1718 ritate
1119 1652 1284 1716 medicina.

418 1756 456 1820 de
490 1767 565 1821 rem.
593 1756 662 1822 fort.
695 1760 741 1832 10,
772 1761 787 1821 l
827 1759 962 1842 ‘Pauper
1048 1755 1236 1832 36,5aves
1256 1755 1338 1818 sine
1359 1751 1591 1836 patrimonio

378 1860 468 1923 sum'.
529 1859 634 1924 Nihil
671 1860 777 1926 deest
817 1862 960 1926 avibus.
1004 1860 1137 1924 vivunt
1165 1859 1197 1920 et
1223 1858 1259 1920 in
1290 1855 1386 1920 diem
1408 1857 1592 1938 pascuntur.

373 1979 486 2043 pecora
507 1961 544 2024 in
567 1962 666 2027 diem
690 1965 805 2028 vivunt.

417 2063 454 2128 de
486 2067 620 2146 superat.
645 2065 736 2148 apud.
760 2069 840 2148 Aug.
864 2066 898 2132 C.
920 2067 959 2130 D.
1048 2067 1100 2140 24,
1115 2063 1181 2125 4.5
1210 2061 1300 2143 quid,
1326 2061 1379 2142 qui
1403 2060 1592 2142 sanguiue

373 2164 418 2229 VI
435 2167 474 2228 10
504 2165 577 2242 Ille,
606 2168 709 2248 inquit
737 2170 793 2249 (sc.
818 2168 960 2249 Seneca),
1005 2185 1073 2230 suc
1096 2166 1174 2229 libat
1197 2165 1234 2228 et
1256 2163 1484 2227 vulneribus
1508 2162 1592 2226 suis

372 2267 477 2332 viriles
505 2269 564 2332 sibi
591 2273 697 2351 partes
728 2273 886 2354 amputat,
907 2272 960 2337 ille
1005 2268 1219 2351 supplicat,
1276 2285 1347 2330 non
1404 2264 1592 2348 profanus

373 2371 508 2436 lacertos
537 2373 638 2435 secat:
670 2373 723 2436 ubi
758 2373 853 2438 iratos
888 2374 961 2439 deos
1004 2369 1141 2435 melius
1164 2371 1281 2446 esset,
1305 2385 1415 2450 quam
1438 2365 1594 2431 sicreli·

375 2474 499 2547 timent,
524 2475 578 2555 qui
600 2475 654 2537 sic
675 2476 825 2558 propitios
841 2495 962 2540 meren·
1004 2474 1157 2555 giosua?
1185 2475 1241 2535 aut
1263 2471 1314 2534 cui
1336 2473 1419 2534 testa
1441 2473 1516 2533 sunt
1537 2469 1594 2532 ob-

376 2579 453 2640 tur?
480 2576 545 2640 Dii
561 2581 685 2641 autem
701 2579 806 2642 nullo
822 2578 962 2642 debent
1005 2593 1099 2640 scena
1122 2574 1274 2650 demessa,
1298 2592 1359 2654 quo
1381 2573 1473 2636 modo
1496 2570 1593 2636 deum

376 2679 448 2744 coli
469 2697 620 2760 genere,
636 2681 667 2744 si
684 2684 720 2744 ct
736 2681 805 2745 boc
820 2682 960 2745 volunt
1006 2697 1066 2742 non
1090 2677 1200 2753 violat,
1223 2675 1276 2758 qui
1299 2675 1366 2740 hoc
1388 2673 1496 2739 modo
1518 2674 1596 2756 pla-

375 2782 495 2845 Tantus
524 2784 573 2845 est
595 2784 842 2863 perturbatae
864 2781 963 2847 men·
1005 2785 1082 2858 cat,
1106 2779 1229 2844 cumei
1252 2778 1413 2842 eunuchos
1436 2777 1514 2842 deus
1529 2776 1596 2840 vel·

375 2884 426 2946 tis
447 2887 479 2947 et
494 2883 620 2948 sedibus
636 2885 701 2949 suis
716 2886 825 2968 pulsae
849 2886 961 2962 furor,
1005 2883 1059 2960 let,
1075 2885 1182 2964 posset
1197 2899 1368 2964 procreare,
1390 2899 1453 2944 non
1469 2879 1595 2943 facere?

375 2990 412 3050 ut
434 2987 489 3050 eie
511 2985 545 3048 di
569 2986 786 3068 placentur,
815 2988 964 3069 quemad-
1008 2986 1153 3067 quianon
1169 2984 1334 3066 intellegat
1356 2983 1454 3047 male
1479 3000 1595 3046 sanos

373 3089 504 3153 modum
527 3107 567 3152 ne
591 3089 718 3170 quidem
740 3090 882 3155 homines
897 3109 963 3154 sae·
1008 3092 1040 3152 et
1066 3105 1165 3152 vanae
1193 3089 1225 3150 et
1250 3086 1423 3169 perditae
1453 3084 1595 3149 mentis

375 3191 465 3254 viunt
496 3193 676 3256 taeterrimi.
778 3193 817 3258 Se
846 3193 904 3277 ipsi
930 3193 964 3255 in
1007 3191 1040 3253 in
1065 3191 1127 3254 ista
1148 3189 1287 3271 desipere
1310 3190 1342 3253 et
1362 3189 1467 3270 ipsum
1489 3205 1597 3251 erran-

373 3293 499 3376 templis
535 3295 767 3371 contrucidant,
800 3296 964 3360 vulneri·
1008 3293 1089 3356 tium
1122 3291 1270 3356 turham
1304 3293 1416 3356 mutua
1447 3291 1505 3356 sibi
1534 3309 1597 3373 pa

374 3395 444 3459 bus
478 3395 560 3460 suis
593 3416 635 3462 ac
670 3399 854 3480 sanguiue
882 3417 964 3481 sup-
1008 3394 1177 3458 trocinia
1213 3396 1394 3477 praestare?
1437 3394 1500 3457 hic
1537 3393 1596 3456 de·

376 3497 533 3580 plicant.
583 3498 616 3563 Si
644 3499 694 3564 cui
719 3500 834 3565 intueri
864 3503 963 3577 vacet,
1008 3496 1129 3562 fensio
1152 3495 1518 3562 eommunisfuroris
1535 3498 1596 3559 est

375 3617 455 3681 quae
480 3601 602 3665 faciunt
627 3619 769 3683 quaeque
791 3603 964 3685 patiuntur,
1010 3600 1224 3666 furentium
1247 3598 1463 3665 multitudo.

374 3702 513 3766 inveniet
545 3709 610 3768 tam
642 3705 788 3770 indecora
814 3704 964 3782 honestis,

375 3806 442 3868 tam
464 3805 595 3887 indigna
617 3806 735 3882 liberis,
762 3809 829 3871 tarn
858 3807 966 3872 dissi·

375 3907 479 3970 milia
516 3909 635 3984 sanis,
671 3916 707 3972 ut
742 3928 834 3974 nemo
872 3910 966 3975 fuerit

344 4027 346 4032 ’
377 4008 577 4074 dubitaturus
603 4009 705 4076 furere
728 4030 797 4087 eos,
825 4013 856 4076 si
882 4032 965 4078 cum

376 4112 622 4194 paucioribus
657 4113 846 4188 furerent;
879 4135 964 4180 nunc

377 4214 555 4278 sanitatis
598 4216 852 4298 patrocinium
907 4223 965 4282 est

377 4305 647 4382 insanientium
670 4319 792 4383 turba.
1467 4379 1471 4388 .
1500 4377 1505 4386 ,

379 4467 380 4470 ,
420 4417 457 4483 de
479 4424 613 4502 superet.
636 4420 676 4485 ib.
722 4420 806 4486 Nam
834 4424 965 4488 cumin
1054 4425 1104 4500 22,
1130 4424 1147 4485 1
1178 4423 1239 4488 Ιείε
1270 4420 1462 4507 perditum
1494 4422 1595 4486 filiurn

379 4521 477 4585 sacris
505 4523 668 4606 Aegyptiis
697 4521 812 4588 Osirim
840 4525 964 4607 lugeri
1009 4545 1082 4590 cum
1112 4523 1331 4612 Cynocephalo
1361 4545 1416 4591 suo
1445 4528 1478 4590 et
1500 4526 1596 4590 calvis

377 4623 579 4706 perditum,
600 4644 685 4691 mox
708 4629 816 4691 autem
838 4627 966 4692 inven—
1009 4627 1225 4693 sacerdotibus
1246 4629 1373 4711 luget,
1395 4629 1526 4712 plangit,
1548 4629 1599 4692 in·
