3546 5236
881 429 917 499 .·
962 405 1024 467 146

372 599 483 662 muttit
504 599 550 662 itti
572 605 681 663 nunde
702 619 817 680 nepotc
839 619 930 681 quma
953 601 1171 664 contumaciter
1194 607 1248 663 out
1262 601 1400 684 mperbe.
1434 607 1600 683 praeterea

372 725 401 769 v.
425 705 446 784 ξ
471 707 505 770 6:
531 708 629 769 timuit
645 709 785 788 fortusse
807 727 845 770 rto
869 713 1027 788 cogeretur
1050 708 1188 789 accipere
1211 727 1288 789 quae
1310 707 1411 770 aoitet.

464 809 509 876 de
532 809 655 878 benet
679 812 765 877 vm
795 810 829 876 C.
850 810 932 876 Iulio
957 811 1101 892 Caesari,
1125 831 1197 876 cum
1221 812 1255 877 in
1277 811 1439 897 Hispania
1462 811 1602 878 militans

373 917 475 983 talum
498 919 560 983 sibi
584 917 784 996 extorsisset,
814 938 835 982 a
863 918 965 984 milite
988 916 1129 1002 quodam
1153 918 1326 1004 paenulam
1351 919 1548 986 substratam
1571 929 1602 983 et

373 1045 492 1109 aquam
517 1025 549 1090 in
574 1025 672 1108 galea
695 1022 839 1090 oblatam
862 1045 937 1090 esse
960 1031 1119 1091 narratur.
1164 1023 1240 1091 huic
1261 1033 1379 1111 postea
1402 1024 1492 1111 apud
1515 1025 1603 1090 illum

373 1151 507 1198 oausam
536 1131 657 1196 dicenti
687 1139 732 1215 et,
761 1151 836 1196 uum
865 1151 902 1197 se
932 1139 990 1196 aut
1012 1131 1143 1215 galeam
1166 1131 1255 1197 illam
1278 1143 1481 1215 agnosceret,
1510 1133 1602 1198 inter·

374 1239 502 1322 roganti
526 1237 608 1304 hace
632 1241 663 1318 (ξ
687 1241 720 1318 2)
745 1237 921 1323 respondet
945 1237 1083 1304 Caesar:

480 1347 587 1430 mtidmi
609 1348 820 1411 memineram?
851 1347 1022 1429 etquidem
1044 1348 1283 1430 eiticomsectus,
1313 1350 1385 1430 quio
1407 1349 1605 1430 irnpeditus

481 1455 526 1517 ire
549 1455 591 1517 ud
611 1457 731 1536 fontem
756 1454 938 1536 promimum
965 1473 1028 1518 nou
1052 1460 1205 1536 poteram,
1233 1474 1340 1536 repere
1366 1455 1508 1518 manduc
1530 1455 1605 1518 oote-
1716 1429 1717 1478 1

482 1561 562 1642 bam,
586 1563 647 1624 uisi
669 1557 842 1643 utrium),
869 1561 959 1624 borno
983 1562 1082 1643 sortis
1104 1581 1142 1624 oc
1163 1568 1319 1639 strenam,
1342 1581 1455 1644 amium
1476 1562 1553 1624 mibi
1574 1562 1605 1622 ia

478 1669 567 1748 paleo
590 1688 649 1731 artu
670 1669 830 1731 attulisset.

375 1793 568 1857 quamquam
597 1779 730 1858 propter
759 1779 861 1837 totam
889 1772 1108 1838 narrationem
1137 1780 1169 1838 et
1197 1793 1309 1838 vocem
1336 1774 1478 1838 muaibrts
1505 1773 1605 1838 mani·

375 1883 493 1947 festum
523 1887 573 1946 est
599 1878 811 1964 posteriorem
840 1886 965 1965 partem
995 1878 1146 1945 vocabuli
1179 1882 1340 1964 impeditum
1377 1899 1418 1944 ex
1449 1883 1606 1965 pedibas

377 1993 560 2074 corruptam
584 2005 668 2070 esse,
692 1993 800 2052 tamen
824 1985 901 2068 quid
925 1986 959 2050 in
987 1989 1030 2050 im
1057 1985 1161 2052 lateat
1189 1986 1295 2051 adbuc
1323 1987 1506 2070 ambigitur.
1529 1987 1607 2052 mibi

373 2098 446 2160 iam
478 2092 608 2160 ridetur
633 2091 869 2159 restituendum
902 2113 989 2176 esse,
1022 2112 1107 2176 quae
1137 2092 1299 2180 particula
1332 2113 1403 2158 curu
1431 2095 1606 2178 negatione

375 2202 546 2267 coniuncta
569 2199 742 2285 aptissima
766 2189 879 2278 est¹⁷).¹

483 2307 528 2373 de
559 2305 682 2373 benef.
706 2307 750 2371 VI
776 2309 826 2390 12,
854 2309 889 2372 2:
927 2309 978 2370 iiie
1009 2311 1061 2391 qui
1089 2316 1169 2372 totus
1196 2311 1237 2374 ud
1263 2330 1296 2373 ae
1322 2317 1438 2392 spectat
1466 2317 1494 2375 et
1519 2310 1607 2374 uobis

478 2417 616 2499 prodest,
641 2417 713 2498 quio
735 2415 825 2478 utiter
844 2416 993 2498 prodesse
1014 2414 1074 2477 sibi
1095 2435 1158 2479 moa
1176 2422 1286 2498 potest,
1311 2435 1345 2480 eo
1368 2417 1444 2478 mibi
1466 2416 1529 2480 ioco
1554 2423 1605 2494 est,

482 2543 540 2606 quo
570 2525 622 2606 qui
643 2524 751 2604 pecori
777 2542 832 2585 suc
860 2521 1019 2585 tritomum
1048 2529 1076 2584 ct
1102 2525 1251 2585 aestiuum
1273 2521 1421 2604 pabutum
1445 2525 1607 2606 prospicit:

483 2651 517 2694 eo
550 2631 614 2693 ioco
647 2636 701 2709 eat,
735 2649 794 2711 quo
828 2630 880 2710 qui
911 2631 1045 2712 captivos
1076 2649 1159 2709 utos,
1192 2637 1227 2692 ut
1259 2633 1444 2694 cornmcdius
1471 2638 1606 2709 aeneum,

479 2739 581 2821 puscit
610 2743 643 2799 et
672 2739 790 2818 opiinus
818 2735 905 2799 bocer
931 2737 1052 2818 supinat
1079 2757 1116 2800 oc
1143 2737 1289 2819 defricet,
1320 2758 1379 2820 qao
1406 2739 1527 2817 mairiu,
1558 2739 1608 2820 qui

477 2845 636 2927 familiam
658 2863 778 2906 minino
801 2863 877 2906 carru
900 2849 1019 2906 auertet
1039 2849 1131 2926 atpte
1154 2851 1253 2907 mutat.

376 2970 433 3017 cur
456 2948 601 3032 tandem,
630 2969 702 3015 cum
725 2947 789 3012 iam
814 2957 891 3014 ante
914 2968 1034 3033 pecora
1057 2957 1236 3014 memorata
1260 2949 1336 3032 sint,
1365 2948 1471 3016 denuo
1500 2970 1606 3016 eorum

378 3077 444 3123 una
468 3076 540 3122 cum
563 3055 703 3140 captivis
727 3061 760 3120 et
782 3055 854 3120 ioco
879 3074 1083 3139 nequaquam
1107 3063 1185 3141 apto
1209 3057 1328 3123 mentio
1352 3057 1502 3124 inicitur?
1535 3077 1605 3122 narn

380 3184 419 3230 eo
447 3161 533 3246 quod
562 3162 734 3248 pecoribus
763 3181 841 3227 oves
870 3167 1007 3244 tantum,
1036 3181 1168 3247 caprae,
1198 3182 1273 3228 sues
1302 3161 1508 3245 significatae
1536 3184 1609 3234 esse.

379 3269 515 3357 possint,
539 3288 632 3335 nemo
656 3268 828 3352 quisquam
852 3267 913 3333 boc
933 3268 1111 3334 excusabit
1142 3269 1243 3334 multo
1259 3269 1445 3336 concinnior
1464 3277 1497 3336 et
1511 3270 1606 3354 signi·

377 3377 525 3444 ticantior
553 3376 657 3442 oratio
686 3375 818 3458 evadet,
847 3375 874 3440 si
903 3383 980 3441 ante
1008 3379 1126 3460 opimos
1153 3375 1315 3460 particula
1343 3385 1371 3442 et
1398 3377 1549 3443 voculam
1576 3385 1607 3440 ut

380 3486 428 3550 sie
450 3483 601 3549 haustam
626 3503 699 3548 esse
724 3481 932 3550 statuerimus
947 3490 982 3547 ut
997 3481 1169 3549 scribatur:
1194 3485 1246 3566 qui
1267 3486 1402 3568 captiuos
1416 3505 1490 3549 saon
1503 3519 1530 3530 -
1543 3519 1570 3530 -
1584 3519 1607 3529 -

373 3595 474 3675 puscit
498 3599 526 3654 ct
550 3595 691 3668 <ut>
716 3593 832 3674 opimos
855 3591 943 3654 bocco
965 3591 1086 3670 supinat
1109 3611 1146 3654 oc
1169 3591 1309 3673 defricet.

485 3697 532 3762 de
555 3694 681 3763 benef.
705 3696 751 3761 Vl
777 3699 826 3780 14,
852 3699 887 3761 3:
916 3697 1017 3761 ommi
1038 3697 1114 3760 mibi
1140 3697 1252 3780 aliquis
1273 3702 1485 3780 frummttum:
1511 3702 1608 3764 cicere

486 3827 550 3870 moa
569 3827 706 3889 possum,
730 3807 793 3868 uisi
816 3826 925 3885 emero,
951 3805 1005 3868 ced
1026 3825 1089 3870 moa
1112 3805 1203 3869 debeo
1226 3807 1330 3886 vitum,
1355 3808 1427 3889 quia
1449 3807 1518 3870 emi.
1555 3825 1608 3870 mc

488 3933 580 3996 quum
607 3914 815 3976 neceesarium
837 3913 940 3995 suerit
966 3913 1104 3992 aestimo,
1133 3914 1200 3974 sine
1227 3933 1285 3994 quo
1307 3915 1445 3976 uicturam
1466 3931 1530 3976 aon
1545 3913 1606 3994 sui,

487 4022 541 4084 ced
576 4041 668 4103 quam
699 4022 855 4100 ingratum
888 4015 964 4100 (nom
993 4021 1161 4100 gratuitum
1196 4017 1401 4101 Gronovius),
1438 4020 1519 4102 quod
1548 4039 1607 4084 aon

488 4127 669 4207 imbuissent,
684 4128 747 4189 uisi
761 4129 909 4205 emissan,
920 4127 953 4188 ia
968 4147 1026 4208 pato
1039 4127 1205 4189 invebendo
1219 4133 1372 4190 uterentur
1384 4147 1447 4189 acc
1462 4127 1606 4207 cogitauit,

488 4241 633 4318 priuatum
657 4235 769 4297 numidii
791 4234 943 4298 diluturus
967 4240 1045 4296 canet
1066 4233 1153 4312 mibi,
1183 4234 1246 4296 sed
1272 4241 1419 4316 qrtuatum
1444 4235 1522 4296 lueri
1543 4232 1606 4295 sibi.

472 4409 505 4476 ¹⁶)
524 4429 550 4465 v.
570 4429 595 4480 p.
619 4411 650 4464 18
669 4409 763 4465 adnot.
786 4411 825 4464 14.

472 4498 506 4567 Π)
525 4503 589 4555 iam
609 4500 736 4554 voculam
761 4499 848 4554 etiam
872 4517 914 4569 ep.
934 4517 1000 4554 mor.
1020 4500 1047 4554 ΙΙ
1068 4501 1091 4562 1,
1114 4497 1146 4553 14
1169 4498 1199 4553 in
1222 4499 1266 4554 his
1290 4499 1390 4554 verbis:
1415 4501 1501 4568 pudet
1519 4517 1558 4552 me
1574 4501 1604 4549 ia

379 4595 433 4653 (tui
451 4589 602 4659 Hauptius)
620 4593 660 4644 sic
679 4597 764 4644 tecum
781 4591 856 4658 loqui
874 4607 923 4658 pro
942 4606 981 4652 ec,
1005 4589 1078 4658 quod
1098 4589 1145 4642 ΡΑ
1165 4589 1276 4652 habent,
1300 4591 1331 4642 ia
1350 4587 1394 4642 vel
1413 4590 1460 4654 ibi,
1478 4588 1550 4656 quod
1567 4589 1605 4640 est

378 4681 408 4734 in
428 4679 531 4749 pPr.b
550 4679 621 4744 aliis,
641 4677 797 4748 ponendam
816 4697 873 4732 esse
892 4683 967 4748 puto.
