3568 5238
817 473 857 535 23

736 557 945 566 w

233 696 320 775 Quae
350 696 560 780 discrepantia
593 714 654 778 quo
687 696 779 761 modo
813 697 855 760 sit
887 694 1082 779 explicanda,
1116 693 1257 758 homines
1286 692 1368 757 docti
1391 691 1451 756 dis-

234 799 388 875 sentiunt,
417 799 454 863 ds
478 800 590 880 quibus
613 799 682 863 vide
705 817 755 875 ea,
783 817 863 881 quae
887 797 1064 876 Sternius1)
1086 797 1238 880 imprimis
1260 793 1366 860 Johnii
1390 794 1451 858 dis-

233 901 411 984 potationes
422 902 446 982 ²)
477 903 618 984 egregias
644 903 771 966 secutus
799 901 956 966 subtiliter
979 903 1010 964 et
1031 900 1193 984 perspicue
1215 897 1369 963 disseruit.
1405 897 1451 962 Er

234 1005 282 1067 his
306 1004 391 1068 enim
417 1007 504 1086 patet
532 1007 564 1068 st
585 1005 755 1069 Aesonium
781 1022 854 1067 vera
879 1021 1022 1066 narrasse
1050 1005 1082 1066 ct
1109 1001 1296 1066 Sallustium
1319 1019 1447 1076 errasse,

233 1106 278 1170 ita
305 1109 342 1170 ut
363 1106 499 1172 Catilina
525 1126 587 1171 non
616 1112 687 1190 post
708 1105 932 1170 condemnatos
956 1104 1077 1169 Sullam
1106 1107 1137 1168 et
1159 1103 1359 1179 Autronium,
1395 1103 1451 1167 sed

234 1227 297 1272 una
326 1209 482 1273 cumillis
505 1210 703 1274 consulatum
725 1209 905 1294 petiverit³)
933 1211 965 1271 et
987 1225 1068 1272 anno
1092 1207 1132 1269 65
1155 1207 1281 1270 demum
1307 1208 1452 1288 repetun-

234 1310 346 1374 darum
370 1313 536 1376 assusatus
570 1311 628 1386 sit;
662 1331 721 1377 666
751 1311 856 1375 miuus
883 1311 963 1376 falso
992 1309 1161 1374 Sallustius
1190 1308 1359 1374 Catilinam
1388 1327 1451 1372 nou

233 1414 318 1477 intra
340 1414 496 1496 legitimos
527 1414 592 1478 dies
620 1432 654 1479 se
677 1415 874 1479 consulatum
896 1415 1001 1496 petere
1024 1411 1161 1496 profiteri
1183 1411 1321 1494 potuisse
1344 1411 1452 1475 auctor

235 1520 291 1593 est,
315 1517 462 1598 quoniam
479 1516 613 1582 Catilina
634 1517 880 1600 repetundarum
903 1516 1063 1599 quaesitus
1085 1515 1161 1598 ipsc,
1186 1513 1329 1595 quamvis
1352 1531 1451 1596 paene

235 1622 377 1696 coactus,
401 1637 419 1683 a
440 1620 590 1703 petitione
618 1619 746 1685 destitit
796 1619 942 1684 Ceterum
966 1616 1152 1692 Sallustius,
1187 1634 1259 1680 cum
1281 1613 1450 1681 Catilinam

236 1723 301 1786 iam
332 1741 413 1787 anno
438 1723 478 1784 66
509 1741 597 1787 reum
628 1723 724 1787 luisse
747 1722 991 1805 repetundarum
1012 1719 1133 1795 tradat,
1166 1737 1229 1782 uon
1255 1720 1322 1782 tam
1349 1735 1450 1781 errore

234 1823 359 1889 videtur
381 1825 494 1889 ductus
522 1843 591 1889 esse
620 1844 716 1908 quam
738 1825 942 1906 neglegenter
963 1823 1137 1895 rettulisse;
1160 1821 1276 1885 etenim
1299 1821 1451 1884 Asconius

235 1945 374 2008 quoque,
409 1946 602 2009 quamquam
623 1929 707 1992 idem
735 1927 965 1992 accusationem
995 1927 1098 2008 ipsam
1131 1943 1213 1988 anno
1247 1923 1287 1985 65
1321 1922 1449 1987 demum

234 2029 352 2093 fastam
374 2048 443 2094 esse
465 2034 581 2107 namet
604 2031 702 2096 altero
724 2031 791 2094 loco
814 2036 856 2113 (6.
879 2031 929 2106 58,
953 2029 1091 2108 16-18)
1116 2027 1284 2092 Catilinam
1307 2044 1388 2089 auno
1410 2025 1450 2087 66

234 2150 323 2196 reum
346 2130 443 2196 tuisse
467 2131 555 2210 dicit,
585 2133 610 2196 si
634 2133 760 2214 quidem
781 2133 890 2197 eodem
913 2135 1052 2214 tempore
1074 2129 1224 2194 iudicium
1243 2127 1451 2192 Manilianum

234 2233 448 2298 disturbatum
470 2235 566 2300 fidere
589 2237 712 2312 narrat,
741 2235 822 2317 quod
850 2253 932 2298 anuo
961 2234 1001 2296 66
1033 2235 1163 2298 exeunte
1198 2231 1345 2296 accidisse
1372 2229 1453 2294 intra

234 2336 531 2402 demonstrabimus.
583 2337 694 2420 Itaque
723 2338 817 2402 etiam
845 2336 881 2414 ii,
917 2337 971 2419 qui
994 2337 1125 2401 alicuius
1148 2335 1286 2400 criminis
1310 2340 1451 2416 ‘quaere-

234 2438 371 2516 bantm’,
394 2440 499 2504 minus
522 2443 667 2506 accurate
690 2441 753 2505 ‘rei'
777 2440 929 2506 nominari
951 2439 1088 2523 potuisse
1111 2439 1188 2504 mihi
1209 2438 1364 2504 ridentur.

320 2645 469 2728 Sequitur
495 2650 531 2712 ut
553 2666 719 2732 exponam,
758 2665 838 2730 quae
869 2647 951 2711 inter
978 2645 1167 2730 epistulas
1195 2645 1389 2710 Ciceronis
1419 2646 1452 2708 et

234 2749 404 2814 Aesonium
439 2749 615 2815 intercedat
651 2752 740 2815 ratio.
801 2747 860 2828 Qui
894 2750 969 2814 licet
997 2767 1156 2830 nusquam
1195 2748 1380 2832 profiteatur
1417 2767 1450 2812 sc

234 2853 385 2936 epistulas
413 2852 535 2930 adiisse,
569 2856 677 2916 tamen
711 2853 787 2935 quin
818 2853 904 2917 huus
932 2851 1125 2935 singularem
1155 2851 1303 2916 historiae
1330 2849 1451 2915 Cicero-

234 2957 347 3020 nianae
374 2955 495 3019 fontem
522 2957 554 3018 in
587 2974 680 3020 soum
710 2975 803 3020 usum
841 2973 1048 3020 conversurus
1087 2954 1188 3032 fuerit,
1223 2955 1249 3018 si
1271 2954 1362 3020 modo
1384 2955 1451 3019 lieri

234 3060 375 3142 poterat,
409 3058 441 3120 iu
475 3057 570 3121 dubio
604 3077 672 3123 esse
706 3077 768 3122 non
799 3061 911 3141 potest.
950 3060 993 3122 At
1015 3057 1082 3122 vide
1108 3058 1211 3135 modo,
1235 3076 1330 3140 quam
1361 3057 1451 3122 exilia

235 3163 445 3243 agnoscantur
468 3160 673 3242 epistularum
700 3161 732 3224 in
758 3180 852 3225 usum
873 3162 1055 3224 vocatarum
1082 3159 1204 3224 indicia.
1248 3162 1294 3224 Ac
1315 3160 1451 3243 primum

235 3265 361 3347 quidem
383 3281 455 3327 sum
478 3264 611 3328 Asconio
639 3262 695 3328 Cn.
720 3264 904 3348 Pompeium
927 3261 969 3325 M.
994 3262 1109 3326 Scauro
1132 3263 1375 3345 repetundarum
1397 3283 1450 3327 reo

234 3385 424 3452 propensum
459 3365 647 3431 adiutorium
679 3387 741 3433 non
774 3367 953 3451 praebuisse
985 3365 1130 3430 tradente
1162 3371 1204 3449 (p.
1235 3366 1285 3442 17,
1316 3367 1366 3428 22.
1395 3369 1448 3445 23)

235 3468 529 3546 consentiremus,
558 3471 612 3551 qui
639 3471 677 3536 de
700 3471 741 3534 ld.
769 3471 885 3536 Scauro
913 3469 1087 3551 ambitus⁴J
1115 3487 1167 3534 rso
1194 3469 1239 3533 ita
1262 3469 1383 3548 scribit,
1416 3473 1452 3534 ut

233 3574 318 3638 huus
345 3572 559 3655 iampridem
587 3592 605 3637 a
633 3573 780 3657 Pompeis
808 3574 1000 3654 6616616665)
1028 3590 1096 3636 esse
1125 3571 1240 3636 referat
1267 3571 1320 3652 (ad
1343 3572 1449 3652 Quint.

234 3677 271 3740 lr.
294 3675 396 3754 1118,
420 3676 462 3756 3).

319 3779 440 3844 Deinde
460 3780 597 3845 Muciam
619 3799 638 3846 a
659 3781 715 3848 Cu.
732 3781 879 3865 Pompeio
902 3778 1113 3864 impudicitiae
1137 3777 1264 3842 crimine
1288 3777 1451 3843 dimissam

234 3901 302 3948 esse
332 3883 485 3947 Asconius
513 3885 556 3968 (p.
580 3884 630 3962 17,
659 3886 709 3948 24.
733 3885 789 3970 25)
819 3884 958 3948 narravit
990 3881 1121 3946 tortasse
1154 3881 1296 3964 epistulis
1330 3881 1450 3946 Cicero·

304 4129 325 4198 ¹)
343 4127 376 4180 E.
401 4143 426 4180 v.
451 4127 545 4192 Stern,
573 4124 694 4180 Catilina
719 4140 746 4177 u.
765 4121 810 4177 dia
827 4121 1039 4192 Parteilraemple
1067 4120 1096 4173 in
1124 4119 1196 4174 Rom
1223 4120 1449 4191 (Dorpati1883l

233 4232 260 4285 6.
279 4215 312 4268 61
331 4229 389 4284 sqq.

304 4304 325 4369 ²)
344 4299 375 4354 C.
394 4297 469 4355 John
488 4298 507 4352 l.
530 4315 552 4353 s.
574 4316 600 4369 p.
625 4299 676 4354 706
693 4313 751 4368 sqq.
771 4301 799 4352 st
815 4294 931 4352 ‘Sallust
948 4293 1032 4348 usbar
1053 4291 1196 4348 Catilina's
1218 4292 1390 4350 Candidatur
1412 4295 1450 4349 im

234 4387 320 4442 Jahre
336 4385 395 4442 688³
413 4385 495 4454 (Mus.
516 4383 603 4439 Rhen.
622 4384 726 4439 XXXI
746 4384 814 4439 1876
831 4399 858 4454 p.
876 4382 928 4436 415
945 4383 1026 4450 sqq).

303 4477 325 4541 ὅ)
343 4472 377 4527 cf.
395 4473 427 4527 E.
446 4489 470 4526 r.
489 4470 570 4527 Stam
588 4471 606 4526 l.
624 4488 647 4526 6.
664 4489 691 4542 6.
708 4473 743 4527 36
760 4487 800 4541 sq.

304 4561 327 4628 ⁴)
346 4559 379 4613 In
399 4559 551 4615 ambitus
568 4559 671 4615 666666
689 4559 784 4630 pausis
802 4557 908 4624 diebus,
927 4559 1074 4625 postquam
1093 4552 1307 4622 repetundarum
1320 4557 1450 4612 liberatus

236 4651 303 4714 erat,
326 4645 362 4700 ab
380 4644 474 4700 eodem
492 4647 597 4700 'lilerio
614 4651 728 4700 vocatus
745 4650 799 4699 est:
817 4644 852 4698 of.
870 4642 1018 4697 Drumaun
1036 4638 1050 4692 l
1069 4656 1095 4709 p.
1113 4641 1155 4693 32.

305 4737 326 4804 ⁵)
346 4733 380 4790 In
398 4749 531 4807 suspenso
549 4732 601 4787 hoc
618 4731 728 4804 reliquit
745 4731 839 4787 Cicero
856 4731 885 4784 in
903 4728 981 4802 epist
1000 4727 1035 4782 ad
1055 4728 1112 4782 dtr.
1131 4727 1174 4784 IV
1193 4729 1235 4794 lb,
1253 4732 1276 4788 7.
