3634 5240
813 441 853 501 75

728 529 938 537 ——.

221 664 252 727 et
272 663 391 739 firmos,
413 663 522 727 breues
545 661 687 739 claudos,
710 663 797 727 velut
820 663 870 728 hic
891 683 947 749 pes
967 662 1203 747 pentasyllabus
1224 695 1375 712 -----
1405 663 1444 727 55

220 767 384 849 Anonymo
406 765 612 829 ambrosiano
635 763 678 848 (p.
703 767 774 843 235,
800 769 816 830 1
842 767 901 848 st.)
925 767 1101 851 appellatur
1123 761 1264 848 κολοβός.
1279 769 1301 844 ¹)

307 867 503 952 Quapropter
526 868 648 932 etiamsi
678 872 778 934 metra
799 871 950 954 paeonica
977 888 1014 933 cx
1036 869 1182 933 omnibus
1205 868 1351 932 brevibus
1373 887 1446 932 con-

221 970 407 1046 formentur,
430 973 537 1034 tomen
560 971 708 1035 ultimum
723 973 836 1056 pedem
860 992 928 1037 esse
951 991 1102 1055 paeonem
1125 974 1273 1058 quartum
1295 990 1372 1053 opus
1396 971 1446 1034 est

222 1063 276 1137 διὰ
298 1063 337 1136 τὸ
358 1077 417 1158 τῆς
438 1074 565 1156 μακρᾶς
587 1066 634 1150 εἰς
657 1067 845 1139 ἀνάπαυσιν
867 1067 1033 1158 εὐπρεπές
1056 1075 1194 1153 (lustin.
1218 1073 1325 1153 Quint.
1349 1073 1388 1134 56
1412 1073 1445 1136 M

125 1179 128 1184 '
221 1204 263 1229 =
286 1177 372 1252 3151
394 1176 439 1258 J).
484 1179 527 1240 At
546 1177 632 1240 brevi
655 1178 778 1260 syllaba
794 1179 941 1242 ultimum
959 1179 1062 1242 locum
1077 1179 1237 1242 obtinente
1257 1195 1365 1240 versus
1381 1175 1445 1238 rim

223 1279 454 1360 quodammodo
476 1279 630 1342 debilitari
646 1282 866 1364 comprobatur
880 1282 983 1345 rerbis
998 1280 1177 1344 Terentiani
1192 1280 1294 1344 Mauri
1306 1299 1333 1341 r.
1346 1277 1442 1340 2394:

222 1383 400 1464 „Frequens
430 1382 459 1444 in
491 1401 551 1445 555
574 1385 622 1447 555
644 1384 707 1447 5515
734 1387 870 1446 mstmm
895 1383 1103 1466 (septenarius
1130 1383 1296 1462 iambicus)
1319 1379 1445 1444 comicis

222 1485 363 1559 vetustis
395 1485 498 1548 Atella
524 1486 573 1547 rel
603 1487 673 1567 quis
707 1485 822 1550 fabulis
855 1489 942 1550 55555
977 1485 1062 1549 55555
1083 1488 1240 1569 petulcos,
1274 1483 1353 1562 Quia
1383 1482 1445 1545 fine

222 1587 310 1650 molli
334 1588 428 1651 labile
451 1591 544 1668 atque
568 1588 714 1652 deserens
737 1589 873 1669 rigorem
900 1587 1018 1651 Sonum
1041 1589 1200 1653 ministrat
1222 1589 1445 1668 congruentem

221 1691 359 1754 motibus
375 1690 517 1754 iocosis.“
528 1690 555 1772 ²)

307 1793 448 1856 Eandem
491 1793 704 1857 clausularum
747 1793 893 1857 orationis
935 1797 1083 1860 naturam
1125 1813 1193 1859 esse
1235 1793 1365 1877 apparet
1409 1811 1446 1856 ex

223 1919 241 1953 5
279 1897 407 1960 Aristar.
442 1897 535 1959 555.
572 1896 621 1959 111
658 1897 678 1958 5
715 1897 899 1959 lece-18:
946 1881 1040 1974 aaa
1073 1904 1126 1972 (so.
1160 1915 1261 1981 paean
1302 1897 1445 1977 quartus)

223 1995 373 2084 τελευτὴν
397 2001 503 2062 ποιεῖ·
530 1992 550 2083 ᾖ
571 1991 633 2085 γὰρ
655 2002 791 2084 βραχεῖα
820 2001 877 2080 (55.
900 2000 1027 2082 paeonis
1057 1999 1161 2082 primi)
1188 1990 1245 2064 διὰ
1270 1990 1309 2063 τὸ
1331 1988 1447 2082 ἀτελὴς

224 2093 306 2165 εἶναι
329 2103 422 2165 ποιεῖ
444 2097 585 2184 κολοβόν.
632 2127 650 2161 a
674 2101 738 2167 cic.
762 2101 848 2166 Orat.
873 2102 934 2164 215
969 2099 1024 2184 (z
1047 2102 1150 2166 Rufin.
1174 2123 1203 2186 p.
1228 2102 1299 2176 516,
1323 2103 1363 2164 23
1388 2100 1446 2182 11);

226 2205 373 2288 ,(55555)
398 2208 454 2268 555
476 2223 492 2267 5
514 2205 608 2286 longa
631 2208 680 2269 est
702 2207 734 2268 et
756 2205 854 2280 tribus
870 2206 1026 2279 brevibus,
1050 2205 1102 2286 qui
1127 2223 1276 2269 numerus
1298 2207 1330 2266 55
1345 2203 1446 2286 primo

223 2310 322 2389 viget,
355 2309 439 2372 iacet
466 2308 497 2370 in
521 2310 674 2382 extremo,
710 2311 803 2370 5555
827 2307 957 2371 totidem
981 2309 1126 2372 brevibus
1154 2310 1186 2372 55
1209 2309 1316 2389 longa,
1350 2327 1444 2389 quern

224 2411 338 2494 optime
372 2412 482 2475 cadere
510 2414 640 2474 censent
671 2414 807 2483 veteres3
841 2429 898 2491 ego
925 2430 987 2474 555
1015 2413 1107 2493 plane
1135 2411 1244 2485 reioi0,
1279 2410 1332 2474 555
1368 2410 1445 2473 51555

225 2517 407 2597 55555555.“
451 2513 529 2578 Ibid.
552 2514 626 2576 194:
650 2514 843 2593 ,‚(trochaeus
868 2517 907 2597 [υ
926 2545 941 2564 υ
960 2517 1023 2598 υ])
1047 2516 1096 2578 555
1118 2563 1124 2576 .
1148 2563 1154 2576 .
1180 2563 1185 2576 .
1210 2535 1246 2578 55
1261 2514 1391 2576 vitiosus
1413 2513 1445 2576 in

223 2617 376 2693 oratione,
400 2617 425 2680 si
448 2621 583 2701 ponatur
605 2621 779 2692 extremus,
804 2617 885 2698 quod
909 2620 1003 2683 rerba
1025 2618 1137 2682 melius
1160 2618 1191 2680 in
1218 2617 1356 2700 syllabas
1380 2615 1447 2679 lou-

224 2719 324 2799 giores
348 2720 495 2784 cadunt.“
542 2745 560 2778 5
583 2719 712 2798 Quintil.
735 2719 782 2783 IX
804 2722 834 2796 4,
859 2723 914 2784 93:
949 2721 1113 2797 „clausula
1138 2769 1144 2782 .
1169 2768 1176 2782 .
1202 2769 1208 2781 .
1232 2739 1248 2784 5
1272 2719 1447 2800 155555155-

225 2823 370 2886 missima
391 2826 453 2898 555,
477 2823 531 2888 555
554 2823 640 2887 uenit
663 2825 695 2885 et
727 2823 758 2885 in
781 2823 899 2900 breves,
922 2825 1064 2906 quamvis
1091 2824 1244 2887 habeatur
1267 2821 1447 2885 indifferens

225 2925 346 2989 ultima.
391 2926 501 3008 Neque
530 2927 613 2990 enlm
643 2945 699 3006 ego
722 2927 830 3007 ignoro
858 2927 974 2991 551555
997 2947 1053 3010 pro
1076 2927 1169 3008 longa
1192 2926 1289 3009 accipi
1311 2925 1446 2998 brevem,

226 3029 299 3108 quia
314 3028 436 3093 videtur
459 3030 574 3111 aliquid
597 3029 737 3094 vacantis
753 3030 902 3113 temporis
926 3049 962 3093 ex
985 3049 1030 3105 eo,
1054 3029 1135 3111 quod
1152 3029 1337 3111 insequitur,
1361 3045 1448 3090 5555-

225 3131 312 3204 dere3
336 3149 427 3196 aures
450 3136 557 3196 tamen
579 3133 746 3197 consulens
762 3151 850 3196 meas
870 3133 1019 3214 intellego
1040 3133 1178 3196 multum
1195 3133 1319 3206 referre,
1336 3148 1447 3194 verene

225 3234 318 3316 longa
341 3236 389 3310 sit,
410 3254 490 3317 quae
511 3235 617 3312 cludit
643 3254 681 3298 55
702 3254 757 3318 pro
780 3235 908 3318 longa;“
933 3235 1008 3298 106:
1033 3255 1161 3312 „omnes
1183 3236 1217 3299 hi
1239 3235 1370 3318 (pedes),
1395 3233 1448 3314 qui

225 3337 257 3398 in
280 3337 390 3400 breves
414 3335 574 3413 excidunt,
607 3338 713 3402 minus
737 3341 829 3402 erunt
851 3338 980 3402 stabiles
1004 3357 1062 3402 nec
1085 3339 1159 3402 alibi
1187 3339 1251 3403 fere
1275 3339 1352 3401 satis
1376 3335 1448 3418 apti,

226 3458 320 3519 qnam
348 3440 402 3503 ubi
426 3459 536 3504 cursus
564 3441 711 3505 orationis
738 3441 872 3522 exigitur
894 3446 926 3505 et
948 3441 1099 3505 clausulis
1129 3462 1187 3505 non
1213 3440 1447 3504 intersistitnr.“

226 3541 417 3607 Dochmium
440 3562 563 3625 quoque
586 3546 619 3608 in
642 3545 876 3608 enuntiatorum
892 3544 1008 3607 finibus
1030 3547 1068 3608 55
1088 3545 1240 3620 laudaret,
1256 3543 1448 3623 Quintiliano

225 3645 283 3724 (IX
306 3647 335 3719 4,
352 3646 409 3708 97:
434 3648 503 3722 „est
525 3648 557 3710 et
579 3647 744 3711 dochmius
767 3696 774 3710 .
799 3695 805 3709 .
830 3696 836 3708 .
861 3647 983 3711 stabilis
1005 3647 1037 3710 in
1060 3646 1209 3711 clausulis
1233 3650 1265 3710 st
1287 3645 1448 3724 severus“)

225 3747 273 3811 vir
295 3748 361 3812 ulla
383 3749 443 3812 alia
458 3767 553 3814 causa
570 3749 638 3825 fuit,
662 3769 757 3832 quam
773 3751 855 3832 5555
870 3751 980 3832 longae
996 3750 1087 3814 buius
1103 3750 1189 3833 pedis
1211 3750 1348 3831 syllabae
1365 3749 1451 3813 olau-

227 3851 304 3914 sulis
330 3852 466 3916 maxime
503 3853 667 3917 convenire
689 3852 878 3917 riderentur.
937 3853 1027 3936 Apud
1051 3855 1159 3936 poetas
1183 3853 1267 3916 enim
1290 3851 1449 3916 dochmios

226 3954 355 4017 minime
378 3973 447 4018 esse
470 3955 610 4030 stabiles,
635 3956 688 4019 sed
712 3956 987 4020 vehementissimo
1004 3955 1100 4019 animi
1122 3955 1221 4020 motui
1245 3953 1448 4037 significando

226 4105 436 4114 ——-—....-.—-

296 4181 316 4244 ¹)
336 4177 377 4230 Ab
397 4176 465 4230 Aldo
485 4175 609 4230 Manutio
627 4175 687 4230 inst.
708 4192 823 4244 gramm.
842 4177 888 4232 lib.
900 4177 939 4230 1v
958 4181 1003 4244 (=
1020 4177 1137 4232 Studem.
1157 4175 1255 4230 Anecd.
1277 4173 1341 4228 Ver.
1362 4175 1449 4238 1296)

225 4262 296 4317 idem
319 4267 433 4317 vocatur
450 4261 610 4334 ὑπόβραχυε
636 4260 651 4316 ὁ
671 4266 717 4314 καὶ
735 4261 879 4329 uolturios
897 4263 979 4331 (conl.
998 4264 1081 4316 eliam
1100 4279 1170 4330 quae
1188 4263 1232 4317 de·
1248 4259 1377 4315 Diomede
1402 4259 1447 4314 sd·

225 4353 306 4405 notat
319 4348 489 4402 Studemund
506 4349 523 4402 l.
542 4364 564 4402 c.
584 4353 639 4403 not.
657 4349 711 4416 26).

295 4435 316 4500 ⁹)
335 4433 404 4488 Mar.
419 4433 522 4489 Victor.
541 4450 566 4503 p.
588 4435 645 4500 135,
657 4435 692 4488 25
703 4433 741 4487 K:
763 4435 906 4502 „frequens
925 4434 975 4488 hoc
992 4433 1102 4487 comicis
1120 4437 1235 4487 metrum
1256 4439 1284 4486 et
1301 4432 1450 4501 praecipue

227 4521 356 4588 antiquae
377 4520 532 4574 comoediae
547 4520 723 4588 scriptoribus
736 4520 822 4574 nostri
841 4537 946 4588 quoque
959 4519 1072 4574 Plautus
1084 4525 1113 4573 et
1125 4519 1258 4573 Caecilius
1271 4523 1301 4572 et
1313 4517 1450 4586 Turpilius

226 4623 277 4660 non
298 4607 441 4674 aspernati
460 4610 533 4672 sunt,
555 4605 744 4661 Atellanarum
764 4611 856 4659 autern
875 4605 1021 4672 scriptores
1040 4605 1241 4673 appetiverunt:
1260 4603 1391 4657 ostentm
1413 4603 1449 4656 io·

226 4692 296 4747 coris
315 4692 433 4747 motibus
453 4692 603 4748 emollitum
622 4691 796 4760 gestibusque
814 4692 952 4760 agentium
971 4691 1040 4745 satis
1059 4691 1316 4746 accommodatum‘·
