3560 5242
842 350 1052 448 -.ἑξ-

335 570 512 635 mercedem
536 571 637 655 operis
659 570 764 636 infelix
788 575 925 638 structor
969 574 1043 636 tem
1110 573 1351 656 Sarpedonis
1415 589 1558 648 casum,

338 672 459 756 accipit.
968 695 1052 739 nunc
1067 675 1155 740 foede
1180 676 1383 740 subantem
1405 675 1443 738 in
1459 693 1559 738 soro·

377 774 446 840 Illic
483 775 645 841 Vulcanus
682 776 764 842 Iovis
802 777 923 842 fulmen
967 797 1045 842 rom
1075 779 1134 842 sub
1167 778 1463 843 commemoratione
1493 795 1556 840 nou

337 897 410 941 oum
446 882 571 943 Aeneae
608 880 704 944 annis
742 881 773 944 in
810 880 923 944 incude
967 881 1012 944 ita
1036 880 1223 944 dilectarum
1246 881 1310 945 iam
1334 880 1457 964 pridem
1479 881 1558 944 ami-

336 981 521 1056 iabrieatur‚
550 1002 623 1046 eum
650 984 772 1047 caelum
803 987 835 1047 et
863 981 925 1046 ful·
943 1037 947 1060 ,
967 1002 1085 1047 carum,

334 1085 421 1148 mina
444 1089 475 1149 et
497 1085 624 1168 fulgura
646 1085 737 1167 longe
761 1087 833 1150 ante
857 1085 924 1150 fue·
1011 1087 1129 1151 Exinde
1175 1086 1245 1168 quis
1288 1105 1350 1150 non
1388 1088 1481 1168 poeta
1518 1103 1555 1149 cx

335 1186 414 1264 rint,
452 1206 547 1269 quam
584 1188 725 1272 Iuppiter
761 1189 792 1251 in
830 1188 924 1254 Creta
968 1189 1154 1254 auctoritate
1179 1188 1327 1272 principis
1351 1189 1436 1269 sui1)
1463 1188 1557 1254 dede-

335 1292 532 1365 nasoeretur‚
555 1293 587 1354 et
609 1291 754 1354 flammas
777 1293 841 1356 veri
864 1290 924 1354 ful-
967 1294 1090 1356 corator
1111 1292 1268 1356 invenitur
1290 1291 1442 1356 deorum?
1483 1291 1556 1354 Hic

335 1392 428 1456 minis
461 1411 519 1458 nec
542 1391 675 1475 Cyclops
696 1395 834 1477 potuerit
855 1394 924 1458 imi·
966 1394 1187 1477 Apollinem
1209 1395 1368 1459 Admeto
1391 1393 1473 1476 regi
1496 1412 1557 1476 pa

336 1495 395 1559 tari
418 1513 476 1558 neo
497 1496 563 1578 ipse
579 1494 720 1578 Iuppiter
735 1515 798 1560 non
813 1497 922 1561 vereri.
967 1497 1124 1562 scendis
1157 1498 1361 1579 pecoribus
1396 1495 1554 1572 addicit,

377 1595 460 1675 Quid
482 1597 721 1679 loquarMartis
746 1599 922 1664 etVenerr's
965 1601 1033 1664 ille
1089 1601 1261 1683 Neptuni
1318 1599 1554 1664 structorias

335 1699 524 1764 adulterium
562 1701 791 1785 deprehensum
825 1703 920 1766 etin
966 1722 1101 1787 operas
1145 1702 1394 1766 Laomedonti
1439 1702 1553 1766 locat.

334 1801 540 1885 Ganymeden
561 1801 643 1868 Iouis
668 1810 812 1888 stuprum
835 1805 921 1868 caclo
966 1807 1025 1869 Est
1047 1809 1079 1870 et
1100 1806 1152 1870 ille
1176 1805 1214 1869 de
1237 1804 1341 1887 lyricis
1368 1803 1554 1883 (Pindarum

334 1908 576 1971 consecratum?
600 1926 678 1988 quae
695 1908 799 1972 omnia
814 1908 846 1970 in
863 1907 921 1971 hoc
966 1908 1057 1988 dico),
1073 1909 1126 1989 qui
1142 1908 1366 1991 Aesculapium
1382 1905 1467 1970 canit
1481 1924 1555 1970 ava-

332 2008 500 2092 prodita,
550 2013 586 2072 ut
629 2009 712 2074 vitiis
756 2011 921 2074 hominum
964 2013 1057 2077 ritiae
1093 2013 1219 2086 merito,
1257 2010 1331 2092 quia
1363 2009 1554 2074 medicinam

333 2111 489 2192 quaedam
512 2113 682 2176 auctoritas
705 2117 877 2195 pararetur.
966 2116 1117 2180 nocenter
1132 2113 1304 2189 exercebat,
1326 2111 1458 2176 iulrnine
1474 2111 1555 2175 iudi-

967 2220 1083 2282 catum.
1129 2217 1234 2280 Malus
1256 2215 1413 2298 luppiter,
1444 2215 1469 2278 si
1492 2213 1555 2277 ful-

966 2338 1040 2384 men
1068 2320 1153 2383 illius
1175 2323 1237 2396 est,
1266 2319 1382 2402 impius
1404 2319 1437 2381 in
1459 2335 1555 2400 nepo·
1667 2359 1673 2368 -

965 2427 1046 2498 tem,
1068 2421 1192 2487 invidus
1215 2423 1248 2485 in
1271 2421 1432 2486 artificem.
1465 2419 1554 2484 Haec

968 2545 1070 2609 neque
1098 2543 1170 2589 vera
1198 2523 1305 2608 prodi
1338 2541 1440 2604 neque
1472 2520 1554 2585 falsa

966 2629 1101 2710 confingi
1112 2628 1194 2711 apud
1203 2626 1453 2709 religiosissimos
1464 2642 1554 2707 opor·

967 2732 1065 2796 tebet,

1008 2834 1075 2898 Nec
1096 2832 1207 2915 tragici
1230 2831 1356 2914 quidem
1373 2833 1429 2894 aut
1443 2828 1553 2894 cornici

965 2940 1112 3020 parcunt,
1151 2940 1187 2999 ut
1219 2955 1282 2999 non
1316 2951 1484 2998 aerumnas
1520 2935 1553 2996 et

965 3057 1085 3103 errores
1108 3039 1220 3103 domus
1244 3038 1375 3102 alicuius
1399 3036 1449 3100 dei
1463 3053 1553 3118 prae·

965 3142 1080 3206 lentur.

1008 3245 1108 3309 Taceo
1130 3244 1168 3308 de
1191 3242 1397 3326 philosophis,
1423 3241 1551 3306 Socrate

966 3350 1134 3412 contentus
1159 3395 1165 3409 .
1190 3395 1196 3409 .
1221 3397 1228 3410 .

416 3450 485 3529 Quo
518 3453 585 3516 loco
611 3453 841 3516 Tertullianum
870 3450 998 3515 Minucii
1029 3450 1161 3531 vestigia
1194 3447 1345 3532 pressisse
1379 3450 1467 3523 sunt,
1497 3447 1551 3528 qui

331 3553 558 3618 contenderint.
603 3557 646 3618 At
668 3556 784 3619 similia
806 3557 957 3638 leguntur
980 3554 1019 3618 ad
1042 3557 1107 3617 nat.
1130 3552 1212 3629 110,
1235 3551 1324 3616 ouius
1346 3551 1456 3633 capitis
1480 3549 1552 3613 doo-

331 3656 447 3719 trinam
476 3657 513 3720 ad
537 3656 686 3722 Varronis
716 3677 820 3723 rerum
849 3659 1025 3722 divinarum
1052 3658 1148 3722 libros
1175 3653 1373 3718 referendam
1395 3671 1464 3716 esse
1487 3670 1552 3716 cre-

330 3758 455 3822 dideris.
511 3759 594 3822 Nam
624 3765 859 3842 praeterquam,
895 3761 978 3843 quod
1011 3761 1075 3823 illic
1104 3759 1251 3822 Varronis
1278 3774 1393 3820 nomen
1423 3755 1553 3819 affertur

331 3861 362 3945 (l.
386 3881 413 3926 o.
436 3881 465 3944 p.
491 3861 562 3937 167,
587 3862 634 3943 7),
658 3862 907 3927 concludendum
936 3863 1059 3927 videtur
1081 3881 1118 3926 ex
1141 3865 1219 3942 Aug.
1242 3859 1276 3925 C.
1299 3859 1338 3922 D.
1362 3857 1406 3921 VI
1429 3859 1448 3920 5
1471 3877 1552 3939 sqq.,

331 3964 385 4028 ubi
409 3965 457 4028 ‘de
480 3965 581 4029 tribus
604 3965 771 4046 generibus
794 3966 968 4049 theologiae
990 3964 1164 4030 secundum
1186 3957 1376 4037 Varronem,
1397 3960 1551 4036 fabuloso,
1635 4013 1640 4020 .

331 4066 483 4142 naturali,
517 4067 608 4131 cirili*
642 4068 759 4149 agitur,
793 4069 1022 4133 Tertullianum
1056 4085 1106 4142 ea,
1138 4085 1218 4147 quae
1245 4065 1343 4129 Varro
1372 4062 1409 4127 de
1438 4080 1551 4144 genere

331 4171 473 4234 fabuloso
502 4171 661 4246 disseruit,
692 4171 724 4234 in
752 4191 818 4236 rom
847 4190 938 4235 suam
967 4171 1170 4235 convertisse:
1199 4168 1236 4233 of.
1266 4167 1305 4232 ad
1329 4171 1393 4230 nat.
1417 4165 1432 4228 I
1458 4165 1497 4228 10
1520 4185 1551 4248 p.

333 4274 404 4349 168,
422 4275 476 4342 11;
500 4277 579 4356 Aug.
597 4273 630 4338 C.
648 4275 684 4338 D.
700 4273 746 4336 VI
763 4273 828 4337 71Ι
851 4296 878 4358 p.
896 4275 968 4352 258,
986 4275 1006 4336 8
1022 4273 1133 4338 Domb.
1150 4309 1190 4319 -
1208 4272 1247 4336 ad
1269 4273 1334 4336 nat.
1351 4271 1371 4334 l.
1388 4289 1414 4332 c.
1430 4289 1460 4352 p.
1478 4270 1553 4344 168,

400 4569 420 4633 ¹)
440 4581 474 4618 sc.
490 4565 609 4619 Homeri.
