3546 5236
771 437 833 500 143

182 653 248 698 non
270 631 400 698 memini
425 651 564 715 anquam
580 631 737 696 Senecam
758 630 800 697 de
817 651 872 696 ore
888 630 1008 714 Lunae,
1031 637 1186 712 tanquam
1201 627 1293 712 deae,
1317 628 1415 712 loqui.

183 760 244 806 neo
268 739 379 805 dubito
404 738 479 822 quin
504 737 672 823 scripserit
693 739 788 802 orbe.
827 759 856 802 v.
871 737 957 804 bled.
973 740 1030 803 97:
1055 758 1123 801 arm
1142 737 1262 801 Phoebe
1283 737 1414 801 solidam

184 848 296 912 amem
313 867 376 911 aon
393 867 450 910 sao
466 846 568 912 orbem
585 847 720 910 eiratttis
738 845 881 910 eoraibas
899 846 1012 926 alliam.
1045 840 1182 907 Phaedr.
1200 845 1277 908 744:
1301 845 1416 907 ebrior

183 961 297 1038 armato
321 950 479 1037 (Phoebe)
503 955 596 1017 micat
617 952 689 1016 orbe
706 952 808 1035 pleno.
854 958 922 1018 nat.
947 956 1072 1034 quaest.
1097 949 1158 1012 Vll
1183 952 1230 1033 10,
1250 951 1271 1015 2
1295 951 1416 1015 labaris

183 1061 238 1128 illo
260 1061 368 1127 orbita.
414 1058 460 1123 Vl
483 1061 513 1143 3,
536 1061 557 1123 3
576 1061 684 1143 plures
706 1058 780 1124 solis
802 1059 899 1123 orbes.

293 1183 339 1250 de
361 1190 485 1267 tranq.
510 1203 566 1249 an.
582 1185 612 1266 9,
636 1186 671 1247 2:
700 1184 854 1248 dammas
876 1183 1092 1248 eoatiaerrtiam
1114 1203 1233 1266 meyero,
1259 1183 1416 1247 leoteriam

293 1313 440 1371 coerom,
470 1292 601 1372 plordom
636 1297 813 1372 temperare,
845 1291 1038 1354 iramadiam
1070 1279 1180 1369 lenire.
1201 1295 1416 1373 paupertatem

293 1401 398 1482 oeqas's
431 1399 527 1463 ooals's
558 1399 704 1480 aspicere,
732 1397 948 1480 frapalitatem
985 1397 1092 1476 colere,
1131 1397 1228 1460 etiam·
1258 1398 1287 1460 si
1320 1417 1417 1460 abac

294 1506 418 1570 callae
435 1504 563 1588 pudebit
584 1505 663 1566 elas
681 1504 870 1587 populare.

187 1629 235 1694 ita
257 1629 358 1694 verba
381 1627 550 1693 constituit
565 1627 723 1692 Gertzius.
755 1625 842 1693 idem
862 1625 1050 1692 eodioemA
1074 1626 1155 1692 haee
1178 1626 1298 1693 habero
1322 1627 1415 1694 dioit:

186 1740 279 1802 etiam
306 1738 338 1801 si
368 1731 534 1820 raetosffl)
560 1735 686 1819 pudebit
713 1737 746 1798 ei
767 1735 868 1818 ples,
903 1733 962 1798 sed
989 1733 1139 1799 voonlam
1165 1737 1199 1798 st
1226 1741 1259 1800 et
1280 1735 1415 1821 primam

188 1843 318 1909 litterae
341 1865 372 1907 m
393 1841 547 1907 lineolam
571 1841 604 1905 in
627 1861 743 1906 rasura
765 1860 787 1905 a
809 1860 907 1905 manu
930 1840 1044 1926 prima,
1069 1847 1104 1906 ut
1123 1840 1185 1907 sibi
1199 1841 1304 1908 visum
1320 1849 1417 1925 esset,

189 1951 329 2037 scriptas
353 1969 427 2016 esse
451 1955 484 2014 et
506 1955 583 2034 post
603 1949 669 2012 mat
691 1967 790 2032 supra
814 1967 943 2014 versum
965 1947 1106 2013 litteram
1125 1948 1277 2033 aliquem,
1300 1956 1382 2014 taut
1398 1952 1417 2031 l,

189 2077 274 2141 quae
297 2063 373 2123 ante
396 2055 564 2141 adscripta
587 2053 712 2139 fuisset,
736 2074 863 2121 erasam
888 2073 970 2121 esse.
1008 2054 1083 2120 inP
1107 2063 1171 2120 est:
1196 2059 1286 2121 etiam
1308 2059 1420 2122 simol

188 2167 253 2229 tos
276 2165 401 2249 prtdebd
428 2166 460 2229 ei
483 2164 580 2247 ptos.
628 2162 660 2226 in
693 2161 809 2245 quibus
837 2161 917 2227 nihil
945 2161 1036 2228 aliud
1068 2161 1260 2229 delitescere
1291 2163 1421 2229 videtur

190 2269 268 2336 nisi:
297 2274 389 2336 ettam
415 2273 445 2335 sl
465 2271 597 2334 maltos
619 2270 747 2353 perdedit
769 2271 856 2335 elas.
903 2288 978 2333 nam
1004 2271 1115 2335 maltos
1138 2289 1160 2334 a
1182 2268 1348 2354 Madvigio
1371 2290 1420 2336 re·

190 2385 315 2463 pertum
347 2377 381 2442 in
413 2375 647 2441 dubitationem
679 2394 798 2442 voeare
829 2395 894 2441 non
927 2375 1068 2443 debebat
1095 2375 1263 2459 Gertzius3
1297 2379 1421 2463 eiplas

190 2502 267 2550 vero
291 2483 409 2550 litteris
431 2482 581 2548 voeabuli
608 2486 674 2548 etas
698 2481 800 2568 (elias)
828 2481 913 2549 hune
941 2483 975 2547 in
1002 2483 1146 2550 modum:
1179 2487 1266 2549 aas
1294 2487 1336 2566 (ei
1357 2488 1420 2566 ias)

191 2589 359 2676 diremptis
378 2597 482 2656 ortam
506 2608 580 2656 esse
602 2597 691 2674 puto.
723 2591 825 2674 templi
844 2593 910 2655 etas
928 2589 1212 2656 commendaverat
1226 2589 1421 2675 Madvigius,

191 2701 257 2763 etas
281 2700 379 2762 aelios
401 2696 555 2763 Koohius.

299 2820 344 2888 de
369 2821 502 2887 brevit.
525 2820 633 2885 vitae
661 2823 760 2903 18,4:
785 2825 886 2886 maias
909 2824 1053 2906 oalddam
1076 2829 1105 2887 et
1126 2823 1218 2887 altius
1240 2823 1278 2888 de
1301 2829 1329 2889 te
1346 2845 1420 2907 pro

298 2931 438 2994 miseros.
493 2949 556 2994 aaa
588 2925 747 3014 deenen)
780 2935 808 2993 et
832 2931 1026 3011 srapalitatts
1062 2935 1187 2994 eaaotae
1221 2931 1358 2996 domim
1393 2937 1423 2996 et

301 3035 470 3100 laboriosae
493 3056 613 3119 operae.
652 3042 735 3100 taato
758 3038 880 3120 aptiora
903 3037 1147 3120 exportandis
1170 3035 1314 3102 ooerdbas
1332 3039 1423 3103 tarda

299 3145 433 3206 torrento
461 3149 533 3206 seret
559 3162 650 3225 qaam
676 3141 791 3206 stabiles
819 3145 896 3225 eqai,
926 3163 1057 3226 potorum
1086 3163 1268 3225 peaerosam
1290 3146 1424 3228 persici·

301 3256 393 3313 latera
416 3251 484 3332 qais
505 3269 654 3335 araqaam
673 3250 764 3331 praei
784 3251 909 3314 saraiae
927 3251 1061 3333 pressa

194 3371 388 3459 exportandi
416 3372 547 3437 verbnm
579 3372 684 3438 loonm
713 3371 765 3437 hio
798 3371 919 3439 babere
951 3373 1020 3439 iure
1047 3371 1233 3456 Madvigius
1267 3371 1311 3455 (ll
1343 3376 1423 3455 400)

192 3479 334 3563 negavit
393 3499 505 3544 verum
541 3486 650 3544 tamen
687 3501 726 3565 ee
767 3498 831 3544 non
868 3499 1000 3565 prorsus
1037 3479 1250 3563 abiciendam,
1293 3479 1352 3546 sed
1390 3480 1423 3545 in

194 3586 270 3668 ern)
299 3585 486 3651 mutandum
515 3606 589 3651 esse
616 3585 763 3650 arbitror.
817 3584 862 3650 ad
890 3585 982 3651 Helv.
1010 3584 1051 3651 de
1080 3586 1199 3652 consol.
1230 3591 1265 3669 ὁ,
1293 3589 1329 3652 3:
1364 3589 1426 3652 iltis

190 3697 295 3777 pravis
318 3701 362 3758 ert
390 3691 554 3776 (fortuna),
584 3693 692 3777 quibas
719 3696 878 3778 repentina
906 3701 965 3758 ert:
990 3695 1088 3777 saoile
1116 3715 1183 3759 eom
1205 3697 1342 3776 adtinet,
1372 3697 1426 3778 pai

193 3823 315 3886 semper
338 3809 484 3886 espectet.
530 3823 603 3866 earn
626 3808 653 3865 et
676 3803 807 3865 bostiam
830 3801 976 3866 adventas
999 3821 1050 3865 eos
1067 3803 1248 3885 prosternit,
1277 3821 1352 3885 qaos
1379 3805 1425 3866 ia-

193 3911 349 3992 optaaatis
372 3911 536 3992 occoeperit.

289 4173 322 4243 ¹⁰)
341 4147 457 4231 stmulbs
477 4177 505 4240 (b
524 4193 609 4230 menn
628 4175 757 4240 seeundo.)
773 4177 797 4229 A
815 4175 964 4231 seeundum
979 4175 1114 4230 Braneam
1133 4180 1162 4232 et
1174 4176 1315 4246 Bugntnm
1333 4175 1428 4239 habet,

195 4281 264 4333 quos
282 4264 351 4333 quid
368 4265 399 4319 in
417 4264 519 4319 rasuris
537 4265 639 4320 lateret
657 4265 726 4318 bene
745 4263 894 4334 disperisse
913 4265 1038 4319 (lertaius
1058 4263 1130 4319 dixit
1148 4265 1244 4334 (praef.
1259 4264 1326 4320 edit.
1341 4265 1428 4334 pil).

290 4352 323 4420 ¹¹)
351 4357 447 4407 derunt
474 4353 504 4407 in
527 4355 552 4407 Δ
575 4352 680 4422 legitur
702 4371 738 4407 m.
761 4355 791 4416 l.,
820 4353 893 4422 qnod
917 4371 953 4407 m.
972 4355 997 4408 3.
1026 4353 1055 4407 in
1079 4357 1189 4408 deerunt
1212 4358 1353 4409 mutatum
1377 4359 1427 4409 est.

196 4461 221 4496 v.
240 4459 323 4512 supra
341 4459 368 4512 p.
385 4443 436 4496 130
454 4443 547 4497 adnot.
567 4444 608 4497 61.

291 4529 322 4600 ¹¹)
341 4531 432 4586 simile
455 4533 557 4586 vitium
579 4531 781 4587 emendandum
805 4534 847 4586 est
870 4548 912 4600 ep.
931 4549 999 4586 mor.
1018 4530 1071 4584 XII
1090 4533 1115 4594 3,
1134 4532 1169 4585 40
1193 4531 1223 4584 ln
1245 4530 1349 4585 verbis:
1374 4549 1426 4587 non

197 4639 231 4676 ee
249 4624 324 4676 ebore
348 4631 457 4676 santum
476 4622 594 4676 Pbr'dr'as
617 4623 714 4676 sciebat
733 4622 825 4687 faeere
842 4622 1000 4688 simulacra,
1019 4621 1169 4686 faciebat
1188 4638 1227 4675 sa
1245 4638 1329 4674 aere.
1366 4637 1430 4675 anm

197 4719 302 4764 tantum
321 4710 476 4780 praecedat,
496 4713 562 4766 ante
580 4728 614 4765 ear
626 4709 799 4781 particulam
819 4717 849 4765 et
867 4709 996 4764 omissam
1015 4725 1073 4764 esse
1091 4712 1178 4779 patet
