3548 5256
914 359 958 424 82

323 549 507 629 ίιπεξελθεῖν,
531 551 589 641 οὐχ
612 553 676 641 ἅμα
699 557 846 640 πλείονες,
870 554 936 620 ἀλλ’
960 552 1003 627 είς
1025 558 1134 627 καθείς
1158 552 1191 633 (l.
1204 555 1325 634 καθείς)
1350 551 1475 640 ἐξῄεσαν
1497 550 1549 616 ένα

323 659 551 748 λαμβάν(οντες)
567 661 763 748 ἀστράγαλον,
784 661 831 738 ἵν’,
856 661 924 729 όταν
938 661 1061 748 ἐξέλθῃ,
1085 666 1194 726 θᾶττον
1207 659 1300 736 εἰσίοι,
1324 665 1376 725 καὶ
1396 660 1423 724 οἱ
1442 658 1549 724 ἐναπο·

323 769 474 855 μείναντες
496 771 577 835 ἔνδον
601 775 788 858 παραμένωσι
811 768 886 856 (εἴα)
915 774 964 836 τόν
992 769 1023 842 ἐξ
1051 768 1101 858 ἀρ’
1130 765 1213 853 ἱεροῖς
1240 765 1410 856 ἐληλυθότα
1439 764 1550 850 είστρο-

324 877 419 964 πάδην
444 873 529 962 (sic).

414 986 466 1050 91.
490 986 624 1067 βλέπων
648 983 767 1050 ἐκεῖσε
790 986 881 1070 δεῦρ’
906 984 987 1049 ἄνυε
1012 984 1045 1066 (l.
1061 981 1147 1070 ἀνίει)
1170 982 1328 1065 τάγαθά·
1352 985 1426 1056 ἔθος
1439 981 1476 1070 ἦν
1487 991 1549 1054 τοῖς

325 1086 506 1178 Ἀθηναίοις
530 1091 696 1174 (υέιοίίυίιε
718 1091 808 1158 diese
822 1091 933 1158 Worte
947 1113 985 1157 zu
1001 1091 1170 1178 sprechen)
1195 1095 1268 1179 μετὰ
1282 1096 1314 1155 τὸ
1329 1091 1478 1174 ἐπιβαλεῖν
1490 1101 1550 1162 τοῖς

325 1199 572 1286 (θαπτομένοιςῖ)
596 1205 648 1287 τὴν
670 1206 880 1287 προσήκουσαν
906 1213 962 1288 γην
983 1205 1035 1266 καί
1058 1205 1267 1287 πανσπερμίαν.
1314 1198 1362 1263 Zu
1385 1196 1548 1282 Aristoph.

324 1305 404 1370 Rau.
431 1308 516 1372 1462
540 1306 597 1372 hat
620 1306 678 1372 der
701 1307 844 1374 Venetus
866 1311 933 1373 474
957 1305 1127 1392 folgenden
1151 1306 1318 1372 Scholion:
1343 1305 1411 1371 ἀλλ’
1437 1303 1548 1370 ἐνθένδ’

325 1411 407 1497 ἀνίει,
431 1413 567 1494 ταγαθάε
592 1418 688 1499 παρὰ
707 1419 772 1501 τὴν
791 1415 1001 1503 παροιμίαν·
1026 1414 1101 1480 ἐκεῖ
1120 1417 1301 1497 βλέπουσα
1320 1412 1411 1498 δεῦρ’
1429 1411 1550 1500 ἀνίησι

325 1519 357 1602 (l.
382 1519 469 1600 ἀνίει)
493 1520 650 1604 τάγαθά.

413 1631 464 1694 92.
488 1634 629 1716 γράψας
643 1627 677 1714 (Ι.
691 1634 857 1715 γράψαις)
877 1634 963 1714 πρὸς
977 1634 1038 1716 την
1053 1628 1237 1716 ’Ἃρτεμινι
1263 1628 1293 1694 S.
1309 1628 1392 1693 oben
1406 1649 1437 1712 p.
1456 1625 1550 1710 llfg.

413 1733 509 1822 93ai
542 1739 667 1823 μίλτος
698 1734 718 1822 ἡ
750 1737 782 1802 ἐν
816 1734 964 1823 Λήμνῳ·
998 1735 1045 1800 ἐπὶ
1080 1747 1138 1802 τῶν
1174 1733 1216 1809 εἴς
1248 1737 1346 1800 πολλὰ
1378 1735 1549 1821 χρησίμων·

324 1848 454 1927 παρόσον
476 1839 552 1930 αὕτη
575 1841 618 1916 εἴς
640 1845 740 1908 πολλὰ
763 1849 898 1930 χρησίμη
922 1842 1007 1910 ἐστίν.
1630 1854 1633 1858 ’

367 1995 369 2001 ·
413 1951 464 2015 94.
487 1947 614 2036 κοντ(ῷ
644 1949 866 2037 μηλοιρᾷςῖ)·
900 1954 977 2014 κατὰ
999 1962 1054 2016 τῶν
1078 1953 1114 2013 τὰ
1137 1949 1238 2038 ἄδηλα
1260 1953 1370 2022 τελέως
1392 1971 1551 2035 τεκμαιρο-

324 2060 431 2142 μὲνων·
455 2056 581 2140 ὡσπερεί
595 2059 676 2138 λέγοι
690 2079 733 2128 τις
746 2061 936 2122 κοντδνκ..
961 2061 1055 2122 θ...
1081 2059 1370 2142 διὰ...ψηλαρης.
1396 2053 1550 2144 Σιίρρων

323 2161 356 2227 ἐν
385 2160 596 2249 ΙΙρομυθίιρ·
624 2177 720 2248 κυντῖρ
748 2165 893 2251 μηλαριῑνν
922 2160 992 2228 αὐτὸ
1016 2168 1120 2250 τίνψγγς.
1168 2166 1247 2229 ἔοικε
1270 2166 1301 2228 δὲ
1324 2159 1494 2251 διαρ(έρειν)
1517 2166 1551 2227 τὸ

324 2271 465 2355 ψηλαφᾶν
487 2280 540 2335 τοῦ
564 2273 717 2360 μηλαροῖν,
740 2270 806 2357 ἤτοι
831 2270 934 2337 ὅτιτὸ
958 2277 1011 2359 μὲν
1033 2276 1069 2336 τὸ
1093 2271 1126 2336 δι’
1152 2270 1253 2356 ἑτέρου
1278 2268 1437 2346 ἅπτεσθαι,
1461 2273 1497 2334 τὸ
1520 2271 1552 2334 δὲ

324 2380 469 2464 ψηλαραῖν
488 2375 627 2465 (μόνονῖ)
656 2378 717 2443 ἐστὶ
743 2389 808 2452 ταῖς
830 2383 915 2466 χερσί
938 2383 1038 2460 θιγεῖν.
1085 2378 1158 2462 Vgl.
1180 2375 1320 2462 Hesych.
1343 2377 1435 2442 Phot
1459 2375 1551 2442 Eunt.

324 2506 353 2570 p.
381 2487 474 2570 1390,
498 2488 542 2552 30
569 2488 767 2574 μηλαρησαι·
792 2489 975 2574 ψηλαρῆααι
1023 2486 1093 2552 Das
1122 2485 1192 2552 hier
1215 2485 1340 2552 citierte
1365 2483 1467 2550 Stnek
1491 2482 1551 2550 des

325 2591 473 2678 Sophron
496 2612 565 2657 war
588 2592 697 2658 bisher
720 2592 809 2659 nicht
831 2593 984 2688 liekannt.

343 2758 352 2766 .
413 2703 464 2766 95.
485 2702 645 2787 χαλεπὸς
659 2704 736 2784 βίος
747 2699 868 2789 ἴσρνια
883 2697 1029 2789 (1.ἴσρνι’)
1044 2700 1208 2782 ἄγοντος·
1223 2705 1295 2788 ραοί
1307 2722 1384 2773 τινες
1397 2704 1552 2787 σημαίνειν

322 2812 373 2874 τὸν
396 2811 618 2895 θρυλλοίνμενον
640 2808 712 2888 (sie)
737 2821 793 2874 τῶν
816 2815 968 2896 κεραμέων
992 2812 1120 2875 πλοῦτον
1143 2813 1196 2874 καί
1219 2813 1273 2882 τὰς
1295 2807 1337 2882 εἰς
1359 2811 1396 2871 τὰ
1419 2807 1553 2893 ὄστρακα

322 2915 460 2989 ἐλπίδας·
495 2915 594 3003 ἴσρνια
625 2919 682 3001 γάρ
709 2919 824 2997 λέγεται
851 2920 888 2980 τὰ
914 2923 1086 3003 περιοτόμια
1113 2928 1172 2984 τῶν
1204 2921 1355 3003 κεράμων,
1388 2914 1464 3000 άπερ
1496 2913 1553 2981 εἴσί

323 3035 491 3106 πολλάκις.
508 3081 515 3096 .
532 3057 571 3098 ων
593 3011 677 3120 τμηβ
706 3032 750 3114 (d.
774 3031 804 3098 h.
828 3035 999 3121 τμηματα)·
1028 3031 1074 3097 δτι
1097 3035 1153 3117 γὰρ
1176 3041 1269 3097 ταῦτα
1291 3028 1385 3105 οὕτως
1407 3034 1551 3106 καλεῖται,

324 3152 411 3236 δηλοῖ
434 3146 633 3235 Εὐριπίδης
656 3149 692 3214 έν
715 3161 759 3234 τῷ
783 3147 1021 3234 Πρωτεσιλάῳ
1045 3153 1151 3230 λέγων·
1176 3127 1243 3236 &iifl
1270 3146 1313 3230 (ιλ
1335 3148 1356 3212 i.
1380 3149 1552 3234 δηλοῦσαῖ)

323 3260 428 3343 λαιμὸν
451 3254 472 3342 ἢ
495 3256 615 3321 mooli&
632 3255 680 3320 ἀπ’
704 3254 816 3343 ἰσφνίυυ
838 3261 1000 3344 κεωθμιῐννα
1017 3268 1145 3343 πηγαῖον
1164 3252 1251 3341 ὕδωρ.
1285 3255 1332 3320 Zu
1346 3254 1554 3338 vergleiohen

324 3363 369 3429 ἰοί
387 3363 448 3428 das
464 3362 662 3448 Spriehwort
683 3369 835 3450 κεραμέως
859 3365 999 3442 πλοῦτος,
1031 3383 1056 3429 s.
1082 3363 1165 3429 oben
1188 3384 1218 3447 p.
1243 3365 1284 3428 78
1308 3382 1357 3428 no.
1382 3366 1435 3430 61.
1481 3362 1554 3430 Das

324 3471 416 3536 Wort
427 3470 536 3559 ἴσρνια,
553 3470 614 3536 das
627 3468 697 3537 hier
711 3468 812 3536 durch
826 3470 878 3536 ein
892 3468 1080 3537 verderbtes
1093 3469 1180 3535 citat
1190 3490 1249 3536 aus
1260 3467 1433 3554 Euripides
1443 3468 1555 3553 belegt

325 3577 414 3662 wird,
434 3576 514 3643 fehlt
536 3577 569 3641 in
589 3577 698 3663 Steph.
718 3577 815 3644 Thes.
829 3577 896 3643 und
913 3577 947 3642 in
963 3577 1026 3644 den
1040 3576 1317 3644 Wiirterbuohem.
1351 3576 1555 3666 Βευεῖσρνια

325 3684 414 3752 nieht
437 3692 521 3750 etwa
544 3684 695 3750 verderbt
714 3685 766 3764 ist,
791 3685 927 3751 beweist
941 3683 996 3751 die
1011 3684 1127 3752 &losse
1142 3683 1201 3751 des
1216 3683 1398 3769 Hesychios
1411 3683 1553 3773 ίαμαῖνει·

324 3805 460 3881 μεριμνᾷ,
485 3791 605 3877 ἀγωνιᾷ.
644 3793 680 3856 In
699 3790 865 3858 iihnlieher
878 3793 988 3858 Weise
1003 3793 1126 3859 erkliirt
1140 3791 1322 3877 Hesychios
1337 3792 1398 3858 das
1413 3793 1555 3860 Verbum

322 3901 501 3988 ἰσθμαίνεινι
539 3899 678 3984 Hesych.
719 3898 899 3985 ίαθμοιίνιυν·
939 3899 1131 3986 ἀσθμαίνων,
1168 3904 1342 3990 φροντίζωνκ
1377 3900 1552 3990 ἀνιώμενος.

324 4007 461 4074 Danaeh
485 4007 611 4074 seheint
634 4007 717 4073 auch
742 4007 855 4096 ἴσρνιον
885 4007 957 4074 eine
980 4007 1175 4075 Nebenform
1199 4005 1258 4074 des
1280 4006 1409 4074 Wortes
1429 4008 1554 4098 ἴσθμιον

325 4138 364 4182 zu
388 4116 467 4200 sein,
495 4114 556 4182 das
583 4115 617 4179 in
641 4115 704 4180 den
727 4114 996 4182 Wbrterbuchem
1019 4115 1079 4180 mit
1101 4122 1284 4202 περιστόμιον
1308 4116 1431 4181 οτίιίέιι
1453 4116 1553 4182 wird:

324 4223 463 4308 Hesych.
488 4223 623 4310 ἴσθμιον·
652 4225 880 4311 περιτραχήλιον
906 4230 1060 4311 κόσμημα
1093 4230 1310 4310 περιστόμιον.·
1336 4222 1456 4290 Moeris
1483 4225 1553 4290 Att.

320 4333 445 4420 ἴσθμιον
480 4329 624 4415 Ἀττικοί,
661 4337 851 4418 περιστόμιυν
879 4329 898 4416 ἢ
927 4336 1062 4418 ρρεάτιον
1088 4330 1252 4418 Ἕλληνες.
1308 4329 1400 4397 Phot.
1425 4331 1554 4419 ἴσθμια·

324 4446 511 4527 περιστόμια,
539 4441 763 4526 περιτραχήλια.
801 4476 837 4484 -
870 4438 1008 4525 ἴσθμιον·
1045 4443 1078 4504 τὸ
1113 4447 1164 4503 τοῦ
1197 4445 1327 4527 ρρέοιτος
1359 4445 1553 4526 περιστόμιον.

327 4546 417 4613 Suid.
430 4545 554 4633 ἴσθμια·
579 4551 764 4633 περιστόμια,
789 4548 964 4630 περιδέραια,
981 4549 1208 4634 περιτραχηλια.
1225 4595 1257 4610 ..
1279 4545 1426 4633 ἴσθμιον
1448 4545 1555 4635 ἀμιρι-

327 4667 465 4744 ρορηος
488 4651 710 4740 ὁτράχηλος
732 4663 794 4720 τοῦ
817 4659 979 4742 κεράμου
1003 4656 1060 4722 διὰ
1088 4657 1127 4726 τὸ
1151 4658 1273 4728 στενδς
1296 4652 1395 4720 εἶναι
1442 4653 1557 4731 Damit
