3598 5226
739 395 946 494 Q

233 637 266 676 ex
284 621 302 676 S
320 621 445 677 lectionis
463 619 673 690 discrepantiam
696 619 915 676 aStudemundo
939 635 1009 675 anno
1035 619 1101 674 1867
1123 619 1157 676 ad
1181 619 1296 687 paginas
1321 617 1448 674 editionis

234 707 433 764 Meibomianae
452 705 476 774 t,
496 707 571 772 1-3,
588 706 623 758 30
640 710 787 762 enotatam.

301 914 370 983 Hos,
394 928 460 981 quus
478 911 603 980 deinceps
624 911 803 977 enumerabo,
828 911 932 966 codices
951 910 1118 965 Studemund
1136 911 1254 981 inspexit
1273 909 1380 979 quidem
1398 925 1450 965 nec

234 1005 326 1055 tamen
352 1000 474 1055 conterre
501 997 591 1066 potuit
617 1002 729 1066 propter
756 997 884 1065 temporis
911 996 1052 1064 angustias
1083 1013 1143 1051 cum
1170 994 1298 1051 Aristidis
1329 995 1450 1052 editione

233 1084 428 1140 Meibomiana:

804 1187 875 1252 VII.

302 1290 392 1346 codex
411 1291 529 1347 Venetus
548 1289 703 1346 Marcianus
722 1289 800 1344 class.
818 1288 856 1343 VI
876 1305 946 1343 num.
968 1289 1000 1341 10
1018 1288 1240 1344 membranaceus
1257 1288 1302 1344 iol.
1322 1303 1392 1344 saec.
1411 1287 1449 1341 Xl

235 1376 408 1445 dignissimus
434 1383 490 1444 est,
513 1378 558 1445 qui
584 1375 737 1431 accuratius
761 1375 937 1429 examinetur.
979 1372 1012 1429 Iu
1034 1373 1128 1430 ultimo
1146 1373 1211 1429 folio
1228 1389 1307 1431 οεεοο
1325 1372 1392 1429 baec
1411 1372 1448 1428 le·

233 1464 343 1529 guntur:
372 1463 432 1528 „ln
456 1464 519 1518 hoc
541 1462 656 1518 codice
679 1461 898 1516 continentur
925 1459 983 1514 isti
1011 1459 1092 1513 libri
1117 1460 1171 1528 qui
1189 1465 1266 1516 aunt
1284 1459 1450 1515 francisci

233 1547 382 1602 Barbari
401 1547 563 1616 quondam
582 1548 727 1620 d(omi)ni
745 1545 913 1602 Gaudiani
937 1561 1018 1614 quos
1043 1546 1122 1600 emit
1140 1562 1158 1599 a
1175 1546 1200 1601 d.
1220 1545 1362 1614 Georgia
1387 1544 1450 1599 tri·

233 1633 346 1688 visino
365 1637 424 1700 (aut
443 1633 640 1704 trivissiuo).
676 1633 807 1689 blnsica
829 1630 997 1700 ptolemei.
1034 1632 1312 1686 commentarium
1335 1631 1367 1686 in
1384 1647 1451 1684 mu-

233 1719 340 1772 sicem
366 1718 560 1787 ptolemaei.
605 1719 737 1774 Musica
771 1716 955 1786 plutarchi.
1004 1715 1135 1772 Musica
1168 1716 1327 1772 aristidis
1354 1717 1451 1785 qnin-

234 1803 379 1858 tiliaui.“
415 1804 511 1859 Insunt
528 1805 555 1859 in
574 1821 607 1861 eo
625 1805 716 1860 codice
734 1803 813 1858 baec:

303 1889 328 1958 l)
355 1889 589 1956 Ptolemaeus,
610 1890 673 1946 inc:
702 1889 812 1957 βιβλίον
838 1891 953 1960 πρῶτον
979 1889 1037 1941 τῶν
1063 1887 1223 1958 ἁρμονικῶν
1249 1889 1296 1955 τῆς
1320 1890 1451 1958 μουσικῆς

234 1971 362 2027 clavellos
385 1973 553 2042 πτολεμαίαυ
576 1975 649 2045 (post
670 1975 732 2030 libri
749 1975 828 2045 primi
847 1964 961 2031 iudicem
980 1979 1009 2030 et
1026 1973 1126 2043 capitis
1150 1974 1228 2043 primi
1246 1973 1449 2042 inscriptionem

234 2061 293 2128 ipsa
311 2062 394 2116 verba
412 2062 510 2130 capitis
528 2061 609 2131 primi
633 2062 672 2117 sic
689 2062 833 2131 incipiunt:
855 2060 1003 2132 Ἀρμονικὴ
1027 2063 1103 2112 ἐστιν
1127 2057 1238 2128 δύναμις
1262 2057 1452 2127 καταληπτικὴ

234 2147 292 2199 τῶν
310 2149 340 2197 ἐν
357 2145 532 2217 crispiorem
550 2148 664 2216 περὶτὰ
682 2145 732 2208 ὀξὺ
750 2151 796 2198 καὶ
813 2147 884 2220 βαρὺ
904 2144 1046 2218 διαφορῶν
1063 2151 1115 2202 eie.
1134 2161 1217 2214 usque
1237 2147 1273 2202 ad
1291 2145 1353 2201 libri
1370 2145 1452 2216 primi

235 2233 340 2300 finem);
363 2233 478 2300 1108122
496 2232 562 2287 folia
584 2233 704 2301 sequitur
726 2229 865 2286 Κλαυδίου
885 2230 1053 2301 πτολεμαιόι·
1071 2232 1231 2301 ἁρμονικῶν
1250 2229 1378 2302 δεύτερον
1395 2230 1451 2284 κτλ.

233 2319 250 2371 i.
271 2333 293 2372 e.
316 2322 379 2387 post
400 2317 462 2372 libri
487 2319 596 2373 secundi
618 2318 734 2373 indicem
759 2319 820 2386 ipsa
844 2319 956 2374 librili
983 2320 1065 2375 verba
1092 2319 1169 2386 tine:
1198 2319 1314 2388 άβοιμιν
1340 2317 1377 2369 ἂν
1402 2321 1448 2370 καὶ

234 2401 300 2454 καθ’
308 2401 442 2472 ἑκάτερον
459 2401 567 2474 τρόπον
583 2405 632 2460 τὰς
650 2402 734 2458 αὐτοῖς
752 2408 925 2474 συμμετρίαι)
940 2409 968 2460 et
980 2405 1107 2474 deinceps
1120 2405 1188 2460 liber
1200 2404 1249 2473 ill,
1269 2405 1343 2459 cuius
1355 2403 1451 2458 uuna

234 2489 316 2544 verba
336 2489 375 2558 (in
393 2489 491 2556 capitia
512 2489 544 2542 14
562 2489 651 2561 initio)
670 2490 737 2544 baec
759 2496 822 2544 sunt
844 2491 870 2544 in
888 2491 991 2546 codice:
1010 2488 1109 2543 λοιπὸν
1127 2487 1156 2541 le
1174 2489 1384 2560 ἐπισκέψασθαι
1406 2493 1451 2542 καὶ

234 2575 283 2629 τὰς
301 2573 367 2626 καθ
388 2577 507 2626 ἕκαστον
524 2575 654 2630 πιθανῶς
672 2574 710 2628 εἰν
726 2575 931 2646 έπιτηρηθέντα
949 2577 1008 2646 (εἰσ)
1028 2573 1072 2628 dori
1091 2578 1150 2628 τῶν
1166 2579 1322 2648 γενομένων
1335 2579 1377 2646 (=
1391 2589 1453 2646 pag.

236 2663 294 2728 149,
314 2662 346 2714 11
366 2662 406 2716 ed.
427 2660 545 2728 Wallia),
562 2677 613 2717 nec
630 2661 772 2730 quicquam
791 2663 907 2731 amplius
925 2663 1056 2731 scriptum
1075 2663 1161 2717 estin
1180 2661 1286 2728 codicer
1304 2660 1386 2716 simili
1404 2661 1454 2730 igi-

236 2753 280 2800 tur
298 2746 390 2802 codice
410 2745 499 2815 aliquo
517 2762 595 2802 usum
613 2763 673 2803 esse
691 2748 832 2804 adnotavit
850 2748 1018 2803 Studemund
1030 2748 1213 2817 Nicephorum
1232 2747 1389 2816 (incautam,
1409 2747 1454 2815 qui

234 2833 327 2900 capita
353 2833 465 2886 14-16
486 2831 555 2887 libro
574 2833 724 2889 Ptolemaei
747 2834 827 2889 tertio
850 2833 962 2888 addidit.
998 2834 1116 2902 Figurae
1140 2850 1194 2888 non
1216 2833 1370 2889 delineatae
1389 2837 1454 2888 sunt

234 2917 260 2972 in
278 2918 376 2985 codice,
399 2917 447 2972 sed
465 2918 558 2985 spatie
575 2933 661 2974 vacua
678 2919 776 2974 relicta
795 2920 830 2974 ad
848 2935 895 2974 eas
913 2919 1102 2988 capessendas.

302 3005 332 3072 2)
355 3002 687 3059 Pseudo-Plutarchi
710 3006 780 3060 liber
802 3005 841 3059 de
863 3005 995 3060 musica
1018 3005 1086 3072 (sine
1109 3004 1309 3075 inscriptione),
1333 3005 1396 3060 inc:
1419 3005 1456 3057 ‘H

232 3091 284 3155 μέν
309 3094 452 3159 φωκίωνος
474 3091 525 3140 τοῦ
552 3092 675 3163 χρηστοῦ
701 3091 767 3163 γυνὴ
794 3089 901 3159 κόσμον
930 3089 1011 3157 αὐτῆς
1037 3087 1127 3162 sisyro
1153 3089 1223 3142 εἶναι
1249 3090 1284 3143 τά
1312 3096 1454 3161 φωκίωνος

235 3173 456 3246 στρατηγήματα,
475 3175 544 3230 des:
561 3175 638 3228 ταῦτ’
652 3176 740 3230 εἰπὼν
752 3175 902 3229 ἐπαιώνισε
921 3180 967 3227 καί
986 3180 1101 3231 σπείσας
1118 3177 1159 3228 τῶ
1177 3174 1270 3245 κρόνω
1288 3181 1335 3228 καὶ
1351 3175 1454 3229 τοέτου

235 3265 333 3312 παισὶν
349 3259 429 3315 θεοῖς
446 3263 517 3314 πᾶσι
535 3267 581 3315 καὶ
596 3263 712 3331 μούσαις
728 3259 866 3316 ἀπέλυσεν
882 3262 945 3316 τοὺς
964 3261 1150 3329 ἑστιωμένους.

302 3348 331 3415 3)
357 3346 537 3418 Porphyrii
567 3349 776 3404 commentarius
808 3349 835 3402 in
868 3347 1018 3403 Ptolemaei
1045 3347 1130 3402 barm.
1158 3347 1213 3418 (cui
1241 3349 1329 3417 prime
1352 3363 1448 3403 merrus

234 3433 335 3487 nullam
351 3433 493 3501 praemisit
509 3435 726 3504 inscriptionem
750 3435 886 3490 recentior
906 3449 1003 3488 manue
1026 3433 1054 3486 in
1077 3435 1199 3503 margine
1217 3434 1356 3503 superiore
1375 3433 1454 3489 addi·

234 3518 284 3572 dit:
303 3523 457 3592 πορφυρέου
469 3520 506 3574 εἰς
517 3520 568 3586 τὴν
579 3519 732 3594 ἁρμονικὴν
743 3519 909 3588 πτολομαίου
921 3518 1088 3586 ὑπόμνημα),
1107 3521 1171 3574 ine:
1190 3516 1307 3572 Πολλῶν
1319 3516 1453 3593 αἱρέσεων

235 3603 327 3657 οὐσῶν
344 3607 374 3656 ἐν
390 3607 507 3673 μουσικῆ
525 3610 588 3676 περὶ
605 3609 656 3658 τοῦ
677 3607 851 3676 ἡρμοσμένου
869 3597 892 3657 ὦ
911 3601 1014 3666 εὐδόξιε
1033 3601 1082 3657 δύο
1100 3604 1252 3675 πρωτεύειν
1274 3604 1311 3658 οἶν
1327 3625 1368 3660 τιε
1384 3605 1453 3658 ὑπο·

235 3685 324 3756 λάβοι,
343 3690 412 3746 des:
432 3691 516 3760 έμβοὶς
533 3698 628 3744 τοίνυν
646 3696 672 3748 ἐς
688 3693 741 3746 τόν
759 3695 836 3761 (corr.
856 3707 871 3746 e
889 3693 956 3760 τῶν)
975 3695 1038 3762 περὶ
1055 3692 1114 3743 τῶν
1132 3689 1287 3762 συμφώνων
1304 3687 1388 3762 λόγον
1404 3691 1454 3746 τὰς

233 3777 292 3827 τῶν
313 3776 497 3848 πνθαγορίωκ
520 3783 584 3849 περὶ
610 3777 703 3832 αὐτῶν
725 3775 861 3839 διατάξεις
889 3775 1030 3844 δοκιμάζει
1057 3775 1215 3849 πρότερον·
1231 3775 1285 3828 εἷθ’
1310 3776 1397 3833 otras
1418 3798 1454 3828 τα

235 3860 328 3914 αι’σῶν
345 3861 500 3934 ἀρέσκοντα
522 3864 639 3930 τίθησιν
651 3881 657 3894 ’
671 3857 711 3917 ὧν
733 3861 782 3917 ἄπ’
802 3861 882 3930 ἄλληε
900 3862 987 3937 ἀρχῆς
1003 3863 1055 3930 τὴν
1072 3862 1199 3935 ἐξήγησιν
1217 3862 1397 3932 ποιησόμεθα
1415 3863 1453 3932 (i).

302 3948 329 4018 4)
346 3949 521 4004 Aristides
539 3949 680 4017 Quintil.
694 3950 747 4018 (cui
759 3951 848 4019 prima
859 3965 954 4005 manus
968 3949 1069 4003 nullam
1082 3949 1224 4018 praemisit
1236 3949 1453 4018 inscriptionem

234 4035 369 4090 recentior
385 4050 482 4090 munus
506 4035 622 4091 addidit:
645 4033 802 4110 ἆριστείὸου
826 4033 1011 4088 salustianos]
1032 4039 1096 4102 περὶ
1118 4037 1248 4103 μουσικῆς
1271 4041 1309 4103 ἆ),
1331 4037 1396 4090 int:
1418 4033 1454 4086 'es

234 4121 296 4188 (sic)
313 4123 365 4190 μέν
382 4125 442 4188 spot
460 4120 616 4190 θαυμάζειν
633 4115 781 4176 έπεισινῶ
805 4121 969 4190 τιμιώτατοί
988 4140 1036 4190 μοι
1058 4121 1163 4189 ἑταῖροι
1187 4121 1291 4188 siluistis
1315 4125 1361 4173 καί
1380 4118 1452 4191 φλω·

236 4209 322 4275 ρέντιε
336 4223 342 4236 ·
355 4206 407 4274 τὴν
422 4209 481 4260 τῶν
498 4205 626 4260 παλαιῶν
642 4205 802 4279 φιλοσόφων
820 4213 882 4281 περὶ
900 4207 979 4262 ἅπαν
994 4205 1114 4275 μάθημα
1133 4203 1266 4274 σπουδήν,
1289 4207 1358 4262 ties:
1383 4203 1453 4259 ὡδο-

235 4296 348 4358 ποίηται
370 4293 424 4366 μοὶρ
447 4293 547 4349 ἱκανῶς
567 4299 637 4362 τοῖς,
661 4293 780 4367 ὕστερόν
801 4313 871 4348 ποτε
893 4291 1085 4362 δυνησομένοις
1107 4289 1201 4361 ἐντελῆ
1224 4293 1294 4346 κατὰ
1319 4292 1454 4363 μουσικὴν

234 4379 283 4448 μιᾶ
302 4379 484 4432 καταθέσθαι
502 4385 682 4453 πραγματεία.

305 4467 333 4535 5)
352 4466 453 4523 Statim
471 4467 593 4534 sequitur
610 4467 668 4520 sine
687 4466 861 4536 inscriptione
881 4469 1075 4535 Anouymus
1097 4465 1136 4522 dc
1159 4466 1286 4521 musica
1303 4466 1333 4532 (a
1351 4464 1452 4521 Beller·

235 4565 333 4605 manno
351 4551 460 4622 editus),
479 4553 543 4608 ines
565 4553 671 4627 ῥυθμὸς
690 4557 855 4622 συνέστηκεν
873 4557 902 4604 ίκ
919 4572 950 4606 τε
968 4554 1073 4626 ἅρσεως
1092 4557 1137 4604 καὶ
1162 4553 1266 4606 θέσεως
1284 4558 1330 4604 καί
1348 4551 1453 4625 χρόνου

234 4639 284 4690 τοῦ
303 4634 470 4710 καλουμένου
489 4641 566 4713 παρά
584 4658 642 4692 τισι
660 4644 739 4694 κενοῦ
758 4647 809 4698 etc.
828 4641 965 4708 usquead
984 4641 1071 4694 finem.
