3634 5240
918 357 957 420 96

325 602 381 665 per
414 583 555 647 undenas
586 583 725 663 equitare
759 585 868 646 suetus
908 581 1052 664 Syllabas
1086 580 1148 643 lusi
1182 579 1278 653 eeler3
1319 581 1412 660 atque
1446 579 1546 641 metro

327 685 481 768 Sapphico
509 686 616 749 creber
644 685 756 761 occini,
790 685 913 748 citato
941 685 1043 748 Rarus
1071 684 1203 757 iambo‚“
1238 684 1271 746 et
1292 681 1434 746 eiusdem
1459 679 1546 762 epist

327 787 404 850 VIII
436 789 474 851 15
509 792 552 870 (p.
587 789 649 850 432
683 788 739 865 By:
778 788 829 864 „in
863 788 968 870 lyricis
1002 789 1109 850 autem
1141 785 1289 849 Flaccum
1322 786 1449 848 secutus
1488 784 1544 862 (se.

325 891 522 974 Lampridius
555 891 671 971 orator)
700 909 786 953 nunc
820 890 977 954 ferebatur
1009 889 1041 951 in
1080 889 1212 952 iambico
1246 889 1360 962 citus,
1397 904 1481 949 nunc
1514 884 1547 946 in

327 994 535 1057 choriambico
563 993 678 1073 gravis,
710 1011 795 1056 nunc
823 993 854 1055 in
878 993 1001 1056 Alcaico
1028 987 1200 1066 flexuosus,
1231 993 1370 1055 nuncin
1394 987 1548 1070 Sapphico

326 1096 482 1160 inflatus.“
870 1105 871 1110 ’

412 1198 493 1261 llam
520 1198 622 1280 ipsam
647 1197 840 1261 celeritatem
870 1215 998 1261 causam
1025 1197 1121 1261 fuisse
1144 1199 1234 1278 puto,
1252 1232 1254 1236 .
1270 1196 1351 1278 quod
1377 1197 1548 1258 metrorum

330 1301 530 1365 usitatiorum
554 1301 724 1364 iambicum
745 1301 881 1364 maxime
908 1318 1085 1364 sermonem
1109 1301 1300 1365 cotidianum
1327 1297 1444 1362 imitari
1467 1296 1551 1360 vide·

328 1405 429 1479 batur,
454 1422 548 1485 quam
566 1402 802 1466 similitudinem
828 1404 953 1467 licentia
970 1403 1047 1466 alios
1069 1402 1163 1485 pedes
1184 1402 1416 1466 intermiscendi
1443 1398 1549 1480 augeri

328 1509 390 1570 iam
421 1506 563 1569 diximus.
607 1504 693 1568 Illud
720 1505 758 1568 de
787 1506 898 1568 iambis
921 1505 1069 1568 iudicium
1096 1505 1239 1587 pluribus
1268 1505 1446 1570 continetur
1474 1503 1549 1566 locta

328 1610 519 1674 Aristotelis:
542 1608 634 1671 Rhet.
661 1607 710 1670 111
734 1609 749 1668 1
777 1609 874 1670 1404·
888 1609 944 1670 30:
976 1601 1006 1670 οὶ
1028 1601 1088 1684 τὰς
1109 1605 1293 1694 τραγῳδίας
1317 1608 1486 1682 ποιοῦντες
1502 1653 1508 1667 .
1522 1653 1550 1668 ..

328 1709 363 1776 ἐκ
389 1715 454 1776 τῶν
480 1706 703 1796 τετραμέτριον
731 1705 778 1788 εἰς
805 1707 844 1775 τὸ
872 1703 1022 1792 ἰαμβεῖον
1047 1707 1228 1794 μετέβησαν
1255 1700 1369 1774 διὰτὸ
1396 1703 1550 1793 τῷλόγῳ

331 1818 428 1880 τοῦτο
452 1818 515 1877 τῶν
537 1810 665 1896 μέτριον
687 1807 878 1895 ὁμοιότατον
900 1803 982 1877 είναι
1002 1805 1206 1884 exorditum
1240 1815 1260 1876 8
1283 1812 1378 1875 1408¹¹
1396 1813 1450 1873 33:
1475 1803 1552 1874 ό...

330 1911 451 2000 ίαμβος
478 1907 560 2000 αὐτή
590 1912 679 1979 ἐστιν
706 1909 832 2000 ἡλίξις
854 1909 959 2000 ἡτῶν
981 1915 1122 1979 πολλῶν·
1160 1906 1211 1980 διὸ
1242 1911 1386 1997 μάλιστα
1420 1908 1552 1977 πάντων

329 2024 394 2085 τῶν
424 2017 552 2103 μέτρων
580 2013 715 2100 ἰαμβεῖα
746 2014 948 2102 φθέγγονται
975 2018 1133 2103 λέγοντεςς
1171 2019 1257 2082 Poet.
1281 2022 1349 2082 c.4
1376 2019 1472 2080 1449·
1495 2018 1551 2077 22:

330 2117 368 2188 τὸ
400 2121 460 2205 μὲν
490 2114 549 2206 γὰρ
582 2123 713 2206 πρῶτον
744 2119 950 2205 τετραμέτρῳ
979 2118 1114 2204 ἐχρῶντο
1145 2118 1201 2186 διὰ
1227 2113 1266 2186 τὸ
1293 2117 1468 2206 σατυρικὴν
1498 2115 1552 2182 καὶ

332 2219 605 2311 όρχιγστικοιτίραν
633 2215 715 2287 είναι
748 2215 803 2307 τὴν
832 2219 981 2307 ποίησιν,
1016 2223 1131 2304 λέξεως
1159 2223 1196 2287 δὲ
1224 2223 1392 2310 γενομένης
1422 2213 1503 2306 αὐτὴ
1533 2213 1553 2305 ἡ

330 2327 429 2416 φύσις
455 2323 492 2390 τό
521 2321 641 2390 οἰκεῖον
667 2323 784 2408 μέτρον
811 2311 894 2409 εὗρε,
923 2324 1068 2408 μάλιστα
1090 2320 1151 2414 γὰρ
1174 2325 1319 2394 λεκτικὸν
1340 2330 1406 2392 τῶν
1426 2323 1552 2409 μέτρων

331 2428 369 2497 τό
392 2426 541 2512 ἰαμβεῖόν
564 2425 665 2492 ἐστιν·
688 2432 820 2514 σημεῖον
844 2426 880 2493 δὲ
902 2425 1029 2506 τοίτοο,
1058 2429 1199 2494 Ιπλεῖστα
1221 2425 1281 2516 γὰρ
1304 2427 1439 2513 ἰαμβεῖα
1461 2426 1553 2511 λέγο-

331 2557 389 2618 μεν
412 2530 446 2596 ἒν
468 2536 507 2619 τῇ
529 2527 688 2614 διαλέκτῳ
711 2555 750 2617 τῃ
780 2523 863 2617 πρὸς
884 2523 1053 2616 ἀλλήλους,
1083 2527 1243 2617 ἑξάμετρα
1266 2531 1302 2598 de*
1325 2525 1472 2618 ὀλιγάκις
1499 2527 1553 2593 καὶ

332 2633 534 2720 ἐκβαίνοντες
555 2637 613 2718 τῆς
635 2632 781 2718 λεκτικῆς
800 2629 971 2720 ἁρμονίας,
995 2637 1035 2697 22
1062 2638 1226 2700 1459211:
1251 2634 1284 2700 ἐν
1305 2640 1374 2713 τοῖς
1394 2630 1555 2718 ἰαμβείοις

333 2732 442 2806 διὰτὸ
464 2732 514 2802 ὅτι
530 2733 674 2819 μάλιστα
690 2735 775 2815 λέξιν
795 2739 985 2818 μιμεῖσθαι,
1008 2741 1111 2802 caiae
1126 2733 1279 2824 ἁρμόττει
1301 2743 1364 2802 τῶν
1381 2731 1553 2820 ὀνομάτων,

335 2839 423 2918 όσοις
449 2840 503 2905 καὶ
532 2837 565 2904 ἓν
593 2839 698 2924 λόγοις
725 2862 776 2916 τις
796 2836 959 2924 χρήσεται.
1005 2843 1181 2906 Aristotelis
1203 2845 1392 2920 sententiam
1415 2843 1556 2906 referunt

334 2947 513 3010 Demetrius
538 2946 575 3007 de
594 2945 670 3007 eloe.
692 2945 781 3024 §43:
808 2936 825 3004 ὁ
844 2991 849 3004 .
868 2935 1033 3025 ..ἴαμβος
1055 2937 1183 3028 εὐτελὴς
1205 2944 1259 3009 καί
1280 2947 1320 3032 τῇ
1340 2949 1406 3009 τῶν
1429 2943 1556 3009 πολλῶν

333 3048 416 3128 λε’ξει
453 3043 579 3129 ὅμοιος·
613 3043 730 3108 πολλοὶ
759 3047 830 3128 γοῑν
855 3041 958 3129 μίτρα
987 3039 1124 3128 ίαμβικὰ
1155 3045 1305 3112 λαλοόσιν
1335 3040 1392 3112 οίκ
1419 3042 1556 3124 sideream

334 3154 439 3219 Cicero
474 3151 559 3214 Orat.
596 3151 672 3212 189:
711 3149 867 3224 „senarios
1005 3155 1037 3212 et
1069 3151 1301 3235 Hipponacteos
1339 3151 1474 3233 effugere
1507 3153 1556 3214 vix

334 3273 516 3339 possumus;
538 3271 688 3333 magnam
709 3251 792 3314 eninr
814 3255 935 3332 partem
959 3271 996 3315 cx
1017 3254 1129 3317 iambis
1152 3257 1260 3318 nostra
1288 3260 1412 3318 constat
1431 3256 1556 3330 oratio“‚

336 3360 411 3421 191:
436 3361 530 3434 „sunt
553 3403 560 3417 .
584 3403 590 3416 .
615 3402 621 3416 .
647 3354 700 3436 qui
722 3354 892 3430 iambicum
914 3355 1092 3433 (iambum
1115 3377 1191 3422 corr.
1218 3357 1343 3439 Stangl)
1366 3361 1478 3440 putent
1500 3360 1556 3437 (sc.

334 3460 469 3524 maxime
492 3457 603 3521 cadere
627 3457 658 3519 in
676 3457 872 3534 cratonem),
896 3458 978 3539 quod
1002 3459 1043 3522 sit
1065 3461 1196 3524 orationi
1220 3461 1416 3533 simillimus;
1442 3479 1503 3541 qua
1519 3461 1556 3524 de

335 3581 431 3627 causa
457 3561 539 3636 fieri,
572 3562 608 3622 ut
634 3561 661 3622 is
688 3560 886 3641 potissimum
914 3563 1040 3644 propter
1067 3562 1305 3627 similitudinem
1336 3565 1476 3628 veritatis
1504 3564 1558 3627 ad-

335 3667 480 3730 hibeatur
503 3664 534 3726 in
557 3661 682 3736 fabulis,
705 3681 778 3724 curn
801 3662 853 3725 ille
877 3663 1051 3746 dactylicus
1074 3665 1266 3748 (dactylus
1290 3687 1362 3732 oum
1385 3669 1490 3731 codice
1514 3667 1556 3731 0¹

336 3774 368 3833 et
390 3769 491 3832 Nouio
515 3765 641 3847 Stangl)
674 3784 824 3828 numerus
851 3766 1102 3830 hexametrorum
1127 3769 1411 3852 magniloquentiae
1440 3772 1482 3834 sit
1508 3791 1558 3834 ac-

336 3871 597 3942 commodatior“;
620 3867 832 3946 Quintilianus
852 3869 897 3931 IX
914 3872 943 3943 4,
961 3869 1014 3931 76:
1039 3871 1102 3944 „illi
1121 3875 1176 3947 (so.
1195 3873 1296 3936 ultimi
1314 3875 1446 3936 trimetri
1463 3875 1557 3956 pedes

336 3977 368 4039 in
393 3975 542 4040 clausulis
570 3972 811 4054 sententiarum)
834 3974 939 4036 minus
963 3977 1038 4036 sunt
1059 3974 1226 4052 notabiles
1250 3977 1403 4056 quiahoc
1426 3979 1558 4058 genus1)

337 4079 472 4144 sermoni
494 4075 669 4160 proximum
692 4078 766 4138 est.“

341 4253 442 4260 -—--a-
457 4253 534 4258 -...-

407 4347 427 4413 ¹)
445 4345 505 4400 Non
518 4347 663 4401 secundum
684 4346 840 4402 sollemnem
861 4348 1000 4404 doctrinae
1013 4350 1181 4420 rhythmicae
1199 4368 1276 4405 aarum
1296 4353 1320 4407 h.
1334 4351 1352 4407 l.
1373 4353 1442 4410 ..hcc
1457 4355 1558 4422 genuu“

338 4430 439 4485 dictum
455 4431 566 4499 uidetur,
586 4438 616 4487 ut
629 4433 764 4501 significet
778 4450 882 4502 „genus
893 4436 1001 4504 duplex,
1014 4436 1118 4505 imparn
1132 4439 1397 4507 comprehendatque
1417 4441 1559 4496 trochaeos

338 4523 368 4570 et
385 4517 498 4581 iambos,
517 4518 564 4572 sed
583 4519 792 4586 Intellegendum
812 4521 845 4574 de
866 4521 922 4588 ipso
941 4523 1071 4583 rrimetro.
1090 4529 1121 4576 ut
1139 4523 1208 4589 „hoc
1221 4529 1324 4592 genus“
1342 4526 1412 4579 idern
1433 4527 1469 4581 rit
1488 4525 1558 4594 qnod

338 4603 509 4670 „huiusmodi
529 4607 648 4660 veraue.·‘
685 4605 813 4661 Ceterum
831 4607 864 4661 de
883 4609 1011 4672 versibus,
1029 4610 1173 4678 praecipuo
1190 4611 1328 4678 leuticia,
1347 4613 1374 4666 in
1393 4612 1559 4668 orationibus
