3546 5236
803 407 863 470 121

308 598 340 662 in
365 598 482 664 ceteris
507 598 652 664 Senecae
676 598 765 666 libris
789 599 870 666 baec
893 599 1002 666 inveni
1027 609 1116 666 certe
1139 600 1304 684 exempla:

308 703 350 770 de
373 703 520 772 clem-II
545 708 574 788 2,
589 707 624 770 2:
648 706 725 770 illud
746 728 863 772 mecm
885 709 1044 772 considero
1067 710 1180 773 multas
1202 729 1289 772 voces
1312 729 1450 790 uvaurae,

216 814 273 878 sed
294 813 482 878 detestabiles
504 816 538 876 iu
560 816 653 878 citam
676 811 841 879 brunnam
858 817 1035 899 peremisse
1057 815 1246 898 celebresque
1260 815 1347 897 culae
1355 817 1449 898 ferri,

215 919 372 984 atillam:
394 917 532 1000 ‘aderint
555 921 629 984 dun
652 915 807 1001 rutuu’,
832 924 918 1004 quai
940 923 1035 1005 (quad
1047 921 1114 1004 NR,
1139 919 1278 986 correxit
1291 920 1449 1002 Gertziue,

216 1029 268 1090 cui
281 1027 391 1109 vulgo)
408 1027 546 1092 Graeuts
561 1048 668 1092 cerem
680 1031 790 1093 similis
804 1037 850 1094 est
864 1031 1034 1108 <eius>,
1059 1031 1111 1112 qui
1132 1049 1165 1092 se
1189 1037 1308 1094 inertia
1333 1036 1447 1092 terram

216 1136 341 1198 misem
363 1135 483 1216 lenibus
506 1136 595 1200 iubet.

309 1240 349 1306 de
373 1242 429 1308 vit.
454 1243 537 1308 beat.
562 1243 615 1324 23,
639 1244 675 1308 2:
708 1263 726 1307 ο
753 1264 898 1324 maenum
929 1247 1038 1322 uinum,
1072 1263 1090 1306 o
1119 1245 1229 1326 optuue
1260 1244 1390 1320 diuites,
1422 1245 1451 1305 si

213 1357 287 1433 post
312 1351 390 1414 lanc
416 1371 518 1414 vacem
546 1351 724 1414 tantundem
750 1349 896 1414 babuuit.
943 1353 988 1415 ita
1016 1351 1092 1430 dico,
1123 1353 1151 1414 si
1179 1357 1243 1414 tute
1272 1357 1301 1413 et
1322 1369 1450 1412 securus

216 1459 434 1521 saunensi
460 1436 575 1540 puseo
602 1457 792 1543 prauueu,
825 1459 853 1521 u
884 1459 960 1520 aaut
990 1459 1150 1540 qaenam
1182 1457 1266 1540 apta
1291 1457 1377 1520 uum
1404 1458 1450 1519 u

217 1565 342 1641 vuele,
367 1567 452 1646 quai
475 1567 559 1647 (urat
582 1563 664 1628 Anu
677 1567 713 1646 1.,
736 1583 795 1647 quc
809 1563 845 1644 P,
871 1561 1057 1628 emendavit
1078 1561 1264 1644 Madvigius
1284 1562 1450 1626 Adversar.

219 1669 235 1732 Ι
260 1672 317 1749 68)
339 1691 451 1734 manus
473 1673 587 1750 iniciat,
612 1672 770 1736 audaciter
793 1679 821 1734 et
838 1673 1004 1757 propalam
1027 1673 1086 1734 erit
1107 1672 1199 1734 diues.

311 1775 351 1840 de
376 1777 442 1841 otio
466 1779 495 1860 8,
520 1778 554 1842 2:
584 1779 626 1842 ad
650 1777 958 1860 Cartbayinieusium·
972 1798 1044 1859 erya
1066 1799 1131 1842 rem
1152 1777 1305 1861 petblican
1328 1779 1451 1860 capiate

217 1885 347 1963 accedet,
371 1886 404 1946 ia
427 1905 489 1971 qua
511 1885 642 1949 adsidua
664 1885 772 1949 sedilia
796 1891 825 1948 et
848 1887 958 1968 optim
982 1887 1139 1972 quoique
1163 1887 1291 1967 (qucqete
1311 1883 1393 1947 Am.
1414 1887 1449 1964 1.,

216 1991 325 2073 cuique
347 1990 383 2072 P,
407 1992 546 2056 correxit
569 1990 732 2066 Gertzius)
756 1994 872 2076 infesta
894 1992 1019 2056 libertae
1043 1995 1105 2056 esti

308 2095 349 2161 de
363 2098 476 2164 brevit.
492 2098 547 2164 vit.
562 2100 592 2181 3,
606 2101 642 2162 4:
660 2103 801 2182 sortasse
823 2099 874 2162 ille
891 2101 956 2182 ipse
970 2101 1022 2182 qui
1034 2101 1176 2182 aliquoi
1191 2101 1305 2182 (attacta
1319 2097 1397 2161 Am.
1413 2102 1448 2176 1.,

219 2203 357 2268 correxit
380 2203 540 2280 Gertzius)
563 2207 611 2269 vel
631 2207 746 2270 bomini
767 2207 815 2270 vel
835 2208 883 2269 rei
905 2207 1038 2270 donatur
1060 2206 1126 2270 dies
1148 2207 1273 2269 ultimus
1296 2213 1350 2268 est.

308 2308 385 2375 ibid.
412 2313 461 2394 10,
477 2314 512 2377 3:
540 2333 638 2392 uerna,
662 2314 724 2376 nisi
746 2315 831 2396 quei
853 2311 926 2396 (aeto
941 2312 978 2388 A,
1004 2313 1142 2378 correxit
1161 2311 1322 2390 Gertzius)
1346 2315 1450 2378 clunia

218 2423 288 2482 acta
309 2425 383 2481 snt
403 2419 458 2482 sub
482 2439 621 2498 censura,
651 2439 729 2502 quae
750 2439 918 2502 nummum
934 2419 1070 2502 fallitur,
1102 2419 1227 2482 libenter
1249 2441 1283 2482 se
1305 2422 1338 2482 in
1360 2441 1450 2504 prae·

218 2527 341 2588 teritum
363 2524 574 2609 retorquet¹⁸).

309 2649 358 2714 ep.
381 2650 459 2696 mer.
482 2631 612 2714 11‚28:
637 2654 705 2698 cun
723 2641 846 2720 peteres
870 2633 1017 2712 Siciliam,
1043 2635 1189 2696 traiecisti
1204 2638 1333 2716 fretam.
1363 2642 1449 2698 teme-

216 2741 324 2802 rarius
356 2739 543 2820 yubervatcr
575 2743 754 2827 contempsit
785 2744 885 2805 austri
916 2743 1017 2804 revinas
1049 2777 1093 2786 —
1125 2740 1176 2804 ille
1206 2747 1250 2803 est
1281 2743 1360 2804 usim
1398 2743 1451 2824 qui

220 2843 358 2909 Stultum
376 2847 505 2929 pelleque
528 2855 688 2932 exasperet
716 2856 744 2912 et
766 2850 800 2910 ia
822 2845 994 2926 eartires¹⁹)
1026 2855 1113 2930 cayat
1134 2883 1178 2892 -
1201 2867 1263 2911 aon
1290 2849 1449 2910 sinistrum

212 2950 339 3034 pentw)
364 2954 453 3032 latus,
477 2955 532 3017 sed
553 2955 586 3018 id
608 2957 692 3036 quai
716 2956 782 3029 (scd
804 2955 837 3016 id
859 2975 917 3036 auc
940 2974 961 3036 p
985 2953 1090 3038 priene
1104 2972 1208 3036 manu,
1232 2973 1260 3014 v.
1277 2952 1449 3018 Chatelain

218 3058 321 3121 Reate
347 3059 385 3121 de
407 3061 571 3144 pbilolsyie
603 3061 684 3126 1871
711 3079 740 3144 p.
767 3062 839 3142 118,
871 3062 925 3124 sed
948 3063 992 3124 ile
1013 3081 1072 3143 (μυ
1095 3059 1121 3121 P
1141 3059 1218 3123 Pr.b
1238 3057 1277 3140 M,
1312 3059 1450 3124 correxit

217 3161 403 3246 Madvigius
426 3165 591 3230 Adversar.
617 3165 648 3228 ΙΙ
670 3168 749 3243 465)
770 3171 901 3252 proptor
926 3167 1095 3249 Charybdis
1117 3169 1218 3232 muna
1241 3169 1395 3230 concaluit.

308 3271 352 3334 IV
377 3274 406 3354 2,
433 3276 487 3339 ll:
512 3275 717 3356 assuerendum
740 3281 793 3354 est,
818 3275 899 3357 quad
920 3295 983 3336 non
998 3277 1060 3354 fiet
1081 3276 1114 3336 in
1137 3275 1202 3336 dies
1225 3273 1339 3336 eius²¹i
1364 3278 1450 3356 quai

220 3381 291 3462 (qtae
316 3377 614 3464 PpPrbMAW,
644 3381 782 3444 correxit
805 3378 1007 3464 Opsopoeus‚
1040 3383 1090 3443 ceci
1117 3379 1226 3462 vulgo)
1260 3401 1320 3443 siaa
1348 3384 1451 3467 possit

218 3485 342 3550 obstari.

308 3569 505 3676 x1111,'12:
530 3615 611 3672 nam,
635 3597 788 3674 etaient,
812 3597 864 3676 qest
882 3597 1005 3680 priscus
1031 3595 1229 3658 rncruurbis
1244 3595 1446 3672 tradiderunt,

217 3701 358 3764 braccbia
391 3709 419 3764 ct
446 3721 540 3764 crura
567 3702 676 3764 cotidie
707 3701 868 3765 abluebant
898 3702 1063 3782 (veteres),
1095 3721 1173 3783 acue
1204 3701 1315 3764 scilicet
1343 3701 1449 3764 sordes

219 3825 431 3834 -n—-n-un—

311 3875 348 3944 ¹⁸)
368 3877 403 3932 ed
423 3877 516 3946 Polyb.
536 3880 560 3942 9,
584 3881 595 3932 1
621 3877 740 3933 Kochius
759 3879 842 3934 verba
860 3895 893 3934 ex
912 3877 1069 3932 coniectare
1087 3878 1126 3932 sic
1144 3877 1302 3932 constituit:
1325 3888 1451 3931 utrumne

216 3983 274 4022 mea
293 3971 399 4022 nomine
416 3969 489 4022 deleo
507 3985 544 4021 an
567 3970 625 4022 eius
648 3971 696 4036 qui
719 3971 850 4022 merit?
875 3972 901 4023 si
918 3985 981 4036 mea,
1003 3971 1076 4036 perit
1094 3969 1277 4036 indulcenttae
1295 3969 1407 4021 lauatio
1426 3975 1451 4019 et

217 4059 317 4125 incipit
336 4059 412 4112 dolor
429 4058 478 4111 lece
496 4074 549 4110 unc
568 4065 720 4122 matus,
743 4061 769 4111 si
792 4061 872 4127 qual
893 4057 1063 4112 honestum
1085 4059 1166 4126 (quad
1184 4058 1310 4110 bonulus
1328 4056 1451 4110 maxims.

220 4143 344 4200 codicum
372 4145 449 4214 pers)
473 4154 520 4214 eet,
547 4163 608 4199 eum
630 4147 667 4199 ad
689 4147 832 4200 &sidetem
856 4149 975 4214 respicit,
1002 4164 1020 4200 a
1039 4148 1140 4214 plaute
1163 4147 1314 4199 desciscere.
1356 4161 1450 4198 verum

218 4233 302 4287 nimis
326 4234 432 4289 incerta
456 4237 498 4288 est
521 4235 588 4288 haec
611 4233 777 4289 coniectura
814 4235 941 4290 Gerbciue
963 4234 1047 4289 verba
1065 4234 1116 4288 ills
1134 4237 1263 4303 corrupta
1281 4249 1338 4288 esse
1356 4233 1451 4302 negeb.

315 4319 351 4388 ¹⁹)
370 4322 410 4376 sic
427 4339 476 4392 pro
495 4327 605 4377 uertices
619 4323 691 4376 solus
707 4322 872 4378 NicotIsnus
886 4323 1029 4393 Ops0p0ei‚
1044 4323 1078 4377 de
1092 4339 1147 4392 quo
1160 4340 1186 4376 v.
1202 4321 1340 4391 Hauptius
1354 4325 1451 4391 Opuec.

217 4411 316 4466 11217
337 4430 376 4480 sq.
397 4415 426 4466 et
444 4429 516 4479 quae
534 4429 618 4480 supra
636 4429 662 4480 p.
681 4415 716 4466 40
735 4411 798 4466 adn.
818 4413 852 4466 20
871 4411 936 4466 dixi„

312 4497 350 4568 ¹⁰)
369 4501 457 4556 forme
475 4505 517 4556 est
535 4499 650 4570 perfecti
668 4504 819 4563 contrecta,
843 4501 876 4556 de
899 4518 955 4568 qua
978 4501 1029 4554 sub
1051 4501 1134 4554 tinem
1159 4500 1240 4553 huius
1264 4499 1364 4568 cepitis
1386 4499 1452 4562 dixi,

215 4593 296 4658 petiit
311 4590 595 4660 Schweighaeuserue.

312 4677 347 4746 ”)
365 4681 392 4732 h.
413 4696 436 4733 e.
455 4679 613 4740 vetustatis,
633 4697 658 4733 v.
677 4679 835 4749 Madvigius
854 4679 866 4732 1
885 4680 946 4733 474.
