3568 5238
806 415 843 480 13

722 505 926 524 --—'.,

215 638 322 702 tamen
345 638 522 718 Rinkesi01)
543 640 716 722 adstipulor
738 639 929 718 Ciceronem,
952 657 1025 704 cum
1049 639 1083 702 L.
1107 638 1267 722 Calpurnii
1283 639 1434 720 Pisonisi)

215 739 351 804 familiae
390 740 602 823 frugalitatem
637 743 853 824 ingeneratum
886 744 987 808 risam
1010 761 1078 806 esse
1102 741 1235 806 dilucido
1259 742 1343 806 dicat
1365 743 1432 826 (pro

215 841 295 908 Sest.
321 845 349 916 9,
363 844 416 923 21)
440 847 472 908 ct
495 845 630 910 eundem
645 845 790 910 ‘hominis
812 845 1043 928 frugalissimi³)
1058 844 1168 908 filium·
1185 845 1322 927 appellet
1337 845 1434 929 (apud

216 947 286 1009 Asc.
309 966 339 1028 p.
362 949 397 1023 4,
422 947 484 1026 16),
507 966 574 1013 rem
597 949 789 1032 exposuisse,
821 950 911 1030 quasi
936 947 1113 1031 Calpurniis
1142 946 1323 1012 Caesoninis
1351 948 1434 1013 idem

214 1050 297 1113 essct
319 1067 507 1131 cognomen,
531 1052 741 1116 contendenti.
787 1051 836 1116 nd
859 1070 903 1128 ce,
928 1069 1008 1132 quae
1030 1049 1197 1114 Rinkcsius
1220 1051 1375 1132 sagaciter
1398 1051 1436 1115 de

214 1151 273 1216 hac
297 1153 479 1233 quaestione
503 1153 663 1231 disseruit,
691 1156 750 1220 hcc
772 1155 894 1232 addam,
916 1156 1058 1218 nostram
1081 1154 1271 1218 sententiam
1294 1172 1435 1237 compro-

213 1254 287 1318 bari
314 1255 411 1320 videri
442 1255 590 1338 oppositis
622 1257 704 1324 inter
732 1275 765 1322 sc
792 1257 894 1322 verbis
924 1257 1045 1338 ‘genus’
1074 1258 1107 1320 et
1133 1257 1275 1333 ‘nomen’‚
1302 1275 1435 1337 quorum

214 1355 292 1420 illud
316 1357 355 1422 ad
377 1377 477 1441 genus
494 1358 699 1442 Calpurnium
720 1359 918 1424 referendum
942 1361 999 1436 est,
1024 1359 1169 1436 ‘nomen',
1192 1359 1275 1441 quod
1290 1359 1436 1424 Pisonem

214 1460 353 1525 moribus
382 1463 542 1543 aspernari
564 1465 668 1528 orator
690 1463 774 1538 dicit,
805 1462 843 1527 ad
871 1461 949 1526 nihil
979 1461 1063 1526 uliud
1087 1463 1227 1545 spectare
1250 1463 1354 1544 potest
1375 1463 1436 1526 nisi

214 1563 252 1626 ed
281 1581 452 1644 cognomen
480 1563 604 1646 ‘lirugi’¹
648 1565 815 1630 Praeterea
838 1564 955 1638 Cicero,
984 1564 1066 1646 quod
1088 1565 1234 1630 Pisonem
1262 1565 1436 1630 oratione

214 1684 313 1746 genus
343 1667 503 1748 aspernari
531 1669 744 1751 conqueritur,
773 1687 875 1732 nonne
902 1667 1026 1731 ridetur
1052 1667 1090 1732 de
1117 1669 1185 1750 ipso
1208 1668 1243 1732 L.
1267 1667 1436 1751 Calpurnio

214 1767 326 1833 Pisone
342 1788 403 1833 cos.
421 1789 448 1834 a.
466 1770 603 1844 621l133
619 1773 783 1854 cogitasse,
799 1771 851 1853 qui
868 1773 900 1834 et
915 1775 1018 1835 orator
1032 1770 1092 1834 fuit
1106 1772 1139 1834 et
1153 1789 1257 1834 rerum
1273 1771 1436 1853 scriptor⁴)

214 1872 289 1936 satis
317 1873 441 1938 clarus?
485 1873 570 1938 Alios
599 1874 725 1956 quidem
748 1874 932 1956 Calpumios
955 1874 1015 1936 hac
1037 1875 1103 1938 arte
1126 1873 1313 1937 excellentes
1340 1872 1436 1936 fuisse

214 1993 305 2038 nemo
335 1977 384 2038 est
406 1975 505 2039 testis.
550 1976 713 2040 Accedunt
734 1977 839 2053 verba,
867 1976 981 2057 quibus
1003 1978 1105 2040 orator
1127 1975 1283 2040 invehitur
1304 1975 1336 2038 in
1351 1975 1438 2040 Piso-

213 2095 286 2140 nem
304 2077 344 2152 (1,
361 2078 410 2158 2):
429 2077 569 2143 aedilis
585 2099 618 2144 es
635 2077 751 2144 factus:
767 2078 853 2142 Piso
869 2080 928 2142 est
943 2097 961 2142 a
976 2079 1111 2161 populo
1124 2078 1286 2143 Romano
1298 2077 1436 2154 lactus,

212 2198 284 2243 nou
314 2179 386 2244 iste
409 2180 503 2244 Piso.
536 2181 723 2245 Praetura
749 2181 843 2244 item
869 2181 1080 2246 maioribus
1108 2180 1234 2246 delata
1262 2182 1319 2244 est
1346 2181 1436 2244 tuis:

214 2283 296 2346 noti
331 2287 443 2347 erant
469 2283 516 2347 illi
542 2285 665 2348 mortui'
693 2286 725 2349 et
751 2285 844 2367 paulo
872 2283 969 2348 infru:
993 2283 1148 2348 ‘homini
1177 2283 1257 2362 (scil.
1284 2282 1437 2362 Ciceroni)

215 2383 267 2448 illo
303 2386 381 2464 (scil.
413 2387 547 2469 populus
580 2385 627 2467 R)
663 2388 853 2462 honorem,
881 2405 951 2451 non
985 2386 1129 2468 generi,
1167 2385 1318 2460 moribus,
1367 2403 1437 2448 non

213 2487 420 2552 maioribus
457 2489 552 2567 meis,
586 2490 691 2554 virtuli
718 2493 912 2572 perspectae,
949 2509 1021 2554 non
1052 2489 1203 2554 auditae
1239 2483 1437 2552 nobilitati

213 2589 391 2656 defercbet’.
442 2589 528 2670 Quae
563 2611 635 2656 cum
662 2593 770 2659 Cicero
803 2591 889 2656 nullo
917 2595 1008 2675 pacto
1037 2592 1075 2656 de
1105 2591 1287 2657 Caesoninis
1314 2589 1436 2654 Pisonis

213 2693 382 2758 maioribus
405 2696 583 2777 praedicare
607 2696 757 2778 potuerit,
786 2695 840 2776 qui
862 2699 969 2759 essent
991 2695 1145 2776 ignobiles
1169 2694 1354 2776 obscurique
1377 2712 1436 2756 nec

212 2797 302 2858 tanta
324 2795 418 2860 laude
441 2798 542 2878 digni,
566 2799 656 2862 utin
679 2797 826 2864 Sestiana
848 2798 881 2878 (l.
905 2798 946 2878 c.)
970 2799 1016 2861 itu
1037 2799 1097 2862 hoc
1120 2815 1243 2879 quoque
1266 2796 1351 2871 loco,
1376 2814 1437 2876 quo

213 2898 314 2978 magis
341 2898 501 2981 improbus
531 2903 563 2964 ei
590 2900 689 2982 turpis
719 2899 876 2964 videretur
898 2899 985 2975 Piso,
1013 2902 1158 2964 versutus
1187 2899 1363 2964 causidicus
1392 2898 1437 2961 illi

214 3017 386 3080 cognomen
410 3003 523 3085 ‘Frugi'
552 3021 619 3066 esse
649 3003 826 3068 simulavit:
850 3003 1003 3067 Asconius
1029 3005 1135 3066 autern
1159 3002 1198 3065 ab
1220 3002 1287 3084 ipso
1314 3003 1432 3065 oratore

216 3101 376 3184 deceptus,
400 3123 472 3167 cum
495 3105 562 3168 eius
585 3106 680 3168 verba
701 3106 795 3168 nimis
818 3107 983 3187 premeret,
1005 3105 1036 3168 in
1060 3123 1197 3169 errorem
1219 3103 1336 3168 incidit.

298 3205 340 3271 II.
371 3207 514 3270 Alterum
542 3207 683 3272 eiusdem
711 3209 833 3290 generis
861 3208 1040 3289 exemplum
1066 3207 1195 3290 praebet
1223 3208 1377 3272 Asconius
1406 3228 1434 3290 p.

214 3311 265 3382 44,
289 3309 425 3384 20-25,
455 3309 507 3374 ubi
530 3309 562 3373 in
585 3309 795 3376 Ciceronianis
819 3311 887 3393 (pro
910 3309 976 3372 Mil.
1000 3310 1055 3387 21,
1085 3311 1139 3390 55)
1173 3308 1313 3372 ‘comites
1337 3309 1435 3374 Grae-

216 3411 289 3486 culi,
318 3430 503 3494 quocunque
527 3413 607 3489 ibat,
637 3414 732 3478 etiem
755 3432 828 3477 eum
850 3413 881 3476 in
906 3415 1034 3477 castra
1056 3413 1217 3476 Etrusca
1239 3412 1434 3493 properabat*

217 3515 313 3578 verba
347 3517 462 3578 ‘castra
492 3515 633 3578 Etrusce'
666 3516 705 3580 ad
725 3527 787 3592 'ea,
822 3534 901 3597 quse
936 3514 1108 3580 Catilina
1140 3514 1176 3577 in
1203 3515 1359 3578 Etruria
1392 3515 1435 3578 ad

215 3617 403 3682 Faesulas
418 3617 543 3692 lecerat,
560 3618 604 3682 ita
618 3619 725 3682 referri
741 3620 818 3694 vult,
834 3621 871 3682 ut
886 3621 1040 3683 oratorem
1053 3623 1152 3699 ‘saepe
1165 3617 1314 3681 obiecisse
1327 3615 1435 3681 Clodio

217 3721 337 3785 socium
361 3739 434 3784 cum
458 3721 678 3786 coniurationis
690 3721 844 3787 Catilinae
867 3719 973 3786 fuisse*
998 3721 1102 3784 addet.
1139 3718 1207 3798 Quo
1228 3719 1265 3782 de
1281 3719 1348 3783 loco
1364 3737 1436 3784 cum

216 3825 357 3888 homines
385 3823 468 3888 docti
495 3823 527 3886 in
554 3823 655 3888 ranas
686 3824 818 3889 abierint
845 3823 1033 3900 sententias,
1060 3823 1152 3905 paulo
1176 3823 1352 3886 accuratius
1375 3821 1436 3888 dis-

215 3927 391 4009 putandum
416 3928 473 3991 est.
519 3925 722 3990 Drumannus
745 3925 790 4007 (Π
812 3947 841 4010 p.
859 3927 934 4005 203)
957 3925 1084 4006 quidem
1108 3925 1309 3989 scholiastam
1333 3943 1435 3990 errare

216 4033 248 4093 ct
280 4028 437 4094 Ciceronis
471 4029 565 4094 verba
599 4029 638 4094 ad
673 4029 734 4093 alia
765 4032 908 4113 tempora
938 4030 1079 4111 spectare
1113 4029 1205 4110 putat
1236 4045 1295 4091 nec
1329 4029 1436 4092 temen

216 4133 380 4214 significat,
415 4151 569 4215 quaenam
600 4131 811 4214 intellegenda
845 4133 916 4196 sint.
968 4131 1051 4194 Nem
1086 4131 1121 4193 ut
1149 4128 1256 4194 Cicero
1291 4129 1342 4212 (de
1369 4131 1434 4194 har.

287 4408 308 4473 ¹)
325 4405 499 4474 Mnemosyn.
517 4403 546 4458 X
563 4420 590 4473 p.
608 4403 754 4458 coa-206.

285 4493 307 4560 ¹)
326 4489 436 4545 Patrem
455 4489 565 4544 Pisonis
582 4489 649 4556 eius,
666 4495 763 4544 contro
780 4505 866 4560 quem
889 4488 978 4542 oratio
995 4493 1045 4554 est,
1063 4487 1158 4542 Cicero
1176 4486 1319 4557 significet

286 4579 308 4645 ⁸)
328 4575 374 4632 Sic
391 4575 568 4646 depravatam
586 4573 731 4630 lectionem
748 4573 841 4630 codd:
859 4573 1040 4630 ‘furacissimi’
1058 4572 1167 4628 meavit
1184 4572 1289 4628 Rinkes
1306 4571 1324 4626 l.
1343 4587 1366 4626 c.

286 4667 307 4730 ⁴)
326 4663 360 4718 ol.
379 4661 527 4716 Drumann
545 4661 576 4716 II
595 4678 621 4731 p.
640 4663 673 4717 83
691 4679 718 4716 n.
737 4663 783 4728 235
808 4661 839 4714 E.
859 4659 903 4714 W.
923 4659 1048 4727 Fischer,
1065 4675 1147 4714 roem
1167 4657 1312 4713 Zeittaieln
1330 4675 1357 4728 p.
1378 4659 1434 4712 1⁴27.
