3634 5220
934 431 975 496 18

344 673 373 736 p.
399 653 492 732 6333
513 651 559 716 K:
588 653 676 730 „Hoc
704 655 761 730 (sc.
784 655 915 720 heroum
939 654 1169 734 hexametrum)
1192 653 1330 717 creditur
1354 656 1392 718 ab
1416 653 1564 736 Apolline

342 756 506 822 inventum
540 755 590 820 vel
622 755 661 819 ab
697 757 763 820 eius
794 760 955 824 sacerdote
989 759 1166 823 Phemonoe
1292 757 1336 838 (v.
1366 757 1419 841 20)
1448 756 1565 820 festino

343 859 426 923 enim
454 860 682 936 demonstrare,
711 861 786 942 quid
813 861 858 926 ita
880 862 1065 925 ethereum
1087 863 1120 926 et
1141 860 1312 923 iambicum
1334 879 1461 924 versum
1484 861 1564 923 anti-

345 963 398 1043 qui
421 963 554 1046 Apollini
579 963 813 1046 adsignaverint
834 982 988 1047 paresque
1011 982 1079 1027 esse
1103 963 1300 1039 crediderint,
1324 981 1397 1026 cnm
1419 964 1482 1026 sint
1502 981 1565 1026 non

343 1066 469 1129 tantum
498 1067 557 1130 alio
583 1065 666 1129 inter
692 1085 725 1130 se
753 1085 864 1146 genere
898 1067 952 1130 sed
980 1067 1075 1130 etiam
1107 1066 1223 1148 dispari
1251 1065 1370 1129 ratione
1403 1065 1564 1149 conpositi.

343 1165 427 1232 Nam
459 1167 566 1233 lerunt
592 1169 769 1251 Apollinem
796 1168 992 1233 obsidentem
1018 1168 1156 1251 Delphos
1187 1167 1352 1231 draconem
1383 1168 1565 1250 depugnan-

343 1273 408 1334 tem
433 1272 557 1352 sagittis
580 1273 679 1334 aeutis
696 1271 839 1334 adiutum
855 1272 1067 1334 exhortatione
1091 1269 1288 1334 hominum
1311 1275 1344 1334 et
1358 1271 1564 1335 incolentium

343 1373 399 1436 illa
418 1393 546 1438 nemora
567 1374 818 1456 nympharum
842 1374 890 1436 his
913 1375 977 1436 fare
1000 1374 1119 1439 verbis:
1143 1366 1176 1458 ἰὴ
1199 1369 1315 1436 παιών.
1362 1373 1450 1438 Haeo
1470 1373 1566 1456 disyl-

343 1475 416 1540 laba
444 1478 539 1541 verba
566 1477 718 1560 producta
740 1479 788 1540 ter
810 1477 936 1558 singula
958 1477 1078 1540 faciunt
1100 1477 1246 1559 spondeis
1268 1495 1322 1540 sex
1345 1477 1475 1540 heroum
1498 1495 1565 1541 rer-

344 1595 426 1658 sum,
440 1582 472 1644 et
487 1599 612 1644 rursum
624 1579 733 1643 eadem
746 1579 807 1662 [et]
820 1581 969 1663 correptis
984 1579 1137 1662 prioribus
1154 1581 1318 1660 utriusque
1334 1579 1420 1642 rerbi
1435 1579 1564 1660 syllabis

345 1679 466 1746 faciunt
491 1682 661 1746 iambicum
685 1683 853 1748 senarium.
896 1683 1033 1764 Ideoque
1057 1683 1171 1745 dicitur
1192 1683 1348 1746 Homerus
1375 1683 1407 1745 in
1430 1682 1563 1765 Margite

345 1801 402 1847 suo
424 1783 589 1850 miscuisse
611 1786 668 1850 hos
691 1805 801 1850 versus
823 1789 988 1868 tamquam
1009 1789 1129 1867 pares.“
1173 1785 1291 1849 Eodem
1315 1786 1450 1868 spectat,
1481 1785 1563 1867 quod

346 1888 503 1951 Ausonius
524 1889 570 1952 ita
591 1888 696 1972 ipsum
719 1889 860 1953 iambum
873 1889 1042 1970 alloquitur
1064 1888 1167 1970 (epist.
1184 1887 1259 1951 XXI
1275 1891 1302 1964 2,
1318 1887 1471 1970 10-13):
1496 1889 1563 1964 ,,Το

345 1987 430 2054 lente
462 1990 495 2052 in
525 1990 592 2074 ipso
623 1995 803 2074 procreatus
825 1992 947 2074 Pegasi,
976 1992 1099 2055 Primus
1125 2009 1276 2054 novorum
1304 1993 1406 2054 metra
1433 1991 1560 2054 iunxist'

341 2091 459 2174 pedum
489 2092 596 2175 lisque
627 2093 746 2158 Musis
780 2094 1017 2159 concinentibus
1044 2113 1157 2157 novem
1184 2093 1322 2157 Caedem
1353 2093 1386 2156 in
1418 2093 1561 2157 draconis

345 2196 508 2260 concitasti
531 2197 721 2278 Delium.“¹)

427 2299 508 2375 Alia,
532 2319 594 2382 qna
614 2301 740 2366 iambici
763 2301 903 2382 rhythmi
926 2300 1010 2382 origo
1033 2301 1211 2382 explicatur,
1235 2298 1343 2364 fabula
1366 2299 1404 2363 de
1426 2299 1563 2365 Cerere

343 2404 375 2466 et
401 2400 510 2468 Iambe
539 2403 704 2468 mitissima
726 2405 774 2468 est
793 2403 836 2487 (v.
858 2404 942 2468 locos
966 2421 984 2466 a
1007 2403 1200 2486 Westphalio
1222 2401 1312 2466 Matr.
1334 2399 1384 2464 11¹
1405 2405 1468 2464 442
1492 2403 1563 2467 adn.

344 2505 363 2567 3
386 2508 563 2587 congestos,
586 2507 700 2589 quibus
723 2505 820 2570 addas
846 2505 997 2571 Choerob.
1022 2505 1117 2587 Exeg.
1139 2525 1169 2588 p.
1186 2507 1236 2582 58,
1254 2505 1294 2567 19
1310 2523 1377 2586 sqq.
1391 2504 1437 2579 Η;
1460 2506 1562 2570 thaat.

342 2608 430 2674 Harl.
452 2630 482 2693 p.
504 2611 576 2688 322,
600 2611 640 2674 19
663 2629 749 2693 sqq.;
771 2608 996 2691 Ps-Moschop.
1018 2627 1049 2691 p.
1071 2609 1114 2670 44
1136 2627 1183 2691 sq.
1207 2610 1289 2690 etc).

429 2713 624 2778 Trochaeum
658 2732 677 2777 a
707 2712 898 2778 Mercurio
928 2711 1094 2776 inventum
1127 2729 1196 2778 csse
1229 2712 1374 2796 perhibet
1394 2711 1562 2778 Diomedes

342 2835 371 2898 p.
393 2817 468 2895 477,
492 2817 533 2878 24
554 2815 602 2880 K:
637 2817 838 2893 „trochaeum
864 2815 961 2879 etiam
989 2833 1009 2879 a
1030 2815 1182 2879 Mercurio
1210 2817 1369 2898 repertum
1391 2815 1468 2879 setis
1491 2834 1564 2879 con-

343 2921 417 2998 stat,
441 2919 522 3000 quod
545 2919 572 2983 is
597 2919 799 3002 praecipitem
822 2919 1055 2984 festinationem
1078 2937 1114 2982 er
1136 2919 1258 3001 impetu
1280 2919 1373 3000 longo
1388 2918 1420 2980 in
1437 2919 1563 2983 brevem

342 3041 486 3105 gressum
509 3021 590 3085 liniri
613 3022 817 3087 ostenderet.“

428 3125 476 3190 Ne
498 3125 673 3190 Minerva
695 3124 821 3206 quidem
842 3123 925 3189 inter
947 3122 1022 3188 deos
1043 3124 1264 3206 rhythmorum
1286 3126 1427 3189 auctores
1443 3123 1563 3189 deside-

343 3231 441 3294 ratur.
485 3227 601 3293 Narrat
616 3228 699 3294 enim
716 3229 753 3292 de
769 3227 935 3291 saltatione
948 3227 1085 3309 quadam
1104 3227 1274 3309 Dionysius
1289 3227 1391 3292 Halia.
1405 3227 1560 3308 Antiquit.

342 3333 432 3398 Rom.
464 3331 526 3396 VH
559 3351 584 3396 ο.
616 3333 671 3394 72:
709 3323 816 3416 ἡγεῖτο
849 3327 886 3394 δὲ
917 3321 995 3395 καθ’
1029 3326 1163 3394 ἕκαστον
1193 3322 1286 3417 χορὸν
1318 3319 1366 3408 εἷς
1397 3319 1492 3416 ἀνήρ,
1526 3317 1562 3406 ὃς

343 3429 486 3499 ἐνεδίδου
507 3437 579 3512 τοῖς
603 3425 713 3510 ἄλλοις
734 3424 775 3496 τὰ
796 3435 855 3517 τῆς
877 3423 1033 3518 ὀρχήσεως
1057 3429 1207 3517 σχήματα
1223 3437 1363 3520 πρῶτος,
1386 3426 1562 3520 εἰδοφορῶν

342 3527 401 3614 τὰς
427 3529 607 3619 πολεμικὰς
633 3533 688 3600 καὶ
717 3532 884 3614 συντόνους
910 3531 1054 3620 κινήσεις
1081 3531 1114 3598 ἓν
1136 3537 1203 3612 τοῖς
1226 3536 1562 3622 προκελευσματι-

343 3641 423 3718 κοῖς
445 3631 488 3718 ιδς
502 3636 544 3704 τὰ
569 3636 677 3704 πολλὰ
692 3642 843 3727 ῥυθμοῖς.
887 3631 1071 3726 Ἑλληνικὸν
1086 3629 1115 3702 δ’
1132 3629 1196 3722 ἶν’ρα
1210 3635 1376 3704 καὶτοῦτο
1391 3626 1428 3724 r'yv
1445 3635 1562 3714 ἐντοῖς

342 3740 430 3808 πάνυ
459 3735 600 3809 παλαιὸν
622 3738 841 3828 ἐπιτήδευμα,
871 3738 1023 3822 ἐνόπλιος
1053 3731 1184 3828 δρχηοις
1214 3736 1233 3828 ἡ
1265 3740 1443 3831 καλουμένη
1467 3747 1562 3828 Πυρ-

412 4003 433 4072 ¹)
458 4002 520 4058 Non
541 4001 576 4056 ad
601 4000 679 4065 deos,
701 4000 748 4055 sed
773 3999 808 4055 ad
831 4000 965 4056 semideae
982 4004 1109 4069 spectant
1127 4000 1195 4055 haec
1213 4015 1330 4069 quoque,
1356 4015 1426 4069 quae
1445 4001 1558 4070 legimns

344 4090 415 4159 apud
434 4087 549 4142 Pansae.
568 4087 645 4154 1112,
659 4088 706 4144 10:
733 4085 783 4142 τὰς
802 4083 992 4141 Hadriatico
1009 4085 1092 4155 (Iovis
1112 4087 1253 4143 Dodonaei
1271 4087 1437 4152 sacerdotes)
1455 4084 1485 4140 dd
1505 4093 1560 4156 Φρ-

342 4174 443 4244 μυνὸηι
466 4193 497 4225 τε
524 4175 565 4226 ἔτι
585 4173 724 4247 προτέρου
749 4172 883 4244 γενέσθαι
904 4169 1012 4243 λέγουσι
1035 4177 1081 4224 καὶ
1104 4165 1172 4240 ᾆσαι
1193 4175 1332 4246 γυναικῶν
1356 4173 1468 4248 πρώτου
1495 4171 1561 4227 τάδε

343 4261 377 4315 cd
396 4267 460 4328 ἔπη·

555 4343 620 4400 Ζεὺς
637 4334 682 4412 ἦν,
701 4343 767 4400 Ζεὺς
785 4345 860 4414 ἔστι,
878 4344 944 4401 Zeia
962 4347 1086 4413 ἔσσυται,
1105 4335 1129 4396 ol
1146 4343 1245 4417 μεγάλε
1263 4346 1333 4399 aab·

554 4433 595 4484 Γᾶ
612 4429 735 4500 καρποὺς
753 4429 835 4500 dalea,
854 4428 897 4486 διδ
916 4429 1025 4504 κλῄζετε
1042 4435 1147 4506 μητέρα
1163 4437 1254 4506 γαῖαν,

344 4525 373 4576 et
389 4519 462 4587 apud
481 4520 563 4574 clem.
591 4518 667 4573 Alex.
692 4517 791 4573 Strcm.
811 4517 827 4572 1
845 4533 904 4587 cap.
922 4519 965 4586 16,
983 4525 1050 4576 sect.
1068 4521 1105 4574 80
1122 4535 1148 4587 p.
1167 4519 1220 4572 366
1238 4519 1332 4574 Potter
1344 4540 1379 4568 =
1391 4519 1432 4587 67,
1444 4523 1477 4575 17
1495 4520 1562 4577 Din-

344 4607 416 4662 dorl:
440 4609 482 4658 δτι
503 4609 571 4676 φασὶ
588 4605 621 4659 τὸ
639 4605 733 4674 ἡρῷον
749 4605 783 4657 τὸ
800 4603 952 4678 ἑξάμετρον
970 4605 1157 4659 Φανοδέαν
1173 4603 1225 4674 τὴν
1240 4609 1357 4678 γυναῖκα
1371 4605 1509 4682 Ἰκαρίου,
1534 4605 1564 4662 οἱ

344 4688 374 4746 dl
393 4694 493 4761 Θέμιν
508 4695 575 4764 μίαν
592 4691 650 4746 τῶν
671 4687 827 4745 Τιτανίδων
844 4691 939 4767 εὑρεῖν.
