3634 5240
996 311 1208 410 *oo-—

489 529 694 619 μακρότατός
709 528 778 598 ἔστι
795 537 860 600 τοῖν
883 527 1055 620 ὁμογενῶν·
1077 529 1124 614 είς
1146 528 1291 622 μακροὺς
1314 530 1350 598 δέ
1372 527 1535 618 χρόνους
1551 525 1737 616 εἰχόμεθα

492 634 662 718 σώζεσθαι
684 634 826 716 θύοντες.
871 639 1002 704 Isaccus
1018 636 1233 723 Monachus‘p.
1247 639 1319 717 175,
1332 639 1415 701 2-4
1431 635 1509 716 (lere
1522 665 1568 693 =
1582 638 1735 702 Pseudo·

491 741 594 806 Draco
608 763 639 825 p.
657 741 727 819 127,
751 743 790 804 21
801 743 905 819 -23):
928 736 1188 826 παρωνόμασται
1206 739 1242 806 δὲ
1258 735 1359 818 οίτως
1374 741 1430 822 (sc.
1447 739 1658 822 σπονδεῖος),
1680 737 1734 806 ὅτι

491 840 526 908 έν
546 846 620 922 ταῖς
642 842 818 925 σπονδαῖς,
847 839 866 910 ὅ
889 842 960 910 ἐστι
983 843 1189 930 διαλλαγαῖς,
1227 839 1393 920 τοιούτοις
1413 840 1546 930 μέτροις
1571 841 1733 930 ἐχρῶντο,

489 941 805 1033 μακροχρονίους
828 941 967 1014 ἔσεσθαι
990 943 1198 1036 σημαίνοντες
1219 943 1350 1025 ταύτας.
1815 936 1816 939 “

576 1051 754 1132 Utramque
786 1051 831 1130 (et
864 1050 902 1115 de
935 1052 1016 1116 vitae
1051 1054 1084 1116 et
1114 1052 1152 1115 de
1181 1050 1342 1116 foederum
1374 1050 1601 1132 diuturnitate)
1633 1052 1735 1116 inter-
1814 1060 1815 1154 y

489 1154 698 1238 pretationem
721 1154 856 1219 nominis
879 1155 1028 1238 ‘spondei'
1052 1155 1212 1219 coniunxit
1235 1156 1419 1238 Anonymus
1432 1154 1582 1218 Ambros.
1606 1175 1642 1238 p.
1658 1155 1731 1232 256,
1814 1155 1815 1186 l

492 1257 851 1333 11N=224‚148t.:
875 1257 1062 1336 (σπονδεῖος
1085 1307 1092 1321 .
1117 1307 1124 1320 .
1150 1307 1157 1321 .
1181 1253 1304 1342 ἐκλήθη
1327 1309 1335 1322 .
1359 1307 1366 1320 .
1391 1262 1421 1333 .),
1446 1251 1496 1321 ὅτι
1514 1255 1732 1342 μακρότατος
1814 1303 1815 1320 2

490 1356 561 1423 ἐστὶ
584 1361 649 1424 τῶν
665 1352 834 1446 ὁμογενῶν·
851 1355 898 1439 εἷς
918 1357 1185 1445 μακροτέρους
1208 1358 1245 1424 δέ
1265 1355 1397 1444 χρόνους
1421 1351 1595 1441 εἰχόμεθα
1623 1358 1729 1440 σεόζε-
1814 1361 1815 1366 ’

490 1467 575 1527 σθαι
600 1457 744 1550 (πάντες.
771 1455 863 1549 iiiive
888 1455 1001 1553 ᾅδεται
1025 1463 1088 1542 [vel
1111 1460 1411 1547 rupooacleirur]>¹)
1434 1453 1477 1525 τὰ
1499 1463 1675 1528 σπονδεῖα
1698 1461 1729 1528 ἒν
1814 1540 1815 1570 ρ

490 1567 563 1642 ταῖς
577 1558 714 1644 θυσίαις
735 1587 771 1631 τε
792 1564 847 1631 καί
871 1564 1048 1643 σπονδαῖς·
1072 1559 1186 1652 όίσπερ
1210 1561 1337 1652 γὰρτῷ
1362 1561 1524 1651 πυρριχίῳ
1549 1560 1727 1652 cloppem
1814 1605 1815 1636 ι

490 1659 557 1735 iim
582 1659 638 1733 διδ
659 1660 719 1755 τὴν
742 1664 916 1753 συντομίαν
937 1666 1107 1757 ἐκέχρηντο
1130 1661 1222 1754 παρὰ
1242 1671 1313 1746 τοῖς
1332 1670 1468 1752 βωμοῖς,
1492 1662 1582 1734 οῖ’τω
1607 1671 1666 1736 καί
1684 1675 1728 1757 τῷ

490 1766 652 1858 σπονδείῳ
676 1765 720 1851 τός
741 1767 934 1862 μακροτάτω
948 1769 1136 1857 τυγχάνοντι
1153 1769 1211 1836 ἐπὶ
1228 1775 1294 1837 τῶν
1310 1765 1508 1837 ὑποθέσεων
1523 1776 1595 1838 τῶν
1608 1763 1729 1860 χρόνον

491 1871 649 1958 δεομένων
671 1871 822 1962 ἐχρῶντο,
854 1867 984 1962 οῖγαθδν
1010 1866 1107 1941 αὐτόν
1135 1867 1248 1941 οἰωνὸν
1270 1877 1328 1962 τῆς
1350 1871 1618 1960 πολυχρονίου
1642 1899 1729 1962 συμ-

489 1972 612 2061 μαχίας
635 1974 832 2061 ποιούμενοι.

575 2081 644 2147 Νοο
665 2082 800 2147 secusia
823 2082 944 2166 mytho,
967 2103 1062 2166 quem
1084 2081 1253 2146 Diomedes
1275 2102 1305 2165 p.
1328 2081 1402 2157 476,
1426 2084 1445 2145 9
1468 2101 1537 2166 sqq.
1555 2082 1587 2146 K
1605 2091 1727 2160 namt

491 2185 666 2269 complures
694 2205 744 2251 res
772 2188 1071 2264 commemorantur,
1106 2204 1240 2268 quarum
1267 2185 1371 2267 imago
1399 2186 1555 2267 quaedam
1582 2189 1667 2252 insit
1693 2191 1724 2253 in

491 2288 619 2372 spondei
640 2288 768 2373 paribus
793 2289 924 2372 syllabis
948 2283 981 2353 et
1002 2289 1113 2372 longis.
1158 2286 1261 2367 Quem
1284 2287 1388 2352 locum
1411 2288 1557 2354 inlibris
1581 2293 1726 2373 graviter
1804 2338 1807 2347 -

489 2394 671 2476 corruptum
692 2393 737 2456 ita
758 2393 977 2470 transcribam,
1000 2393 1037 2456 ut
1059 2393 1199 2456 Keilium
1222 2409 1338 2473 sequar
1359 2389 1417 2455 hoc
1433 2391 1498 2456 fere
1513 2393 1611 2458 modo
1629 2397 1725 2460 verbs
1805 2414 1815 2482 j¹

489 2496 522 2558 in
540 2498 645 2578 aptam
664 2496 855 2560 sententiam
869 2494 1081 2577 redigentem:
1106 2513 1144 2572 „a
1159 2493 1383 2559 Radamantho
1403 2495 1510 2560 autem
1526 2499 1724 2564 constitutus
1814 2493 1815 2524 ³

491 2598 626 2663 traditur
647 2599 702 2680 (sc.
729 2597 908 2682 spondeus),
932 2597 985 2680 qui
1008 2596 1047 2661 ad
1063 2597 1215 2663 Arcadiae
1230 2597 1386 2681 principes
1401 2600 1540 2676 venerat,
1565 2601 1623 2664 ubi
1643 2601 1724 2666 forte

492 2701 642 2786 accipitur
664 2701 703 2766 ab
727 2701 870 2784 agricolis
892 2700 952 2765 hoo
975 2719 1122 2766 successu
1144 2703 1177 2765 et
1198 2700 1258 2765 hoc
1280 2699 1384 2764 divino
1406 2700 1469 2765 ritu
1491 2703 1561 2765 tum
1579 2703 1721 2786 primum

490 2805 565 2881 usis,
588 2824 661 2869 cum
684 2805 711 2869 is
734 2803 868 2868 cumulis
889 2804 1049 2886 paribus
1074 2805 1155 2868 turis
1184 2804 1216 2866 in
1240 2802 1393 2867 altaribus
1416 2805 1555 2869 accensis
1579 2809 1720 2872 musicos

491 2907 600 2972 choros
627 2907 789 2991 geminis
812 2906 970 2988 gressibus
992 2909 1160 2991 explicaret
1182 2907 1214 2970 et
1236 2904 1440 2988 sequipedi
1463 2926 1539 2971 sono
1555 2909 1719 2976 tibicinem

490 3011 711 3094 spondaulium
746 3028 856 3075 canere
886 3010 1021 3088 iuberet,
1048 3012 1085 3074 ut
1112 3010 1263 3074 duabus
1286 3009 1417 3091 longis
1449 3010 1593 3076 melodiis
1628 3017 1717 3096 quasi

489 3114 712 3198 duplicibus
729 3115 760 3178 et
774 3114 934 3197 iugibus
951 3115 1030 3179 votis
1042 3131 1191 3198 prospera
1203 3112 1332 3176 deorum
1347 3113 1492 3176 uoluntas
1506 3114 1716 3182 firmaretur‘.

575 3216 634 3281 111.
657 3218 695 3281 In
715 3216 892 3282 trochaei
915 3217 1074 3282 schemate
1089 3218 1217 3282 brevem
1233 3216 1390 3299 syllabam
1406 3215 1519 3299 longae
1535 3218 1715 3284 adiunctam

488 3321 520 3384 in
543 3320 627 3384 hunc
648 3320 779 3385 modum
802 3320 958 3404 explicant
979 3320 1107 3384 ‘scholia
1128 3319 1713 3403 HephaestioneaB'p.132‚19W:
1814 3317 1815 3358 ἒ

396 3425 397 3430 ’
488 3425 540 3502 28,
564 3425 603 3488 10
619 3424 665 3487 H:
689 3417 707 3487 ό
729 3425 876 3509 τροχαῖος
891 3473 898 3487 .
916 3473 924 3488 .
942 3473 949 3486 .
966 3416 1049 3487 cibor
1063 3418 1233 3507 λεγόμενος
1255 3418 1290 3486 ἐκ
1304 3426 1494 3508 μεταφορᾶς
1508 3428 1573 3488 τῶν
1586 3424 1713 3510 τρεχόν-
1814 3491 1815 3510 ,

487 3551 561 3606 των,
578 3526 692 3606 οἵτινες
707 3523 740 3590 έν
754 3529 800 3613 τῷ
817 3522 970 3612 προϊέναι
986 3516 1058 3591 ἆπδ
1079 3521 1323 3612 μακροτέρας
1345 3515 1517 3612 ἀρχόμενοι
1539 3519 1617 3593 όδοῖ·
1633 3522 1713 3594 κατὰ

486 3620 601 3715 μικρὸν
636 3625 896 3716 βραχύνουσιν
925 3621 1031 3713 αι’τήν.
1077 3628 1197 3694 Similia
1227 3628 1360 3693 redeunt
1388 3627 1471 3712 apud
1496 3629 1595 3696 Isaac.
1629 3633 1711 3698 Mon.

487 3754 516 3817 p.
540 3734 610 3811 175,
636 3733 761 3797 12-15
783 3761 826 3788 =
848 3732 1022 3812 (Pe-Duae.
1045 3753 1074 3816 p.
1100 3732 1171 3810 128,
1185 3733 1280 3808 3-1)
1315 3733 1348 3795 et
1370 3732 1453 3816 apud
1475 3731 1711 3818 Ps-Hephaest.

488 3839 506 3920 ς
531 3837 566 3900 1¹³
578 3857 609 3920 p.
633 3837 683 3900 33.
727 3836 813 3901 Alias
835 3836 970 3919 legimus
992 3834 1214 3900 translationes
1238 3836 1321 3919 apud
1340 3835 1666 3921 PseudoDionysium
1682 3863 1709 3926 p.

489 3940 549 4003 161
567 3939 627 4003 st:
652 3930 708 4003 διὰ
731 3933 767 4002 τί
787 3935 910 4026 ἐκλήθη
932 3940 1099 4022 τροχαῖος,
1121 3929 1193 4002 ἀπὸ
1218 3941 1405 4026 μεταφορᾶς
1418 3940 1484 4003 τῶν
1499 3935 1534 4018 ἐξ
1548 3934 1712 4023 {lotomet-

487 4033 642 4107 ταπεινὸν
667 4035 814 4126 ἡκουσῶν
847 4038 1026 4126 (πετρῶν),
1061 4042 1181 4118 αἵτινες
1210 4039 1266 4105 καί
1298 4038 1420 4127 τρέχειν
1449 4037 1507 4106 τὸν
1534 4039 1710 4124 βαδίζοντα
1802 4114 1807 4127 ,

489 4141 794 4231 παρασκευάζουσιν
826 4145 902 4224 (fere
924 4171 967 4200 =
989 4145 1091 4209 Tract.
1113 4145 1201 4208 Harl.
1223 4165 1253 4228 p.
1286 4146 1422 4224 322,13
1452 4145 1535 4228 sqq.)
1564 4151 1597 4212 et
1630 4151 1710 4233 apud

489 4251 693 4331 Anonymum
706 4248 949 4313 Ambrosianum
971 4268 999 4332 p.
1021 4248 1145 4326 223,10
1162 4247 1224 4314 St:
1248 4249 1412 4334 (τροχαῖος
1428 4297 1436 4312 .
1452 4297 1459 4312 .
1477 4297 1484 4312 .
1502 4245 1626 4338 ἐκλήθη
1639 4301 1648 4315 .
1660 4304 1667 4318 .
1678 4255 1710 4335 .),

489 4345 541 4416 ὅτι
562 4341 619 4415 τόν
639 4341 753 4435 τροχόν
773 4353 925 4434 μιμεῖται
946 4351 1003 4415 τοῦ
1025 4346 1183 4437 ἅρματος,
1211 4339 1247 4429 ὃς
1272 4346 1457 4434 κυλιόμενος
1481 4347 1607 4436 γίνεται
1630 4355 1709 4421 ποτὲ

559 4591 579 4660 ¹)
598 4588 673 4645 Haec
691 4589 732 4646 rel
750 4589 850 4646 similia
868 4589 1038 4647 intercidisse
1056 4590 1158 4646 iudicat
1178 4588 1352 4646 Studemund.
