3480 5230
784 421 826 486 29

699 503 910 512 —-.-——=

196 637 288 722 τέλος
311 635 381 724 {hev
403 643 552 732 πρᾶξιν
574 641 639 709 καὶ
660 639 801 732 κρίσιν.
846 641 956 708 Habes
979 641 1069 708 illem
1098 643 1337 729 oppositionem
1359 649 1416 712 τοῦ

196 748 397 834 θεωρητικοῦ
419 751 517 829 atque
539 752 594 812 τοῦ
618 752 806 836 πρακτικοῦ,
833 768 917 830 quae
940 747 1057 811 Stoicis
1084 747 1117 810 in
1146 748 1260 831 primis
1287 749 1413 815 usitata

194 847 325 912 videtur
356 847 468 916 luisse.
519 849 617 915 Velut
648 851 824 917 Panaetius
858 850 1011 914 virtutem
1042 850 1179 915 alteram
1207 851 1311 916 voluit
1341 873 1413 918 esse

194 947 405 1040 θεωρητικήν,
430 952 567 1017 alteram
591 951 780 1041 πρακτική-ν.
793 957 815 1037 ¹)
859 952 996 1016 Accedit
1017 953 1105 1037 quod
1128 952 1265 1018 similem
1280 955 1412 1021 theseos
1441 985 1445 991 ·

193 1053 374 1119 finitionem
401 1059 588 1140 Anonymus
617 1056 784 1142 quidam²)
813 1055 953 1135 exhibet,
988 1077 1084 1140 quem
1112 1056 1146 1121 in
1174 1056 1247 1122 aliis
1281 1079 1412 1142 quoque

191 1163 339 1222 secutum
362 1179 433 1223 esse
455 1163 583 1225 constat
605 1159 745 1228 Stoicos:
767 1159 866 1238 θέσις
887 1157 959 1224 ἐστὶ
982 1155 1157 1247 διάσκεψις
1182 1158 1293 1247 λογικὴ
1315 1159 1409 1242 τέλος

193 1255 310 1342 ἔχουσα
330 1253 389 1350 τὴν
410 1258 563 1350 θεωρίαν.
607 1265 714 1347 Atque
730 1263 792 1328 hoo
809 1263 985 1328 discrimen
998 1263 1063 1328 iam
1081 1270 1157 1329 ante
1174 1263 1411 1342 Quintilianum

192 1370 264 1429 erat
279 1370 449 1444 statutum,
466 1366 522 1449 qui
537 1366 619 1431 haec
634 1371 776 1432 testatur
792 1367 893 1448 (1115,
920 1369 984 1450 11):
1008 1366 1161 1450 „quidam
1176 1372 1296 1450 putant
1310 1368 1410 1432 etiam

192 1489 247 1533 eas
271 1469 379 1534 theses
409 1490 506 1552 posse
529 1469 706 1554 aliqnando
733 1470 909 1549 nominari,
944 1489 1027 1554 quae
1057 1471 1207 1552 personis
1235 1470 1410 1553 causisque
1443 1494 1445 1498 ¹

192 1571 437 1653 contineantur,
474 1571 571 1637 aliter
607 1574 834 1639 tantummodo
867 1578 1003 1657 positas:
1037 1578 1075 1638 ut
1108 1593 1210 1638 causa
1243 1573 1301 1654 sit,
1335 1595 1408 1638 cum

192 1673 324 1740 Orestes
346 1679 536 1756 accusatur,
558 1676 674 1755 thesis,
704 1698 746 1742 an
769 1677 902 1742 Orestes
924 1681 1010 1741 recte
1035 1676 1079 1740 sit
1100 1675 1280 1741 absolutus.
1302 1714 1345 1725 -
1367 1713 1410 1724 -

194 1777 236 1842 Hi
260 1776 369 1844 thesin
387 1782 413 1844 'a
436 1799 536 1844 causa
549 1779 595 1844 sic
611 1779 824 1864 distinguunt,
846 1786 884 1846 ut
906 1779 966 1845 illa
988 1779 1033 1844 sit
1054 1779 1306 1864 spectativae
1329 1801 1426 1863 pan,

190 1881 242 1960 tis,
266 1881 349 1947 haec
371 1882 558 1947 activae.“
591 1883 699 1948 Etiam
724 1883 937 1966 Augustinus,
959 1904 1031 1947 cum
1052 1881 1288 1965 Hermagorem
1310 1879 1408 1948 ddum

190 1991 225 2049 et
251 1977 417 2051 ὑπόθεσιν
449 1985 704 2070 distinguentem
737 1985 833 2066 facit,
866 1985 928 2050 hoe
957 1985 1131 2050 discrimen
1165 1991 1408 2055 commemorat.

190 2086 293 2152 Erant
315 2088 424 2172 igitur,
449 2090 599 2173 quicum
625 2089 846 2172 Hermagorae
869 2088 1034 2154 finitiones
1056 2109 1121 2152 non
1148 2087 1336 2171 probarent,
1365 2090 1409 2153 si·

189 2189 324 2272 quidem
347 2211 507 2274 personae
531 2192 708 2257 discrimen
724 2191 805 2257 nihil
829 2191 872 2257 ad
887 2211 955 2256 rem
971 2192 1160 2275 pertineret,
1183 2191 1281 2256 aliam
1298 2197 1407 2258 tamen

189 2293 442 2377 distinctionem,
457 2315 555 2379 quam
572 2302 605 2361 et
615 2297 721 2379 ipsam
730 2296 950 2379 Hermagoras
973 2299 1145 2375 statuerat,
1168 2294 1352 2376 reciperent
1373 2301 1407 2360 et

188 2395 252 2462 hoo
265 2399 406 2463 maxime
422 2399 530 2464 thesin
549 2404 583 2464 et
593 2399 789 2483 hypothesin
804 2397 935 2462 differre
948 2397 1191 2478 contenderent,
1205 2396 1294 2480 quod
1315 2397 1405 2462 illius

187 2499 261 2564 finis
299 2506 386 2567 esset
417 2499 553 2590 θεωρία,
583 2503 678 2567 huius
716 2503 845 2590 πρᾶξις.
901 2500 971 2565 Hac
1005 2500 1157 2566 doctrina
1192 2499 1406 2566 admonemur

188 2603 331 2670 Senecae
347 2605 489 2670 rhetoris
505 2607 726 2671 suasoriarum
743 2611 776 2671 et
791 2605 1095 2685 controversiarum.
1128 2603 1298 2668 Suasorias
1318 2605 1405 2669 snim

187 2707 350 2791 intellegit
371 2708 426 2773 ille
450 2729 567 2774 causes
590 2709 694 2781 fictas,
723 2708 764 2773 de
793 2706 912 2792 quibus
939 2707 1138 2791 disputetur,
1166 2707 1404 2773 controversias

186 2815 297 2874 autem
319 2831 413 2876 veras
436 2832 562 2893 causas,
585 2833 670 2895 quae
692 2813 726 2876 in
748 2810 869 2876 iudicio
892 2816 950 2875 aut
972 2811 1006 2875 in
1028 2810 1178 2875 contione
1194 2816 1334 2894 agentur
1352 2811 1404 2876 vel

186 2912 241 2994 agi
265 2915 401 2996 possint.
447 2916 610 2981 Personae
633 2917 667 2980 in
694 2920 835 2999 utroque
863 2934 982 2998 genere
1003 2914 1123 2981 insunt.
1167 2913 1283 2997 Itaque
1309 2913 1403 2979 illum

186 3015 346 3097 Stoicum,
375 3039 471 3101 quern
495 3019 659 3102 Sulpicius
682 3019 795 3084 Victor
821 3017 983 3100 sequitur,
1017 3016 1104 3082 inter
1125 3017 1347 3100 Hermagorae
1369 3023 1404 3084 et

186 3121 328 3185 Senecae
350 3121 491 3187 rhetoris
512 3128 662 3205 tempora
681 3121 831 3186 floruisse
853 3118 1061 3186 statuendum
1084 3126 1144 3184 est.
1189 3123 1295 3205 Atque
1312 3121 1402 3187 haud
1473 3135 1476 3140 '

184 3222 306 3288 seioan
329 3223 395 3289 elia
418 3245 557 3309 quoque,
581 3246 666 3309 qnae
689 3223 851 3310 Sulpicius
873 3222 1010 3307 praebet
1032 3243 1180 3307 quaeque
1202 3224 1289 3288 infra
1308 3230 1402 3290 nota-

183 3327 314 3408 buntur,
336 3327 441 3393 eidem
464 3329 573 3394 Stoico
594 3328 661 3394 sint
682 3325 902 3394 attribuenda.

268 3430 331 3495 Sed
353 3431 395 3496 ad
419 3427 614 3520 περίστασιν
634 3436 845 3496 revertamur.
888 3429 1036 3494 Vidimus
1059 3427 1159 3512 igitur
1180 3431 1212 3494 in
1232 3430 1399 3497 rhetorica

183 3539 255 3599 erte
296 3541 421 3618 septem
458 3535 637 3618 particulas
674 3533 935 3600 circumstantiae
967 3533 1115 3616 posuisse
1153 3533 1398 3617 Hemregoram.

182 3637 383 3703 Posteriores
398 3659 475 3704 uero
491 3638 589 3703 modo
604 3636 709 3722 plura,
733 3637 829 3703 modo
850 3634 1020 3720 pauciora,
1053 3635 1150 3701 mo'do
1172 3637 1313 3703 totidem
1340 3637 1398 3702 illa

181 3740 329 3823 quidem,
363 3741 422 3806 sed
454 3742 582 3807 diversa
607 3737 710 3830 μόρια
743 3739 992 3806 constituerunt.
1048 3739 1147 3805 llelut
1179 3738 1398 3824 Apollodorus

180 3839 377 3931 molossum
400 3839 641 3930 interpretatur
662 3844 947 3928 congregationem
971 3841 1020 3927 (id
1043 3849 1093 3908 est
1114 3835 1308 3931 ἀθροισμόν)
1323 3865 1396 3933 per·

180 3966 343 4028 sonarum,
365 3948 521 4031 locorum,
542 3954 737 4032 temporum,
759 3967 940 4027 causarum,
962 3946 1143 4028 modorum,
1166 3966 1308 4028 casuum,
1331 3946 1397 4012 fac·

178 4054 297 4132 torum,
319 4049 608 4118 instrumentorum
630 4047 699 4140 (ὕλη
720 4051 772 4117 vel
790 4043 962 4138 ἀφορμαί),
985 4069 1178 4132 sermonum,
1201 4049 1396 4134 scriptorum

180 4158 215 4218 et
235 4175 301 4218 non
325 4154 566 4240 scriptoruml)

263 4258 360 4342 Apud
385 4259 623 4342 Hermogenem
654 4279 711 4324 sex
737 4263 848 4342 partes
881 4256 1061 4324 invenimus
1087 4257 1227 4324 materia
1254 4258 1395 4355 exclusa

248 4417 269 4480 ¹)
288 4413 365 4482 Dlog.
385 4413 416 4468 [ι.
435 4411 487 4467 VII
508 4413 555 4481 923
574 4412 607 4468 cf.
632 4413 736 4483 Syrien.
756 4411 808 4467 Vll
826 4429 851 4481 p.
875 4413 908 4468 95
927 4413 986 4467 W.:
1012 4410 1107 4465 πάντα
1130 4411 1165 4464 τά
1190 4411 1259 4466 ὅντα
1283 4410 1300 4481 ἢ
1322 4412 1393 4466 κατὰ

179 4499 303 4574 θεωρίαν
318 4499 491 4572 γινώσκομεν
508 4497 525 4569 ἢ
544 4498 615 4552 κατοὶ
634 4497 745 4574 πρᾶξιν.

245 4587 257 4621 a

247 4588 268 4745 'l
287 4587 384 4747 goliad).
397 4587 481 4741 Hlld,
504 4675 535 4730 17
554 4689 593 4746 sq.
