3514 5244
931 1201 961 1274 Ι.

696 1337 745 1418 be
775 1339 924 1434 dialoois
953 1337 1198 1418 recensendis.

419 1500 599 1567 Duodecim
615 1499 749 1585 dialogi,
772 1520 852 1583 quos
868 1500 1101 1566 ambrosianos
1114 1499 1284 1585 appellare
1299 1499 1396 1564 liceat
1403 1496 1438 1584 ¹),
1452 1497 1577 1564 medio

330 1626 412 1672 aevo
446 1608 564 1674 ceteris
597 1607 742 1674 Senecae
774 1607 865 1672 libris
896 1607 996 1673 multo
1029 1607 1134 1672 rarius
1162 1606 1265 1672 lectos
1294 1626 1367 1672 csse
1395 1605 1461 1670 iam
1489 1604 1575 1670 inde

330 1721 477 1799 apparet,
506 1713 592 1798 quod
614 1734 717 1799 nemo,
750 1713 837 1797 quod
864 1714 974 1798 sciam,
998 1713 1068 1780 eius
1092 1713 1212 1779 aetatis
1235 1713 1373 1798 scriptor
1396 1731 1453 1778 cos
1480 1733 1573 1778 com-

329 1821 521 1886 memoravit
535 1841 640 1903 neque
659 1820 692 1885 in
707 1820 868 1904 catalogis
882 1819 1149 1886 bibliothecarum
1164 1821 1302 1886 vetustis
1316 1839 1425 1884 eorum
1439 1819 1574 1884 mentio

330 1925 407 2012 ἅτ’).
454 1934 603 2012 superest
626 1935 733 1993 amen
758 1926 914 2012 codicum,
944 1929 1061 2010 quibus
1089 1927 1210 1994 servati
1233 1935 1316 2011 sunt,
1338 1946 1436 1991 manu
1461 1925 1572 2010 scrip·

330 2041 434 2098 torum
457 2053 608 2100 numerus
632 2033 720 2100 baud
743 2033 789 2098 ita
817 2054 948 2119 paruus.
993 2034 1077 2100 inter
1110 2054 1191 2118 quos
1224 2054 1296 2099 cum
1328 2040 1360 2098 et
1388 2040 1505 2098 aetate
1537 2039 1572 2097 ct

329 2140 476 2208 bonitate
498 2141 686 2226 primarium
705 2142 810 2207 locum
828 2140 1139 2208 Mediolanensis
1162 2140 1441 2206 Ambrosianus
1467 2141 1495 2206 C
1519 2141 1573 2206 90

333 2247 397 2314 inl.
412 2249 537 2314 saeculi
550 2248 675 2312 X-XI
690 2247 732 2334 (A
747 2247 835 2334 apud
848 2249 1036 2314 Fickertum
1050 2255 1083 2314 et
1102 2248 1281 2330 Gemcium)
1304 2253 1423 2332 teneat,
1446 2248 1570 2312 mirum

330 2374 395 2420 uon
410 2362 468 2439 est,
492 2354 587 2439 quod,
611 2376 683 2422 cum
705 2356 771 2421 iam
789 2356 962 2422 Fickertus
986 2357 1061 2433 (rol.
1084 2355 1132 2422 III
1154 2362 1186 2440 p.
1208 2355 1270 2438 III)
1294 2355 1436 2438 reliquos
1459 2353 1571 2420 multo

330 2461 508 2528 deteriores
532 2482 606 2529 esse
635 2462 781 2548 dixisset,
813 2462 980 2545 Madvigio
1012 2461 1220 2548 praecunte³)
1253 2463 1292 2528 ll
1320 2462 1357 2528 A.
1381 2458 1569 2544 Koobius⁴)

330 2575 363 2634 et
387 2569 535 2635 Gertzius
557 2568 633 2636 illos
658 2578 812 2653 anquam
836 2591 876 2635 ex
900 2570 971 2655 lpso
1001 2570 1105 2636 Auel
1129 2590 1169 2635 ex
1193 2568 1358 2636 codicibus
1382 2569 1411 2634 ei
1436 2567 1568 2635 similli-

334 2675 395 2740 mis
419 2674 584 2742 derivatos
608 2684 665 2742 aut
687 2697 820 2763 prorsus
843 2677 1031 2743 abiecerunt
1053 2683 1111 2742 aut
1132 2677 1187 2741 vix
1211 2675 1328 2760 dignos
1356 2683 1568 2761 putaverunt,

332 2802 466 2865 quorum
490 2782 645 2849 lectiones
669 2790 963 2849 commemorarent.
1009 2791 1154 2848 attamen
1183 2784 1211 2848 si
1238 2782 1349 2868 paullo
1376 2784 1568 2848 accuratius

331 2908 441 2954 eorum
471 2888 699 2956 adnotationes
729 2891 987 2976 perlustraveris,
1018 2890 1105 2956 baud
1137 2910 1261 2976 paucos
1288 2890 1378 2956 locos
1405 2889 1567 2972 inuenies,

332 2996 448 3079 quibus
471 2999 658 3063 dedamis
681 2997 809 3063 illorum
832 2997 989 3064 lectiones
1017 2997 1067 3082 iis,
1100 3017 1181 3081 quas
1209 2997 1238 3061 A
1261 2997 1367 3082 habet,
1390 2995 1565 3081 praelatae

332 3102 406 3169 sint.
452 3123 492 3168 ae
514 3124 555 3169 ne
579 3104 743 3169 Gertzium
766 3103 909 3190 quidem,
938 3105 992 3188 qui
1020 3112 1056 3170 ut
1083 3103 1228 3170 codicem
1256 3103 1432 3169 AKocbio
1459 3104 1566 3170 multo

333 3209 522 3293 diligentius
547 3212 689 3296 contulit,
713 3212 760 3276 ita
783 3212 917 3295 reliquis
946 3211 1130 3278 accuratius
1162 3211 1195 3276 in
1227 3212 1311 3277 banc
1339 3231 1465 3295 quoque
1493 3230 1565 3278 rem

333 3315 509 3402 inquisivit,
542 3318 626 3402 fugit
658 3318 818 3402 quasdam
850 3319 1063 3386 recentiorum
1091 3318 1238 3384 codicum
1267 3319 1444 3405 scripturas
1468 3338 1510 3383 ex
1536 3319 1564 3382 Α

331 3423 400 3489 solo
425 3423 567 3491 derivari
590 3445 654 3490 non
677 3425 831 3510 potuisse.
879 3425 938 3492 sed
967 3446 1038 3492 cum
1065 3427 1167 3491 multa
1194 3426 1236 3492 iis
1264 3425 1381 3491 menda
1410 3446 1480 3491 cum
1505 3425 1565 3490 illo

424 3619 443 3686 ¹)
463 3621 643 3691 Dialogorum
671 3639 771 3677 nomen
799 3625 908 3692 praeter
934 3622 1151 3677 Mediolanenses
1179 3622 1214 3676 ad
1242 3622 1325 3676 libros
1353 3621 1386 3676 de
1415 3621 1563 3680 beneficiis.

330 3707 364 3761 de
396 3709 556 3774 clementia,
593 3709 627 3765 de
663 3711 790 3765 remediis
824 3711 1014 3776 fortuitorum,
1051 3711 1120 3764 alios
1157 3711 1205 3778 qui
1237 3711 1391 3780 perierunt,
1425 3710 1566 3779 pertinere

329 3795 515 3852 demonstravi
533 3801 650 3854 Hermae
669 3800 723 3854 vol.
743 3800 822 3854 XVII
842 3801 935 3867 (1882)
954 3818 980 3868 p.
1000 3801 1052 3854 365
1070 3818 1110 3868 sq.

423 3883 443 3952 ¹)
463 3887 511 3954 qui
531 3887 560 3941 in
580 3889 708 3958 catalogo
727 3889 830 3943 saeculi
849 3889 902 3943 XII
920 3889 1044 3943 coenobii
1062 3889 1165 3943 montis
1183 3889 1210 3944 S.
1229 3888 1373 3944 Michaelis
1392 3887 1438 3954 (G.
1458 3889 1564 3942 Becker

330 3975 347 4028 l.
367 3993 389 4030 c.
409 3976 452 4040 80,
477 3977 539 4042 231)
568 3981 737 4032 memoratur
764 3981 878 4033 Senecae
901 3981 938 4033 od
967 3980 1099 4033 Novacum
1126 3981 1170 4033 lib.
1200 3981 1219 4032 I
1223 4019 1229 4043 ‚
1257 3996 1325 4032 num
1352 3978 1435 4032 libros
1462 3978 1496 4031 de
1520 3979 1564 4032 ira

328 4065 504 4132 continuerit,
532 4085 603 4134 quae
630 4071 672 4122 est
699 4068 732 4122 G.
756 4068 869 4122 Beckeri
896 4068 1043 4133 sententia,
1073 4068 1179 4122 dubito.
1202 4068 1261 4122 lieri
1288 4067 1375 4122 eliam
1401 4071 1500 4136 potest,
1531 4071 1563 4122 ut

329 4153 542 4210 declamationes
575 4156 693 4212 Sediscae
720 4157 838 4212 rhetoris
870 4157 1042 4226 significatae
1074 4157 1143 4222 sint,
1181 4157 1281 4225 quibua
1313 4157 1347 4211 ob
1382 4156 1561 4226 praemissam

329 4244 416 4313 patris
440 4244 475 4299 ad
498 4245 646 4304 Nouatum.
675 4246 814 4311 Senecam,
838 4247 942 4300 Melam
959 4246 1029 4300 filios
1049 4246 1197 4315 epistulam
1214 4262 1315 4300 nomen
1332 4245 1404 4300 illud
1421 4245 1451 4299 in
1470 4245 1564 4300 codice

329 4332 454 4388 Parisino
477 4334 547 4388 8542
570 4334 732 4404 impositum
751 4339 799 4390 est.
837 4353 863 4388 v.
882 4335 980 4390 Meloti
999 4336 1159 4405 catalogum
1177 4335 1230 4390 vol.
1250 4334 1289 4388 IV
1308 4353 1349 4388 nr.
1369 4335 1447 4389 8542.

421 4419 442 4488 ⁸)
463 4426 632 4479 Adversaria
651 4428 748 4478 critica
767 4425 793 4478 Il
812 4425 865 4478 338
884 4443 924 4492 sq.

422 4512 443 4580 ⁴)
462 4514 575 4569 Senecae
598 4516 769 4583 dialoporum
796 4516 862 4568 libri
888 4516 1026 4569 duodecim
1053 4533 1087 4568 ex
1114 4531 1166 4569 rec.
1190 4516 1226 4568 H.
1252 4518 1286 4567 A.
1310 4515 1393 4580 Koch,
1420 4516 1561 4568 editionem

331 4602 432 4656 Koclrr‘s'
450 4610 534 4657 morde
552 4607 733 4671 interruptam
751 4606 937 4658 absolvendam
956 4606 1063 4658 curacii
1083 4606 1106 4657 I.
1127 4605 1237 4670 Vahlen,
1255 4603 1337 4658 leuse
1360 4603 1428 4656 1879
1447 4621 1474 4672 p.
1487 4603 1562 4658 xm.
