3560 5242
809 433 829 508 3

205 676 257 722 eos
287 657 416 723 Minucii
444 661 476 723 et
502 659 688 726 Tertulliani
715 662 833 728 similes
860 664 945 726 locos
974 661 1273 745 contemplabimur,
1308 661 1421 745 quibus

205 759 284 825 alter
299 765 370 826 uter
385 762 569 845 scriptorem
586 765 745 845 quendam
758 765 908 831 Latinum
925 765 1048 830 videtur
1063 767 1192 829 secutas
1215 783 1300 840 esse;
1323 766 1422 830 altero

206 882 272 941 ece,
298 865 412 945 quibus
434 865 609 931 Minucium
631 869 681 932 vel
696 869 925 934 Tertullianum
949 887 985 932 ex
1008 871 1134 932 auctore
1151 867 1287 950 quodam
1303 868 1422 935 Graeco

205 966 341 1048 pendere
363 970 470 1050 putes;
498 969 591 1034 tertio
613 971 747 1054 denique
772 971 1057 1038 demonstrabimus
1080 971 1157 1034 nihil
1181 973 1319 1050 obstare,
1349 991 1424 1054 quo·

205 1069 312 1134 minus
346 1071 535 1136 arbitremur
566 1073 742 1140 Minucium
779 1077 887 1140 eodem
923 1077 1078 1157 tempore,
1113 1093 1174 1156 quo
1211 1075 1423 1140 Tertullianus

205 1173 442 1255 Apologeticum
472 1179 686 1259 componeret,
719 1179 769 1243 rel
801 1181 895 1244 etiam
923 1177 1089 1261 posteriore
1118 1177 1288 1260 scripsisse.
1336 1178 1424 1244 Haec

205 1275 289 1338 enim
312 1278 465 1358 quaestio,
489 1280 613 1360 quando
636 1281 794 1364 scripserit
808 1282 980 1356 Minucius,
1004 1299 1041 1345 en
1063 1280 1117 1344 illa
1138 1280 1273 1345 maxime
1296 1282 1422 1364 pendet,

204 1396 323 1443 ususne
345 1379 387 1442 sit
408 1380 459 1445 bic
482 1382 667 1447 Tertulliani
689 1384 889 1466 Apologetico
913 1403 952 1447 an
975 1383 1189 1447 Tertullianus
1214 1383 1351 1448 Octauio.

593 1931 768 2017 CAPUT
801 1932 1033 2015 PRIMUM.

773 2108 799 2187 e.
825 2107 853 2170 1.

290 2235 421 2304 Constat
443 2259 480 2305 er
502 2241 545 2305 M.
560 2241 676 2306 Tullii
692 2243 887 2310 Ciceronis
902 2243 990 2309 libris
1005 2243 1139 2309 maxime
1155 2242 1328 2310 Minucium
1343 2242 1424 2306 Feli·

204 2356 273 2402 cem
295 2340 457 2407 hortulum
485 2363 578 2410 suum
605 2346 781 2428 irrigavisse
810 2350 843 2411 et
869 2347 941 2412 inde
969 2351 1081 2412 natum
1104 2365 1172 2412 esse
1196 2347 1323 2428 elegans
1346 2344 1423 2408 illud

204 2442 357 2508 scribendi
380 2464 488 2528 genus,
512 2449 594 2530 quod
617 2450 700 2514 inter
722 2451 888 2533 scriptores
911 2449 1138 2515 ecclesiasticos
1161 2469 1233 2513 cum
1249 2448 1342 2514 unius
1357 2449 1424 2512 Tir-

204 2545 301 2609 miani
329 2547 486 2615 Lactantii
514 2571 658 2617 sermone
686 2573 764 2636 porc
794 2571 974 2636 comparare
1000 2553 1082 2617 licet.
1134 2552 1200 2616 Nec
1227 2554 1334 2616 tamen
1356 2552 1424 2634 ipsa¹

203 2648 296 2713 Tullii
321 2652 418 2716 verba
444 2654 596 2738 inspicere
625 2656 736 2720 solitus
765 2659 816 2720 est
842 2656 1015 2732 Minucius;
1043 2656 1146 2720 multa
1174 2657 1257 2720 certe
1284 2653 1424 2738 profecta

204 2755 279 2817 sunt
310 2773 347 2818 ex
374 2757 525 2839 pristinae
553 2759 697 2823 lectionis
723 2760 891 2837 memoria,
924 2778 1026 2842 neque
1055 2758 1169 2822 evolvit
1196 2757 1353 2822 Minucius
1383 2757 1422 2821 ad
1462 2773 1464 2778 ·

204 2854 370 2922 Octavium
403 2862 653 2944 componendum
686 2862 748 2928 alia
777 2862 932 2927 Ciceronis
969 2861 1086 2945 scripta
1112 2860 1178 2924 ulla
1207 2863 1331 2944 praeter
1359 2864 1422 2925 tres

205 2958 246 3022 de
269 2963 410 3026 natura
433 2963 587 3029 deorum
610 2968 643 3030 et
665 2965 742 3030 duos
766 2965 809 3029 de
832 2963 1069 3030 divinatione
1092 2964 1203 3039 libros,
1231 2963 1315 3028 unde
1337 2963 1423 3028 haud

203 3079 304 3144 pauca
325 3066 473 3148 sumpsit,
502 3086 582 3148 quae
605 3068 731 3149 quidem
754 3067 883 3132 adrem
906 3067 1095 3151 propositam
1115 3066 1229 3130 idonea
1249 3085 1317 3132 esse
1340 3067 1423 3132 vide-

203 3166 323 3243 rentur,
346 3169 380 3231 et
401 3167 441 3232 ad
463 3170 595 3234 verbum
617 3171 803 3253 plerumque
827 3171 982 3254 descripta
1002 3169 1191 3234 cretionibus
1207 3188 1324 3248 eorum,
1344 3188 1422 3252 quos

204 3266 238 3330 in
262 3267 391 3336 Octavio
420 3271 504 3335 inter
525 3291 558 3336 se
581 3273 795 3355 colloquentes
819 3273 907 3351 fecit,
934 3273 1011 3338 scite
1034 3273 1176 3337 intexuit.
1219 3275 1324 3354 Atque
1348 3292 1422 3354 quo-

203 3371 297 3436 modo
328 3374 399 3438 libri
428 3374 465 3439 de
493 3378 607 3439 natura
630 3375 759 3440 deorum
782 3396 801 3440 a
822 3377 959 3442 Minucio
982 3374 1106 3459 expilati
1130 3375 1250 3451 essent,
1279 3375 1422 3458 exposuit

203 3473 356 3540 Emestus
378 3477 556 3560 Behrius,¹)
584 3479 637 3562 qui
665 3479 746 3560 quod
774 3479 869 3544 libros
898 3480 935 3543 de
959 3478 1146 3544 divinatione
1169 3476 1285 3560 pariter
1307 3478 1422 3542 erami-

203 3596 278 3643 nare
312 3581 413 3646 noluit
446 3581 615 3647 dolendum
645 3583 701 3646 est.
751 3582 799 3646 Ad
827 3582 962 3646 alteram
991 3584 1097 3646 utrum
1128 3583 1235 3646 autem
1262 3578 1420 3648 Ciceronis

203 3832 247 3886 ldr
271 3831 315 3887 die
334 3834 532 3907 Beurtheilung
549 3837 596 3892 des
615 3837 953 3894 Prioritttsrerbaltnisees
971 3852 1083 3907 vermag
1101 3838 1141 3893 sie
1160 3837 1235 3892 nieht
1252 3839 1420 3910 abzugeben.

203 3947 237 3984 ,-
255 3917 310 3973 Mir
328 3921 435 3976 scheint
452 3921 537 3977 daher
555 3922 616 3978 eine
635 3923 735 3978 endere
748 3927 800 3978 Art
818 3923 865 3977 der
877 3922 1078 3992 Vergleiebung
1096 3924 1212 3992 gebcten
1227 3965 1232 3977 .
1246 3965 1272 3980 ..
1291 3925 1328 3980 Es
1346 3926 1421 3981 steht

204 4019 300 4059 ausser
317 4005 440 4072 Zneilel,
460 4007 523 4063 dees
541 4007 677 4064 Minucius
696 4009 795 4064 sovobl
815 4009 856 4063 als
874 4008 1024 4063 Tertullian
1043 4009 1142 4063 andere
1161 4007 1358 4066 Schriltsteller
1375 4013 1421 4066 be·

203 4094 295 4156 nutat,
319 4105 395 4147 neno
419 4094 488 4147 auch
513 4110 563 4147 nur
586 4111 647 4149 zum
665 4093 743 4149 Theil
766 4099 889 4163 genennt
912 4094 1008 4149 baben.
1045 4093 1148 4148 Finden
1174 4094 1232 4150 sich
1250 4111 1305 4155 nun
1323 4085 1351 4150 in
1368 4098 1420 4152 den

203 4175 330 4245 Partica,
358 4178 458 4233 welche
481 4180 530 4233 der
552 4179 612 4234 eine
635 4196 695 4235 rom
719 4180 823 4235 andern
848 4179 972 4234 entlehnt
994 4197 1026 4233 zu
1052 4180 1140 4234 haben
1163 4181 1282 4248 ecbeint,
1309 4182 1420 4250 stelles,

203 4264 304 4317 welche
327 4265 378 4319 aul
398 4264 459 4320 eine
476 4265 567 4320 solohe
585 4266 670 4321 dritte
689 4266 783 4334 Quelle
801 4266 1011 4334 auroclrgefobrt
1030 4265 1136 4320 werden
1154 4266 1275 4336 konnen,
1300 4285 1330 4324 so
1348 4285 1421 4324 musa

203 4345 238 4401 en
270 4349 350 4405 ibnen
373 4351 527 4407 erkennbar
550 4353 622 4419 sein,
651 4352 752 4408 welche
774 4368 827 4408 von
849 4351 947 4407 beiden
973 4351 1120 4406 Versionen
1143 4351 1203 4406 dem
1229 4353 1351 4423 original
1376 4372 1419 4409 am

202 4433 333 4489 nanneten
357 4437 432 4492 steht
454 4438 508 4493 und
534 4439 568 4494 ob
592 4439 631 4494 sie
657 4440 705 4494 der
727 4439 832 4495 andern
856 4455 889 4492 zu
907 4437 1016 4492 Grande
1037 4437 1126 4506 liegen
1153 4438 1226 4493 kann
1249 4440 1316 4494 odcr
1334 4442 1416 4496 murs'

201 4517 229 4588 (l.
248 4535 270 4574 e.
290 4539 317 4591 p.
335 4523 388 4576 265
405 4525 464 4592 sq).
823 4537 825 4540 ·

271 4609 295 4677 ²)
312 4609 369 4663 Der
386 4609 516 4666 Octavius
533 4610 581 4667 dee
598 4609 636 4666 Μ.
656 4611 790 4666 Minucius
804 4611 881 4667 Felix
899 4612 927 4666 in
945 4611 1047 4666 seiuem
1059 4610 1249 4667 Verbaltniese
1268 4629 1299 4666 au
1313 4613 1421 4667 Ciceros

201 4693 327 4751 Bdcbcrn
345 4696 379 4754 dc
395 4702 495 4754 natura
512 4697 632 4754 deorum.
669 4699 756 4754 Gerae
776 4699 850 4754 1870.

1174 4786 1211 4840 1*
