3568 5238
958 393 1000 455 40

872 481 1083 490 ..—

366 608 478 680 ἔθνει
504 617 555 700 τῷ
583 617 654 679 τῶν
679 608 965 701 ἀπελευθέρων
991 607 1032 680 ’ἐν
1054 637 1096 678 τε
1123 619 1169 701 τῇ
1202 608 1343 702 ἐσχάτῃ
1377 616 1444 678 τοῦ
1474 605 1583 692 ἔτους

365 709 485 803 ἡμέρᾳ
523 715 588 780 καὶ
622 709 719 803 πρὸς
758 711 940 803 ἑσπέραν,
968 715 1274 802 παρασκευάσας
1303 711 1416 794 τινὰς
1449 714 1489 782 ἐκ
1520 719 1583 784 τοῦ

366 813 519 900 ὁμίλου,
549 815 814 905 ψηφίσασθαι
840 811 934 902 μετὰ
959 822 1035 884 τῶν
1064 816 1462 904 ἒξελεοθαρωσάντων
1485 821 1584 906 σφᾶς

362 913 517 986 ἔδωκεν.
540 916 616 986 ἐπεὶ
639 919 676 986 δὲ
692 915 711 1007 ἡ
725 913 845 1006 βουλὴ
859 915 978 1001 εὐθὺς
991 925 1036 1009 τῇ
1051 915 1250 1008 ὑστεραίᾳ,
1267 913 1394 1009 ἐναίπῇ
1410 925 1451 1009 τῇ
1466 943 1583 1007 νουμη-

364 1018 426 1110 νίᾳ,
451 1020 485 1086 ἐν
511 1009 531 1110 ᾗ
553 1019 697 1102 Λούκιός
722 1046 758 1088 νε
783 1022 934 1102 Τούλλιος
964 1021 1020 1088 καὶ
1048 1018 1211 1106 Αἰμίλιος
1233 1021 1386 1101 Λέπιδος
1408 1019 1582 1088 ὑπατεύειν

364 1116 515 1211 ἤρξαντο,
543 1118 611 1191 τὸν
636 1124 756 1210 νόμον
778 1119 894 1192 αὑτοῦ
917 1119 1206 1214 ἀπεψηφίσατο
1230 1177 1236 1191 .
1260 1175 1267 1189 .
1292 1179 1298 1192 .

451 1227 513 1292 Sed
536 1231 684 1313 primum,
707 1234 815 1296 utrum
838 1231 983 1294 tribunus
1005 1230 1115 1314 plebia,
1139 1249 1234 1312 quem
1256 1232 1424 1296 scholiasta
1444 1251 1474 1313 p.
1493 1231 1578 1306 40,1

364 1330 397 1392 ct
430 1349 460 1412 p.
490 1332 546 1409 56,
577 1333 596 1394 6
625 1335 781 1411 nominat,
816 1353 898 1397 unus
931 1333 1077 1415 idemque
1111 1333 1152 1396 sit
1185 1351 1298 1410 necne,
1330 1333 1498 1398 videndum
1526 1337 1583 1398 est.

362 1431 514 1498 Homines
542 1435 626 1500 docti
652 1437 736 1500 enim
764 1437 851 1515 alii¹)
874 1436 974 1518 priore
998 1437 1064 1500 loco
1086 1435 1262 1500 Asconianc
1284 1436 1428 1500 codicum
1451 1437 1584 1500 auctori·

364 1537 464 1600 tatem
497 1539 597 1602 secuti
629 1538 685 1603 Cn.
715 1539 869 1603 Manlium
902 1538 1026 1618 legunt,
1062 1557 1156 1619 quem
1189 1539 1351 1602 tribunum
1386 1539 1486 1622 plebis
1520 1557 1586 1603 una

363 1658 435 1704 cum
466 1640 573 1705 Clodio
603 1659 685 1705 anno
715 1641 830 1718 oborta
857 1640 953 1704 fnisse
977 1643 1107 1723 putant,
1136 1640 1222 1719 alii²)
1248 1642 1332 1704 recte
1357 1646 1490 1722 utroque
1515 1642 1585 1706 loco

235 1823 238 1828 Ι
363 1741 397 1807 C.
430 1740 594 1806 Manilium
625 1745 663 1806 tr.
696 1745 738 1826 pl.
771 1761 797 1806 a.
830 1743 944 1820 688166
975 1743 1173 1825 inteMegunt.
1222 1741 1306 1821 Quos
1338 1744 1405 1806 iure
1437 1743 1583 1808 codicum

362 1846 546 1909 memoriam
589 1844 761 1910 deseruisse
803 1865 929 1919 oensem
965 1863 1040 1908 nam
1083 1845 1178 1910 ctiam
1215 1865 1245 1928 p.
1284 1846 1338 1922 56,
1380 1846 1421 1908 26
1458 1845 1585 1910 Asconii

364 1947 486 2011 codices
520 1953 566 2011 ‘cb
598 1947 712 2012 Mallio*
747 1948 827 2028 (cod.
855 1949 902 2012 M:
937 1947 1085 2028 ‘nranlio')
1113 1948 1278 2030 praebent,
1301 1949 1354 2012 ubi
1377 1948 1421 2013 ‘C.
1444 1949 1584 2013 Manilic’

365 2049 566 2114 scribendum
588 2069 656 2114 esse
680 2053 804 2114 constat
826 2055 920 2132 atquc
944 2051 1078 2115 eundem
1101 2052 1203 2116 virum
1226 2051 1309 2132 apud
1331 2051 1465 2115 Dionem
1488 2051 1520 2130 (l.
1542 2051 1586 2134 c.)

364 2154 397 2215 et
418 2151 626 2217 Plutarchum
656 2151 723 2236 (vit.
746 2152 854 2237 Pomp.
878 2173 904 2218 c.
928 2154 981 2232 30)
1004 2149 1170 2228 Μάλλιον,
1207 2152 1304 2217 altero
1327 2173 1398 2219 vero
1421 2153 1586 2218 Plutarchi

360 2255 427 2318 loco
465 2255 532 2334 (rit.
561 2255 623 2320 Cic.
661 2275 689 2319 c.
718 2257 748 2335 9)
777 2251 941 2320 Μανίλιον
975 2256 1126 2339 scriptum
1158 2255 1308 2336 legimus,
1341 2257 1387 2320 ita
1420 2259 1456 2320 ut
1488 2257 1586 2322 huius

357 2357 497 2420 nominis
518 2358 650 2423 lectione
672 2358 750 2421 nihil
771 2361 873 2440 magis
894 2359 1078 2422 inconstans
1094 2358 1192 2422 fuisse
1209 2361 1354 2442 apertum
1370 2359 1421 2422 sit.
1461 2359 1587 2424 Deinde

357 2459 440 2540 quod
464 2460 625 2525 tribunum
647 2461 757 2544 plebis,
781 2479 876 2542 quem
898 2459 944 2522 illi
965 2459 1020 2524 Cn.
1036 2459 1191 2523 Manlium
1214 2463 1410 2544 nuncupant,
1433 2479 1515 2524 anno
1540 2461 1583 2524 58

358 2562 491 2626 candem
524 2563 627 2644 legem
661 2564 698 2627 de
733 2563 879 2644 suffragio
915 2562 1069 2626 libertinis
1105 2562 1207 2626 dando
1240 2563 1352 2626 tulisse
1379 2563 1586 2640 contendunt,

357 2683 454 2746 quem
477 2663 604 2729 Clodius
627 2665 706 2730 ferre
728 2665 923 2749 proposuerit
945 2669 1030 2745 (Asc.
1046 2685 1074 2746 p.
1091 2665 1141 2742 46,
1165 2666 1316 2746 all-23),
1338 2666 1497 2748 probabile
1521 2685 1587 2730 non

359 2769 409 2830 est
427 2768 607 2844 Asconium
631 2787 705 2832 cum
727 2774 894 2850 utromque
917 2769 1020 2850 legem
1042 2768 1075 2829 in
1099 2768 1210 2831 eadam
1232 2769 1371 2832 oratione
1394 2769 1586 2832 illustranda

359 2873 590 2948 commemoret,
613 2888 676 2933 non
700 2870 778 2934 duas
801 2870 855 2934 sed
879 2887 975 2932 unam
996 2869 1190 2950 eandemque
1207 2869 1302 2934 trisse
1318 2889 1357 2934 nc
1372 2870 1439 2935 ulla
1454 2869 1587 2951 quidem

356 2971 515 3034 mentione
548 2971 679 3054 dignum
714 2973 870 3038 habuisse.
921 2971 986 3034 Nec
1019 2971 1124 3034 minus
1153 2970 1233 3035 falso
1261 2973 1370 3037 Manlii
1399 2974 1448 3036 val
1477 2973 1586 3055 potius

357 3071 454 3136 Clodii
487 3073 589 3156 legem
612 3075 744 3139 eandem
768 3094 850 3150 esse,
870 3093 981 3156 ,quam
1004 3073 1063 3136 Dio
1084 3073 1219 3137 XXXVI
1241 3077 1281 3136 42
1306 3076 1382 3156 (25),
1410 3077 1430 3136 2
1457 3077 1582 3156 tangat,

356 3177 524 3256 negatur³).
562 3177 645 3241 Nam
668 3196 740 3241 cum
759 3178 857 3242 Dione
881 3179 961 3240 teste
982 3176 1016 3241 C.
1033 3174 1215 3240 Manilius
1237 3195 1307 3240 cam
1330 3177 1440 3241 tulerit
1462 3178 1581 3258 legem,

357 3295 418 3357 qua
441 3277 615 3362 libertini¹
631 3272 727 3361 μετὰ
742 3281 818 3344 ταῖν
833 3273 1231 3365 ἕξελεοθερωσάντων
1246 3279 1431 3362 suffragium
1448 3279 1583 3356 ferrent,

327 3433 329 3440 ,
356 3379 538 3444 Manlium
572 3385 679 3447 autem
712 3401 795 3459 cam,
826 3389 898 3464 ‘qua
926 3380 1118 3458 libertini,
1150 3382 1203 3462 qui
1231 3401 1294 3445 non
1320 3382 1392 3465 plus
1421 3401 1518 3463 quam
1546 3383 1582 3446 in

357 3485 434 3568 (IV)
458 3483 602 3548 tribubus
631 3485 813 3566 suffragium
828 3485 979 3560 ferebant,
1002 3486 1159 3568 possent
1180 3483 1216 3546 in
1240 3485 1406 3549 rusticis
1431 3505 1585 3567 quoquc

357 3585 552 3662 tribubuS,
585 3607 678 3670 quae
705 3587 877 3671 propriae
910 3588 1164 3669 ingenuorum
1197 3587 1326 3668 sint⁴)‚
1357 3588 1467 3652 ferre*
1497 3589 1584 3670 apud

356 3688 526 3752 Asconium
549 3697 590 3772 (p.
614 3691 665 3766 46,
689 3690 828 3771 20-23)
852 3690 1005 3772 legamus,
1029 3689 1103 3771 quid
1124 3690 1207 3752 inter
1228 3689 1286 3752 has
1310 3690 1388 3754 duas
1411 3690 1498 3773 leges
1520 3690 1587 3755 dia·

358 3790 496 3854 criminis
519 3793 616 3856 statui
638 3795 762 3876 potest?
784 3792 855 3855 Huc
877 3791 1006 3868 accedit,
1029 3791 1113 3873 quod
1137 3791 1195 3855 Dio
1212 3791 1246 3856 0.
1262 3791 1428 3855 Manilium
1451 3792 1584 3856 multi-

424 3962 443 4028 ¹)
461 3960 609 4014 Drumann
632 3959 680 4014 III
704 3977 730 4030 p.
750 3963 783 4016 19
800 3976 827 4014 n.
845 3961 893 4025 273
916 3958 1118 4015 Orelli-Baiter
1141 3958 1177 4013 ad
1195 3960 1259 4013 Asc.
1278 3976 1304 4030 p.
1323 3961 1358 4015 45
1375 3977 1431 4030 sq.;
1456 3959 1583 4028 Fischer,

355 4059 437 4099 roem.
456 4043 603 4101 Zeittafeln
626 4062 652 4116 p.
670 4047 734 4111 239;
759 4044 834 4099 Beck
852 4044 869 4098 l.
888 4061 910 4098 c.
930 4061 956 4114 p.
974 4045 1024 4111 26;
1049 4045 1080 4100 O.
1100 4043 1188 4099 Halm
1213 4043 1249 4098 ad
1268 4045 1324 4100 Cic.
1349 4061 1399 4116 pro
1417 4045 1476 4099 Mil.
1495 4047 1521 4112 8,
1545 4047 1585 4101 22

356 4129 409 4198 (ed.
427 4131 467 4200 6);
496 4132 535 4185 Μ.
554 4131 648 4185 Hoelzl
676 4131 752 4200 (fasti
774 4131 914 4201 praetorii,
939 4129 1048 4200 Lipsiae
1066 4131 1134 4184 1676
1160 4147 1186 4200 p.
1204 4130 1237 4184 41
1256 4137 1325 4201 sq·);
1353 4131 1439 4185 Halm
1467 4131 1520 4198 (ca
1550 4133 1582 4199 8)

355 4213 497 4270 tribunum
515 4216 603 4287 plebis
621 4218 688 4271 anni
705 4219 801 4284 696le
819 4217 850 4271 O.
868 4215 1015 4269 Manilium
1033 4216 1139 4270 statuit.

424 4304 446 4370 Β)
464 4301 737 4373 Kiessling·Schoell
759 4301 795 4356 ad
819 4303 883 4356 Asc.
906 4319 932 4372 p.
950 4303 994 4368 39,
1017 4303 1062 4366 26;
1090 4303 1133 4369 40,
1157 4305 1185 4367 1;
1211 4302 1369 4374 Elberling‚
1397 4303 1518 4357 narratio
1544 4301 1585 4358 de

360 4385 391 4440 P.
409 4386 506 4441 Clodio
525 4405 552 4458 p.
569 4389 611 4443 33.
648 4388 792 4442 Praeterea
810 4388 844 4443 cf.
862 4387 967 4458 Zumpt
984 4386 1001 4441 l.
1021 4405 1043 4442 c.
1061 4405 1088 4458 p.
1107 4389 1165 4443 505.

425 4475 446 4541 ³)
465 4472 499 4527 cl'.
517 4472 611 4528 Baiter
628 4472 645 4527 l.
664 4491 701 4539 c.;
720 4473 821 4528 Hoelzl
839 4473 856 4527 l.
876 4491 899 4529 c.

424 4561 446 4625 ⁴)
465 4561 526 4613 Aac.
545 4575 572 4629 p.
590 4559 633 4624 40,
650 4561 679 4613 3:
702 4565 743 4614 ‘ut
760 4558 937 4614 libertinis
955 4560 988 4613 in
1007 4559 1167 4614 omnibus
1185 4560 1347 4615 tribubus
1365 4559 1581 4630 suffragium

359 4644 456 4697 esset’
476 4645 544 4710 (scil.
568 4643 618 4700 On.
637 4645 759 4700 Manlius
778 4645 899 4710 tulerat).
