3634 5240
800 427 838 488 91

713 515 922 524 ———-

295 647 411 712 Similis
439 648 535 729 igitur
558 647 679 712 videtur
706 650 882 714 rhetoribus
906 650 1087 732 compositio
1113 651 1271 716 trochaica
1293 654 1325 715 et
1349 652 1429 714 iam·

211 750 279 814 bica
301 750 422 814 solutae
445 751 576 816 orationi
598 753 629 815 et
651 752 689 816 ob
713 752 744 816 id
765 753 884 837 ipsum,
921 772 993 817 cum
1017 753 1121 818 minus
1146 753 1187 818 sit
1209 753 1311 835 gravis
1335 772 1431 835 quam

210 871 288 934 quae
310 851 347 915 fit
369 872 406 916 ex
428 853 562 936 dactylis
585 859 617 918 et
639 855 834 938 anapaestis,
865 856 1009 920 convenit
1030 851 1233 942 καθαρότητι
1256 859 1288 920 et
1310 875 1432 920 comae·

210 954 278 1019 diae
301 956 399 1020 vitam
422 957 610 1022 cotidianam
636 958 787 1022 imitanti:
822 981 841 1016 ιι
864 959 1010 1040 Hermog.
1041 980 1071 1043 p.
1095 960 1167 1034 208,
1191 961 1210 1021 8
1234 959 1273 1020 W
1296 987 1338 1013 =
1361 960 1431 1036 279,

210 1059 248 1120 21
280 1057 346 1140 Sp:
381 1055 525 1146 σινθῆκη
559 1111 566 1124 .
597 1109 605 1123 .
635 1110 642 1124 .
677 1057 812 1147 καθαρὰ
846 1111 853 1125 .
882 1111 889 1125 .
919 1111 926 1125 .
963 1053 980 1144 ἡ
1010 1058 1331 1148 λοχοειδεστέρα,
1366 1049 1432 1126 οῖον

209 1155 347 1246 ῖαμβική
376 1184 426 1238 τις
455 1154 477 1246 ἢ
507 1159 673 1250 τροχαῖκῆ·
705 1149 801 1248 ἦττον
829 1161 891 1250 γὰρ
917 1157 936 1249 ἡ
966 1159 1100 1248 τοιαίτη
1128 1162 1268 1248 διῆρται.
1302 1213 1309 1227 .
1333 1213 1340 1226 .
1365 1213 1371 1226 .
1395 1153 1432 1227 οὗ

210 1262 259 1328 δεῖ
278 1261 315 1327 δὲ
337 1255 376 1330 τδ
395 1255 526 1348 ἀκριβὲς
548 1257 704 1332 ἀπαιτεῖν
719 1263 871 1346 ἐνταῦθα,
894 1258 967 1331 οὐδὲ
983 1257 1044 1350 γὰρ
1067 1258 1138 1332 οἷόν
1153 1288 1197 1346 τε,
1222 1256 1290 1330 ἀλλ’
1308 1262 1433 1352 ἐξαρκεῖ

211 1415 265 1429 ...
295 1362 334 1432 τὸ
357 1360 491 1445 πλείους
513 1366 596 1433 κατὰ
617 1363 675 1457 τὴν
696 1365 771 1456 ὅλην
796 1367 957 1456 σινθήκην
978 1372 1034 1432 τοῖ’
1056 1364 1150 1455 λόγον
1169 1360 1243 1446 τοῖς
1263 1363 1432 1455 τροχοίοος

210 1465 264 1533 καί
292 1465 430 1553 ἰάμβοις
456 1474 522 1535 τιῦν
549 1471 713 1539 δακτύλων
738 1496 775 1538 τε
802 1472 855 1538 καὶ
883 1463 1110 1551 ἀναπαίστων,
1148 1464 1166 1558 ἢ
1193 1467 1432 1536 τῶντοιούτων

211 1565 324 1656 ἥτταις
357 1565 575 1658 εὑρίσκεσθαι.
620 1575 721 1656 Quem
750 1577 788 1641 ad
811 1578 916 1641 locum
946 1577 1023 1639 haec
1046 1577 1198 1639 adnotant
1230 1575 1363 1639 Ioannes
1387 1575 1434 1638 Si·

211 1676 299 1738 culus
332 1675 377 1738 VI
402 1677 472 1754 164,
498 1679 530 1740 1:
564 1671 653 1766 ἡτηι
676 1677 783 1766 πεζῷ
811 1675 911 1764 λόχηι
942 1680 1151 1763 τιροσεοικιῖα
1174 1671 1192 1761 ἡ
1216 1673 1433 1764 ἰαμβόκροτος

211 1773 266 1839 καί
293 1772 492 1865 τροχαικὴίη
483 1771 540 1865 Jp‘
570 1776 803 1846 τελειτῶσα
776 1804 821 1859 εις
842 1772 944 1866 βραχὺ
967 1804 1019 1844 και
1049 1771 1213 1866 μηδένα”
1195 1803 1286 1866 οχκον
1308 1774 1431 1861 ἔχοι-σα,

213 1871 315 1943 ὁποία
339 1876 428 1944 ε’στὶν
450 1873 469 1967 ἡ
493 1879 529 1961 ἐξ
549 1877 676 1966 ἰάμβων
702 1881 756 1948 καί
780 1909 799 1970 η
789 1878 878 1948 ίδιδι
900 1878 1068 1967 τροχαίων·
1103 1879 1137 1947 ἐκ
1165 1879 1283 1947 τοότων
1304 1879 1364 1969 γάρ
1391 1876 1434 1960 ὡς

212 1976 270 2044 ε’πί
292 1972 329 2046 τὸ
352 1980 549 2050 πλεῖστον’
533 2010 550 2051 ο
574 1978 675 2068 πεζὸς
696 1983 789 2072 λόχος
811 2008 944 2074 σικεστι
946 2005 1010 2050 κεν
1033 1980 1113 2051 ὅθεν
1136 2010 1190 2050 και
1212 1977 1270 2073 τὴν
1291 1983 1434 2072 κωμικὴν

214 2080 347 2173 ποίησιν
367 2083 495 2167 τοτ’τοις
519 2086 782 2176 συνηρμοσμένην
805 2083 960 2174 ἔμμετρον
982 2085 1151 2176 ῥητορικὴν
1171 2089 1312 2169 καλοῦσι,
1351 2094 1434 2153 Δοσ-

212 2208 327 2270 aymus
349 2189 410 2252 VII
434 2193 505 2268 932,
529 2195 569 2255 22
593 2221 634 2248 =
656 2193 812 2257 Maximus
835 2193 921 2257 Plan.
946 2193 974 2254 V
997 2192 1069 2268 471,
1083 2195 1122 2254 22
1147 2211 1231 2274 sqq.:
1255 2185 1274 2278 ἡ
1297 2187 1334 2272 ἐξ
1354 2187 1434 2273 λάμ--

212 2295 279 2373 βων
300 2290 355 2356 καὶ
377 2289 537 2378 τροχαίων
558 2292 719 2382 σινδῇκη,
753 2290 851 2382 (μησίν
874 2297 930 2380 (εσ.
953 2295 1193 2378 Hermogenes),
1228 2285 1263 2359 οὗ
1284 2296 1434 2359 τοσοῖτον

212 2387 298 2476 ῖψος
320 2391 487 2481 ἐργάζεται
509 2400 556 2483 τῷ
579 2395 671 2486 λόχηι,
697 2392 774 2463 ὅσον
796 2393 815 2484 ἡ
838 2395 873 2463 ἐκ
896 2395 1076 2462 σπονδείων
1098 2396 1152 2461 καὶ
1175 2393 1341 2462 δακτύλων
1363 2419 1435 2461 σνν-

214 2499 352 2561 εστῶσα·
385 2501 455 2577 τοῖς
487 2497 547 2588 γὰρ
577 2497 702 2588 χρόνοις
737 2496 904 2584 συμβαίνει
937 2498 992 2566 καὶ
1024 2493 1041 2567 5
1075 2497 1201 2585 κόμπος
1233 2503 1288 2564 τοῖι
1322 2495 1433 2586 λόγου·

214 2597 511 2690 λοχοειδεστέρα
538 2601 575 2669 δὲ
598 2597 669 2670 άντὶ
692 2607 750 2670 τοῖ·
776 2600 861 2690 λόγῳ
884 2603 977 2690 πεζῷ
998 2597 1203 2690 άρμόττοοσα
1230 2601 1284 2668 καί
1309 2599 1435 2690 προση-

211 2723 325 2767 κοοοα·
360 2697 377 2769 5
404 2697 464 2793 γὰρ
492 2699 594 2788 πεζὸς
623 2704 717 2793 λόγος
744 2701 788 2786 αῖς
817 2704 875 2771 ἐπὶ
903 2699 942 2772 τὸ
976 2705 1131 2771 πλεῖστον
1163 2702 1198 2788 ἐξ
1224 2701 1349 2790 ἰάμβων
1379 2704 1433 2770 καὶ

210 2804 367 2892 τροχαίων
389 2805 491 2873 ἐστίν·
526 2802 580 2876 διὸ
602 2809 656 2875 καὶ
680 2804 711 2876 οἳ
733 2803 853 2893 ’ίαμβοι
874 2809 1074 2896 πεζοφανεῖς
1095 2805 1159 2876 εἰσι
1183 2808 1347 2890 πολλαχοῦ
1382 2811 1434 2889 (de

212 2910 260 2973 his
291 2912 465 2977 videbimus
496 2915 528 2976 in
556 2915 697 2998 proxima
724 2912 930 2997 paragrapho)
962 2911 1017 2976 καὶ
1044 2906 1102 2997 τὴν
1130 2905 1271 2998 κωμικὴν
1299 2907 1435 2998 ποίησόν

212 3035 295 3091 τινες
318 3007 475 3100 ἔμμετρον
498 3008 696 3102 (ῥητορικὴν)
719 3015 853 3081 καλοῖσι
877 3066 884 3080 .
908 3065 914 3078 .
940 3066 962 3093 .,
986 3018 1028 3099 (p.
1053 3019 1124 3092 933,
1139 3017 1171 3101 9)
1194 3012 1222 3080 εἰ
1245 3015 1281 3080 δὲ
1305 3015 1434 3102 διηρται

213 3109 292 3194 ἔχει,
328 3113 477 3204 σημαίνει
505 3110 542 3182 τδ
569 3110 627 3205 τίην
653 3111 808 3204 ἱαμβικῇν
833 3116 888 3183 καί
915 3111 1088 3205 τροχαῖκὴν
1114 3115 1277 3206 συνθήκην
1305 3113 1434 3206 ἥττονος

214 3212 319 3300 totove
348 3217 402 3283 καί
425 3217 584 3304 μεχέθοις
609 3219 767 3303 μετέχειν,
791 3214 875 3308 ἔπερ
900 3213 957 3306 τὴν
985 3219 1176 3308 δακτυλικην
1196 3245 1231 3286 τε
1254 3221 1307 3286 καὶ
1332 3242 1436 3285 σπον-

214 3317 350 3406 δειακήν,
375 3323 572 3387 PlanudesV
588 3326 728 3402 471,11;
752 3317 791 3411 ,ἢ
815 3325 848 3406 (l.
873 3317 905 3409 ἡ)
929 3323 1247 3412 λογοειδεστέρά*
1269 3320 1435 3389 τοοτίστιν

216 3419 234 3510 ἦ
259 3423 472 3509 κωμικωτέρα
494 3425 548 3490 καί
572 3427 811 3514 προβεβληκεῖα
832 3424 915 3513 λόγῳ
938 3425 1031 3513 πεζῷ
1053 3425 1135 3492 κατά
1157 3425 1330 3515 σινδίκην,
1357 3420 1437 3491 thav

214 3524 376 3604 τινόςναί
399 3521 566 3615 ῥητορικὴν
589 3523 744 3616 ἔμμετρον
765 3522 822 3615 τὴν
844 3525 1018 3615 κωμῳδίαν
1039 3527 1200 3597 ἐκάλεσαν.

300 3631 346 3694 Er
361 3631 557 3714 Hermogene
582 3633 709 3715 eiusque
734 3635 909 3698 scholiastis
926 3633 1036 3698 Castor
1059 3635 1111 3716 qui
1136 3636 1234 3700 fertur
1252 3635 1436 3718 conscripsit

214 3734 292 3797 haec
313 3733 363 3796 III
387 3735 457 3814 712,
482 3736 535 3799 16;
560 3731 589 3800 οἱ
615 3786 621 3799 .
643 3785 673 3799 ..
698 3729 884 3801 ίδικιότατοι
908 3733 1009 3814 πόδες
1030 3740 1088 3802 τοῐ·
1110 3737 1212 3818 πεζοῦ
1234 3733 1330 3823 λόγον
1352 3731 1436 3800 εἰσίν

217 3885 223 3899 .
249 3886 256 3899 .
281 3886 288 3900 ,
313 3830 331 3901 ὅ
352 3860 388 3902 τε
407 3832 528 3919 ’ίαμβος
549 3836 604 3902 καὶ
629 3833 646 3902 5
668 3841 829 3924 τροχαῖος·
867 3834 948 3904 ὅθεν
970 3837 1023 3904 καὶ
1046 3835 1089 3903 τὰ
1110 3832 1238 3923 κωμικὰ
1260 3836 1295 3904 ἐκ
1316 3835 1436 3903 τοίτων

217 3935 430 4023 σινιστάμενα
452 3938 596 4026 λέγονται
620 3935 774 4028 ἔμμετρος
796 3939 954 4029 ῥητορική.

301 4046 384 4126 Apta
407 4047 514 4108 autem
541 4050 590 4110 est
612 4045 794 4128 compositio
823 4046 994 4128 epedibus
1018 4047 1139 4128 generis
1168 4047 1300 4131 duplicis
1325 4046 1435 4110 effecta

217 4149 255 4209 ut
277 4142 480 4233 καθαρότητι
504 4147 557 4230 (of.
580 4151 704 4232 praeter
726 4150 818 4225 locos,
843 4168 920 4230 quos
943 4151 1105 4232 exscripsi,
1134 4151 1229 4214 etiam
1252 4153 1351 4213 Anon.
1374 4149 1436 4213 VII

218 4249 322 4324 935,5
345 4252 377 4312 et
397 4249 505 4313 Ioann.
531 4249 590 4316 Sic.
614 4251 658 4314 VI
681 4253 752 4324 348,
767 4253 805 4314 16
820 4251 882 4332 W),
904 4253 950 4316 ita
971 4243 1126 4339 εόκρινείη
1148 4253 1349 4370 (Hermogp.
1363 4254 1435 4329 217,

219 4353 353 4414 lW=
378 4354 449 4428 285,
474 4355 514 4416 28
538 4353 590 4436 Sp.
614 4354 683 4418 coll.
707 4355 791 4418 Cast.
815 4353 864 4417 ΠΙ
888 4356 957 4432 714,
981 4356 1123 4432 917)ε1
1092 4351 1312 4440 εχορχάτητι
1336 4356 1434 4436 (Cast.

217 4453 266 4518 ΠΙ
290 4456 350 4518 77
334 4456 426 4532 9
448 4455 503 4530 W
526 4457 740 4539 Hermogenes
763 4458 924 4522 trochaeos
948 4459 1027 4522 solos
1051 4460 1297 4530 commemorat).

302 4559 447 4627 Praestat
474 4561 580 4626 tamen
614 4562 757 4625 trochaeo
784 4561 908 4626 iambus
936 4563 1016 4625 teste
1041 4561 1188 4643 Dionysio
1222 4580 1321 4644 comp.
1351 4562 1433 4626 verb.

219 4681 244 4726 ο.
270 4663 307 4723 17
331 4683 361 4746 p.
385 4665 446 4726 229
471 4662 559 4730 Son:
593 4665 743 4748 τροχαῖος
767 4712 773 4726 .
799 4713 805 4726 .
830 4711 837 4725 .
861 4659 930 4727 ἐστὶ
956 4659 1181 4748 μαλακκότερος
1204 4659 1347 4748 θατέρου
1379 4667 1433 4744 (sc.
