3634 5240
1115 359 1156 422 14

1024 447 1233 458 ψ.-

519 582 638 674 σθήοει
655 635 664 652 .
682 636 690 652 .
706 634 715 652 .
730 589 793 651 τῶν
815 575 942 649 ὅλλων
967 580 1027 666 μὲν
1050 578 1154 670 ζῴων
1175 573 1267 647 οὐδὲν
1282 577 1474 668 ἐφάπτοιτο,
1496 577 1571 668 ἡδὲ
1596 573 1755 667 ἀνθρώ-

517 713 592 754 που
612 685 710 776 φύσις
725 682 789 770 ἔχοι
804 683 885 774 μόνη
900 688 1007 751 τοῦτο·
1023 688 1063 773 τῇ
1085 678 1126 771 δὴ
1146 689 1205 773 τῆς
1224 682 1378 771 κινήσεως
1390 682 1478 764 τάξει
1493 677 1628 770 ῥυθμὸς
1645 677 1755 768 ὄνομα

517 787 567 880 εἴη
590 842 598 856 .
622 843 630 857 .
653 815 678 868 .;
701 793 741 857 os.
763 792 839 857 ibid.
862 790 925 853 673
947 790 986 853 D.

603 896 713 977 Neque
733 897 840 959 tamen
863 912 989 958 omnem
1011 887 1133 972 τάξεως
1155 884 1313 979 αἴσθησιν
1335 911 1354 956 o
1375 892 1484 956 bestiis
1505 892 1600 956 Plato
1626 894 1755 957 abiudi-

517 1016 587 1063 oure
603 999 719 1063 debuit.
763 997 848 1061 Nam
865 997 971 1060 omnin
986 995 1135 1060 animabo
1156 996 1188 1059 in
1209 995 1378 1078 gradiendo
1393 1000 1426 1061 ot
1448 996 1605 1061 ourrendo
1622 999 1754 1060 eertum

517 1103 645 1165 servant
666 1101 817 1175 ordinem,
841 1119 902 1180 quo
925 1100 1049 1163 sublato
1071 1099 1174 1162 iustus
1195 1102 1300 1163 motus
1323 1100 1373 1163 vix
1395 1118 1464 1164 esse
1487 1102 1603 1182 potest
1653 1101 1756 1163 Velut

518 1197 703 1289 ὁιροχερός
724 1198 864 1286 ῥυθμός,
880 1202 933 1284 qui
948 1201 992 1280 fit,
1015 1202 1069 1267 nbi
1092 1201 1165 1283 equi
1186 1201 1464 1285 „quadrupedante
1487 1206 1617 1286 putrem
1640 1205 1755 1267 sonitu

518 1307 621 1388 quatit
642 1307 765 1389 ungulo
785 1310 967 1388 eampum‘,
993 1307 1077 1369 oerte
1099 1304 1235 1386 Vergilio
1258 1306 1441 1370 obversatus
1464 1308 1521 1369 est.
1565 1308 1616 1370 Ao
1644 1307 1754 1370 multo

516 1409 622 1473 minus
645 1429 708 1487 eos,
732 1428 811 1492 quus
834 1428 871 1473 ex
892 1408 1014 1472 musioa
1029 1407 1223 1490 voluptutem
1245 1408 1405 1489 quondum
1426 1409 1585 1492 percipere
1608 1414 1753 1478 muniat

518 1513 645 1590 bestius,
668 1514 756 1577 velut
776 1531 882 1594 equos,
905 1511 1042 1575 oumelos
1065 1511 1260 1593 maximeque
1283 1530 1356 1577 oros
1378 1512 1576 1589 oontotrioes,
1600 1512 1753 1594 rhythmi

518 1635 613 1681 sensu
629 1617 797 1681 destitutos
820 1633 888 1679 esse
904 1615 1097 1679 oonsendnm
1119 1615 1206 1696 estu
1250 1613 1361 1695 Neque
1377 1633 1448 1678 vero
1464 1614 1594 1679 eaedem
1613 1615 1753 1679 diversis

515 1718 690 1784 intervallis
713 1718 816 1802 spatia
837 1718 986 1800 temporis
1008 1717 1194 1794 discernere,
1215 1717 1248 1780 id
1271 1719 1320 1780 est
1334 1717 1436 1781 varios
1457 1717 1630 1799 rhythmos
1654 1719 1752 1782 edere

515 1822 641 1906 pollent
663 1822 773 1886 sedin
795 1821 855 1884 hoo
871 1839 993 1902 quoque
1014 1839 1048 1884 re
1070 1819 1251 1884 necessitati
1272 1824 1348 1883 sunt
1367 1820 1536 1898 subieotoo,
1560 1840 1629 1902 qnu
1652 1821 1753 1884 certis

515 1926 549 1990 in
571 1928 662 1990 motu
684 1926 717 1988 ot
737 1924 771 1988 in
794 1923 934 1987 osnendo
949 1923 1089 1987 numeris
1112 1923 1362 2006 adstringuntur.
1405 1922 1518 2005 Itaque
1538 1925 1577 1986 nt
1592 1942 1754 1988 sonorum

516 2031 549 2094 et
564 2047 674 2093 voonm
689 2027 866 2111 participes,
890 2026 1015 2107 linguae
1032 2030 1139 2090 sutem
1161 2030 1193 2091 et
1209 2026 1346 2091 musione
1363 2029 1504 2109 expertos
1520 2029 1598 2090 suut
1613 2027 1753 2102 bustim,

516 2132 562 2195 ito
583 2131 723 2214 rhythmi
740 2130 904 2194 elementis
926 2131 1098 2206 imbutoei)
1121 2129 1160 2194 od
1181 2133 1283 2193 ortem
1304 2130 1446 2212 rhythmi
1468 2128 1556 2193 evehi
1572 2135 1753 2211 nequeunt

515 2234 617 2299 Immo
639 2234 717 2298 hoen
742 2251 814 2297 oum
838 2233 950 2298 oetens
973 2233 1092 2297 artibus
1115 2234 1171 2296 uni
1194 2232 1314 2298 homini
1335 2233 1471 2297 obvenit.

737 2425 755 2504 ξ
779 2424 807 2486 2.
851 2422 905 2486 Ι)ο
928 2421 1056 2486 divina
1077 2422 1342 2504 rhythmorum
1363 2422 1517 2503 origine.

600 2561 647 2627 Ut
673 2560 804 2638 ortium,
831 2559 971 2641 linguae,
997 2558 1188 2637 litterarum,
1218 2559 1264 2624 ito
1292 2559 1430 2643 rhythmi
1460 2559 1535 2622 deos
1563 2559 1752 2625 inventores

518 2665 759 2745 hominibusque
783 2666 926 2727 ouotores
942 2661 1039 2727 inisse
1062 2666 1118 2727 aut
1132 2663 1330 2727 erediderunt
1351 2665 1407 2728 unt
1428 2662 1588 2726 finxerunt
1610 2666 1750 2738 veteres,

520 2770 559 2833 ob
587 2767 730 2850 Apolline
758 2767 893 2830 monime
921 2766 1084 2848 Musisque
1117 2785 1189 2830 eum
1217 2766 1403 2830 mortalibus
1435 2766 1653 2830 oondonatnm
1682 2785 1752 2830 esse

517 2871 588 2935 ruti.
633 2869 679 2936 Cf.
702 2869 782 2933 Plat.
803 2869 870 2933 Ion.
894 2871 955 2932 533
976 2870 1016 2933 E:
1039 2861 1059 2955 ἡ
1082 2872 1202 2934 Μοῦσα
1224 2865 1355 2946 ἐνθέους
1375 2866 1435 2951 μὲν
1458 2870 1550 2933 ποιεῖ
1572 2859 1668 2952 αὐτή,
1694 2864 1752 2931 διὰ

519 2972 556 3037 δὲ·
577 2976 640 3036 τῶν
663 2969 785 3038 ἐνθέων
811 2968 933 3035 τούτων
955 2963 1060 3036 ὅλλων
1082 2965 1366 3052 ἑνθουοιαζόντων
1389 2963 1540 3058 ὃρμαθὸς
1557 2967 1750 3057 ἐξαρτᾶται

519 3073 640 3152 πάντες
666 3071 726 3160 γὰρ
753 3073 846 3138 οἵτε
871 3078 937 3140 τῶν
963 3071 1067 3139 ἐπῶν·
1088 3072 1258 3162 ποιηταὶ
1285 3070 1315 3140 oi
1338 3066 1463 3160 ἀγαθοὶ
1494 3067 1549 3138 οὐκ
1571 3070 1609 3137 ἐκ
1630 3072 1751 3161 τέχνης

518 3170 587 3243 ἀλλ’
611 3172 744 3242 ἔνθεοι
766 3169 855 3256 ὄντες
875 3174 932 3241 καὶ
953 3172 1161 3261 κατεχόμενοι
1189 3173 1299 3242 πάντα
1320 3183 1423 3243 τοῦτο
1444 3169 1486 3241 τὰ
1506 3167 1591 3240 καλὰ
1612 3173 1749 3261 λέγουσι

519 3277 699 3368 ποιήματα,
723 3278 778 3345 καὶ
800 3274 830 3344 oi
852 3278 1024 3363 μελοποιοὶ
1041 3276 1070 3345 οἱ
1086 3274 1209 3367 ἀγαθοὶ
1224 3274 1386 3362 ὡσαύτως,
1410 3275 1524 3366 ὥσπερ
1538 3274 1570 3345 oi
1586 3286 1750 3366 κορυβαν-

518 3389 646 3463 τιῶντες
667 3377 722 3449 οὐκ
744 3377 900 3471 ἔμφρονες
923 3374 1010 3463 ὄντες
1033 3374 1218 3468 ὀρχοῦνται,
1253 3380 1335 3449 οὕτω
1355 3383 1411 3449 καὶ
1433 3379 1464 3448 oi
1489 3382 1669 3466 μελοποιοὶ
1693 3376 1748 3447 οὐκ

519 3481 675 3575 ἔμφρονες
689 3477 779 3564 ὄντες
800 3482 842 3551 τὰ
860 3477 944 3550 καλὰ
957 3483 1038 3574 μέλη
1053 3491 1158 3552 ταῦτα
1178 3492 1336 3565 ποιοῦσιν,
1359 3479 1429 3552 ἀλλ’
1446 3477 1580 3551 ἐπειδὰν
1596 3483 1747 3570 ἐμβῶσιν

593 3679 616 3744 ¹)
634 3677 731 3731 Latius
750 3675 803 3730 vim
822 3673 943 3745 rhythmi
964 3679 1060 3744 potere
1084 3677 1172 3732 sensit
1193 3677 1332 3745 Longinus
1350 3676 1533 3743 Prolegomon.
1560 3675 1595 3730 od
1614 3675 1747 3746 Hephae-

518 3763 616 3837 stionis
633 3761 797 3817 enchiridion
823 3778 851 3830 p.
869 3762 912 3827 84,
931 3763 961 3816 ll
981 3762 1023 3816 od.
1044 3762 1186 3832 Wostpbol
1203 3784 1238 3809 =
1255 3765 1280 3829 2,
1298 3765 1316 3816 o
1337 3762 1378 3817 ed.
1397 3761 1645 3817 Hoersohelmsnn:
1679 3764 1697 3816 ὁ
1719 3761 1747 3815 δὲ

519 3848 626 3922 ῥυθμός
646 3851 752 3919 γίνεται
769 3885 775 3897 .
794 3885 800 3898 .
821 3885 827 3898 .
850 3851 896 3899 καὶ
918 3851 1003 3919 χωρλι
1026 3844 1237 3916 συλλαβῆς...
1258 3852 1304 3900 καὶ
1328 3849 1442 3900 ἵππων
1468 3844 1498 3900 δὲ
1515 3853 1617 3920 πορεία
1636 3848 1748 3921 ῥυθμὸς

519 3934 657 4002 ἐνομίσθη
675 3973 680 3985 .
699 3972 706 3985 .
725 3972 731 3984 .
750 3937 796 3984 καὶ
813 3933 872 3985 τῶν
903 3931 1061 4002 ὀρνίθων
1085 3935 1121 3986 od
1149 3939 1363 4006 πτερογίοματιι.
1405 3933 1482 3988 Unde
1512 3950 1562 3988 sut
1590 3934 1747 3990 housenmt

519 4020 651 4090 Georgius
670 4019 871 4075 Choeroboscus
890 4019 1004 4088 Exeges.
1024 4019 1050 4074 in
1069 4020 1156 4090 Heph.
1175 4020 1302 4076 enchirid.
1322 4036 1347 4090 p.
1361 4021 1433 4082 33,8
1452 4019 1492 4074 od.
1506 4019 1748 4076 Hoorscholmnn

518 4107 560 4174 (in
578 4106 757 4161 Studemnndi
776 4105 876 4162 Aneed.
894 4105 960 4160 Vm.
979 4107 1028 4161 vol.
1048 4107 1084 4176 l):
1103 4107 1233 4180 ἔστιγὰρ
1251 4107 1266 4160 ὁ
1286 4105 1392 4178 ῥυθμὸι
1408 4103 1601 4175 ἀπολούμενοι
1619 4145 1626 4158 .
1646 4146 1653 4159 .
1674 4146 1681 4159 .
1701 4114 1747 4159 καὶ

518 4190 577 4244 ἀπὸ
597 4192 706 4244 ἵππου
723 4188 821 4244 ποδῶν
839 4233 845 4244 .
866 4234 871 4245 .
891 4232 897 4246 .
915 4198 945 4247 et
967 4195 1123 4263 Anonymus
1141 4194 1338 4248 Ambrosiunus
1355 4212 1384 4263 p.
1401 4193 1461 4258 266,
1481 4197 1510 4246 ll
1530 4193 1573 4248 ed.
1592 4193 1697 4248 Nauck
1715 4216 1747 4242 =

519 4279 578 4348 231,
597 4280 632 4332 25
659 4277 700 4332 ed.
725 4276 891 4334 Studemund
916 4278 1028 4346 (Anood.
1051 4278 1117 4334 Ver.
1136 4281 1171 4347 1):
1199 4279 1213 4332 ὁ
1238 4275 1267 4330 δὲ
1291 4278 1397 4352 ῥυθμὸς
1413 4283 1518 4349 γίνεται
1536 4317 1542 4330 .
1561 4317 1568 4331 .
1586 4318 1593 4332 .
1612 4286 1661 4333 καὶ
1680 4280 1747 4333 ἄνει

517 4360 670 4432 συλλαβῶν,
689 4362 725 4419 oio
742 4367 774 4417 ἐν
791 4403 797 4416 .
815 4403 821 4418 .
840 4379 852 4418 .’
865 4369 965 4438 πορείᾳ
983 4360 1081 4418 ποδῶν
1099 4370 1145 4418 και
1164 4365 1280 4418 ἵππων
1296 4362 1398 4435 δρόμῳ.

588 4452 613 4520 ¹)
631 4450 769 4519 longinus
796 4452 856 4506 Art.
877 4450 1036 4507 rhetorio.1
1059 4451 1154 4520 doh-t
1177 4452 1219 4508 ed.
1238 4452 1369 4523 Spengel:
1395 4451 1428 4506 τό
1454 4452 1508 4525 γὰρ
1534 4453 1674 4521 μουσικὸν
1701 4459 1747 4507 ιιι·

519 4538 654 4591 εὔτακτον
670 4540 718 4607 τῆς
741 4538 923 4611 ἑρμηνεῦσιοιι
945 4541 1066 4611 ἔμφυτον
1091 4537 1181 4594 ἅπασι
1208 4543 1253 4591 καὶ
1275 4542 1333 4594 τοῖο
1355 4535 1490 4612 ἄγιλαλοιι
1507 4539 1600 4608 ζῴοις,
1630 4540 1694 4594 οὔτι
1715 4561 1743 4614 ys

519 4621 655 4695 πολιτικῷ
671 4644 702 4680 τι
719 4629 766 4680 uui
783 4621 884 4702 λογικῷ
901 4629 948 4681 καὶ
965 4625 1070 4690 τάξεως
1088 4626 1223 4696 αἴσθησιν
1241 4622 1369 4700 εἰληφότι.
