3514 5244
216 620 295 686 mibi
318 621 439 707 videor,
467 621 520 687 hic
543 623 697 707 proposui
721 641 794 688 eam
816 623 955 690 maxime
979 623 1020 688 ob
1045 643 1185 708 eausam,
1214 630 1249 688 ut
1273 623 1356 689 alios
1372 644 1449 706 qno·

216 747 281 812 que
305 727 348 792 ad
372 727 605 794 examinandos
621 727 751 794 codices
765 729 962 796 Annaeanos
977 729 1116 814 incitem,
1140 749 1273 813 qnorum
1291 737 1343 795 sat
1356 730 1449 795 multi

216 836 250 900 in
274 834 315 900 iis
347 833 565 920 bibliothecis,
597 855 679 926 quas
702 834 780 900 mibi
810 843 867 902 aut
893 857 957 901 non
981 836 1087 902 visere
1111 844 1255 902 autnon
1279 836 1449 902 exhaurire

216 942 316 1026 licuit,
331 948 548 1008 asservantur.
585 940 719 1007 adiunxi
734 940 775 1007 de
789 941 1030 1027 orthographia,
1045 942 1086 1008 dc
1102 941 1239 1026 singulis
1255 942 1450 1026 quibusdam

217 1048 312 1131 loeis,
345 1047 387 1114 de
418 1048 547 1133 libellis,
580 1049 635 1132 qni
669 1058 743 1114 sunt
776 1047 817 1114 dc
845 1047 996 1116 remediis
1024 1048 1227 1115 fortuitorum
1259 1059 1291 1116 et
1323 1049 1364 1117 de
1389 1049 1450 1116 lor-

217 1155 305 1221 mula
319 1154 475 1222 honestae
489 1155 587 1241 vitae,
602 1155 709 1220 modio
724 1176 806 1221 aevo
822 1156 856 1220 in
871 1157 1030 1240 epitomas
1044 1154 1186 1222 redactis
1197 1157 1450 1223 observationes·

215 1262 260 1329 de
281 1262 484 1328 naturalibus
507 1263 762 1347 quaestionibus,
785 1261 827 1329 de
847 1282 983 1346 quarum
997 1261 1164 1328 codicibus
1180 1264 1346 1348 superiore
1361 1283 1445 1329 anno

217 1367 392 1455 prudenter
420 1369 457 1436 G.
482 1369 518 1435 G.
542 1369 716 1435 Muellerus
745 1368 924 1456 disputavit
951 1370 984 1434 in
1017 1369 1248 1436 dissertatione
1275 1371 1447 1454 Bonnensi,

216 1475 270 1540 eui
302 1476 480 1561 inscripsit:
519 1479 567 1542 Dc
601 1479 635 1541 L.
669 1477 791 1542 Ancaei
823 1477 955 1543 Senecae
987 1479 1212 1562 creationibus
1244 1479 1448 1559 naturalibus,

217 1581 303 1648 alius
327 1581 455 1648 dicendi
480 1583 540 1650 erit
563 1584 662 1650 locus.
707 1583 741 1648 in
765 1582 912 1649 codicum
935 1590 992 1648 aut
1019 1584 1157 1668 primum
1180 1591 1237 1649 aut
1261 1582 1365 1650 denuo
1392 1583 1449 1649 ad-

218 1689 390 1754 hibitorum
434 1689 601 1774 scripturis
646 1688 830 1776 indicandis
881 1697 914 1754 et
965 1689 1068 1754 forma
1119 1688 1333 1756 describenda
1373 1689 1448 1756 aliis

216 1796 358 1863 fortasse
399 1797 484 1862 iusto
522 1797 662 1881 brevior,
699 1797 773 1863 aliis
817 1796 984 1862 verbosior
1028 1795 1176 1882 videbor,
1223 1818 1293 1864 eam
1340 1808 1448 1864 tamen

216 1902 295 1968 mihi
319 1903 425 1986 legem
448 1903 573 1989 scripsi,
597 1910 631 1968 ut
655 1923 712 1969 eos
731 1911 855 1969 tantum
874 1903 983 1979 libros,
1007 1903 1218 1987 qainondam
1234 1904 1448 1988 innotuerunt,

215 2009 374 2096 prolixius
389 2008 613 2094 describerem,
632 2031 737 2094 neque
755 2011 883 2094 integra
897 2010 1046 2077 lectionis
1063 2009 1283 2096 discrepantia
1302 2011 1448 2078 indicata

215 2116 449 2201 disputationis
464 2137 590 2184 cursum
606 2117 879 2203 interrumperem,
896 2118 959 2184 nisi
981 2117 1132 2201 exignum
1146 2119 1251 2187 locum
1265 2126 1448 2204 oocuparet.

306 2229 417 2308 restat,
440 2230 614 2306 antequam
638 2222 681 2288 ad
705 2224 851 2308 singulos
867 2224 1012 2290 Senecae
1026 2224 1126 2291 libros
1146 2224 1349 2310 accedamus,
1373 2246 1446 2310 gra-

217 2331 376 2398 tissimum
391 2329 542 2413 officium,
560 2338 596 2395 nt
613 2330 692 2397 viris
715 2331 961 2416 inlustrissimis,
986 2331 1040 2414 qui
1064 2331 1212 2398 instituto
1227 2332 1354 2418 imperii
1369 2331 1448 2398 Ger-

215 2438 333 2503 manici
357 2437 605 2522 archaeologico
629 2445 793 2524 praesunt,
816 2439 939 2523 amicis,
967 2439 1234 2505 bibliothecarum
1261 2438 1446 2524 praelectis,

215 2545 272 2628 qui
296 2543 404 2611 studia
427 2565 500 2610 mea
524 2545 659 2629 egregia
682 2545 878 2612 liberalitate
903 2553 936 2611 et
958 2546 1185 2612 benevolentia
1208 2551 1444 2630 promoverunt,

215 2671 299 2735 quas
323 2650 427 2717 debeo
452 2652 576 2735 gratias
599 2653 728 2737 publice
751 2651 914 2738 profitear.
