3514 5244
779 349 823 412 25

179 540 269 606 baud
299 540 396 607 dubie
423 561 533 608 verum
565 548 629 608 est:
662 545 768 626 infra
800 541 1007 622 deducit.²³)
1058 562 1133 608 narn
1163 549 1268 608 terrae
1295 543 1414 608 mentio

180 649 368 714 necessaria
401 669 465 714 non
498 655 558 715 est.
589 647 703 714 vitium
735 655 843 714 autem
876 649 923 716 sic
953 655 1057 714 ortum
1084 649 1226 733 videtur,
1259 656 1306 734 nt,
1344 668 1415 714 cum

181 775 282 839 supra
310 775 423 822 vocem
454 759 541 840 infra
572 756 682 822 nescio
711 755 784 840 quis
815 761 988 822 interram
1024 756 1206 842 posuisset,
1239 761 1355 841 postea
1381 759 1415 820 in

178 861 303 928 omisso
339 862 531 928 vocabulum
563 871 693 945 terram,
726 871 883 946 tanquam
914 862 957 928 ad
992 867 1079 947 infra
1115 863 1306 948 pertineret,
1343 881 1414 928 ora-

180 969 263 1034 tioni
289 969 494 1036 insereretur.

766 1313 835 1386 ΙΙΙ.

362 1447 410 1526 tte
437 1449 753 1548 apoeotoeyntosis
782 1449 904 1530 codiee
932 1447 1232 1529 tatenoienneost.
1283 1500 1284 1503 κ

274 1628 493 1695 Vetustissimi
516 1629 658 1694 omnium
680 1628 828 1695 codicum
856 1628 900 1694 ad
928 1628 1161 1695 recensendam
1190 1628 1257 1693 divi
1286 1628 1415 1694 Claudii

184 1732 461 1800 ἀποκολοκύντωσιν
497 1735 714 1802 adhibitorum
749 1744 824 1802 sunt
862 1735 1138 1820 Sangallensis
1175 1737 1250 1803 569
1292 1735 1416 1800 saeculi

94 1839 99 1850 '
182 1839 303 1905 decimi
326 1842 378 1908 vel
401 1842 563 1908 undecimi
587 1850 620 1908 et
635 1843 985 1910 Valenciennensis
1009 1842 1101 1926 (olim
1114 1841 1413 1909 monasteriiElno-

185 1948 296 2014 nensis
322 1949 355 2016 S.
380 1949 533 2032 Amandi)
564 1953 636 2016 393
670 1952 762 2032 (402)
796 1951 918 2016 saeculi
946 1950 1022 2014 noni
1051 1949 1199 2016 exeuntis
1222 1949 1275 2014 vel
1298 1948 1415 2015 decimi

184 2053 326 2121 ineuntis
334 2058 367 2136 ¹).
413 2078 547 2140 quornm
569 2057 781 2123 recentiorem
808 2057 977 2123 vetustiori
1004 2056 1102 2139 longe
1131 2063 1300 2142 praestare
1327 2062 1416 2122 recte

184 2161 392 2228 observatum
407 2171 457 2230 est
470 2184 492 2228 a
506 2164 681 2230 Franciseo
695 2163 903 2248 Buechelero‚
920 2165 974 2247 qui
988 2163 1021 2228 in
1038 2163 1187 2248 Sprubolie
1201 2165 1416 2228 Ritscbcttcnis

184 2268 329 2333 libellum
360 2271 548 2336 acutissime
582 2270 767 2337 emendavit
799 2279 831 2336 et
859 2270 1076 2337 eruditissime
1104 2269 1276 2335 enarravit
1327 2269 1416 2355 apud

186 2395 281 2457 quem
304 2397 376 2442 curn
400 2377 447 2442 ita
471 2376 623 2443 collatum
646 2377 824 2444 babeamus
850 2377 1110 2461 Sangallensem,
1138 2377 1193 2441 vix
1221 2384 1256 2442 nt
1284 2375 1326 2442 de
1348 2376 1417 2441 nlla

186 2483 256 2550 eius
272 2484 432 2569 scriptura
447 2484 607 2551 dubitatio
627 2485 703 2550 oriri
717 2485 830 2572 possit,
849 2486 1003 2569 restabat,
1023 2491 1058 2550 ut
1072 2505 1121 2569 ea,
1145 2503 1230 2567 quae
1245 2504 1286 2550 ex
1299 2482 1417 2549 Valen-

187 2589 353 2658 ciennensi
377 2592 437 2657 Th.
461 2589 620 2659 Oehlerus
643 2592 676 2656 in
698 2593 844 2658 Fickerti
867 2613 961 2658 usum
985 2598 1183 2675 enotaverat,
1208 2591 1313 2656 denuo
1342 2611 1418 2657 exa·

188 2697 395 2764 minarentur.
446 2697 532 2782 qnod
564 2719 636 2765 oum
670 2697 834 2784 fecissem,
866 2698 1012 2765 intellexi
1039 2717 1144 2782 neque
1168 2697 1340 2764 Oehlerum
1368 2715 1417 2779 ea,

186 2823 284 2886 quam
308 2804 404 2870 hodie
428 2806 541 2871 merito
565 2806 766 2889 requirimus,
790 2805 962 2890 diligentia
984 2805 1150 2888 negotium
1173 2824 1265 2870 snum
1282 2803 1417 2870 admini-

183 2916 319 2995 strasse,
347 2933 452 2995 neque
474 2913 669 2996 Fickertum,
698 2932 782 2996 quae
810 2913 852 2977 ab
884 2933 922 2978 eo
947 2919 1128 2997 acceperat,
1152 2911 1234 2978 satis
1265 2918 1418 2978 accurate

187 3016 220 3080 in
253 3017 482 3084 adnotationes
515 3019 787 3104 transscripsisse.
838 3039 939 3102 quare
972 3019 1131 3101 subiungo
1164 3038 1236 3084 eam
1269 3018 1418 3085 lectionis

184 3121 454 3210 discrepantiam,
485 3145 569 3209 quae
592 3125 626 3190 in
648 3125 793 3192 Fickerti
817 3125 960 3191 editione
987 3133 1044 3190 aut
1076 3124 1204 3190 omnino
1231 3145 1295 3190 non
1329 3132 1418 3190 extat

185 3237 245 3294 aut
268 3252 331 3296 non
354 3239 442 3296 recte
466 3231 570 3296 relata
594 3240 658 3297 est:

276 3356 338 3423 VOl·
353 3357 400 3420 ΠΙ
414 3379 444 3442 p.
462 3359 523 3422 721
535 3377 563 3422 V·
581 3361 597 3422 l
616 3367 767 3468 Ssunsp
784 3365 874 3454 (sict)
888 3368 1020 3431 Lusus
1039 3367 1093 3430 Ds
1108 3383 1239 3431 noers
1257 3355 1418 3442 annuant

183 3463 312 3528 arceto*
333 3470 369 3529 11
389 3467 518 3552 puidrue
531 3461 621 3551 itione}
641 3467 681 3530 12
704 3467 737 3529 in
766 3457 848 3530 caeto
880 3464 914 3528 in
945 3467 978 3528 in
1005 3467 1119 3529 curetum.
1151 3463 1288 3529 mutavit
1309 3484 1349 3528 m.
1381 3463 1417 3548 2d

190 3571 266 3654 722,
299 3573 320 3636 2
352 3594 430 3659 qrrrre
461 3569 584 3658 incartet
623 3574 644 3638 ἰ)
676 3574 730 3636 sed
760 3595 815 3636 rurs
847 3574 931 3638 illrum
958 3572 992 3636 in
1018 3594 1052 3636 sc
1077 3573 1260 3636 drusillam
1282 3571 1421 3636 mutavit

185 3697 227 3743 m.
253 3675 289 3743 3!
320 3681 340 3745 6
365 3681 478 3744 coctum
504 3677 719 3763 escendentem!
748 3681 788 3744 13
812 3676 1040 3764 cintiurepaumi
1072 3681 1113 3744 14
1129 3681 1278 3762 deformis
1301 3677 1421 3781 dirumpis

281 3891 318 3960 ”J
337 3911 362 3946 v.
383 3893 463 3962 epist.
481 3910 548 3947 mor.
568 3893 592 3946 X
612 3894 636 3958 3,
660 3893 704 3947 10:
727 3895 852 3947 virtutem
876 3911 929 3947 nom
957 3896 1082 3960 tiammo,
1110 3911 1163 3947 nou
1190 3896 1273 3946 meina
1302 3893 1420 3957 insertus

187 3984 309 4036 adducat.
347 3999 381 4034 ne.
401 3983 462 4050 quis
481 3981 610 4046 offendat,
629 3981 703 4050 qnod
727 3982 808 4036 verbo
832 3985 969 4036 deducere
996 3981 1156 4036 adverbium
1180 3983 1258 4048 infra
1282 3981 1421 4036 adiectum

188 4075 239 4128 est.
268 4071 392 4126 adscribo
422 4072 515 4126 Plauti
542 4088 651 4126 versum
679 4072 752 4125 hunc
783 4069 898 4140 (Amph.
925 4071 1017 4140 1108J:
1050 4073 1174 4125 devolant
1203 4087 1305 4140 capuae
1332 4073 1420 4124 iubati

185 4163 313 4215 deorsum
331 4165 360 4215 r'n
380 4163 539 4230 impluvium
560 4164 621 4215 duo.

282 4267 303 4334 ¹)
322 4270 407 4323 Aetas
427 4267 490 4322 iibri
511 4266 754 4322 Valeneiennensis
773 4266 924 4322 certissime
942 4284 975 4321 ea
994 4284 1023 4321 re
1042 4267 1179 4330 definitur,
1200 4266 1273 4334 quod
1297 4268 1332 4320 ab
1351 4267 1421 4320 Huc·

188 4358 271 4412 baldo
291 4375 354 4412 eum
373 4357 506 4427 scriptum
525 4373 583 4411 esse
602 4356 702 4411 scimus
721 4373 754 4410 ex
773 4356 900 4426 catalogo
920 4356 1052 4410 librorum
1070 4355 1231 4410 monasterii
1255 4357 1282 4410 S.
1302 4357 1422 4410 Amandi

189 4446 292 4501 saeculi
311 4447 364 4501 XII
383 4447 455 4514 (cod.
471 4446 612 4501 Parisinus
631 4445 697 4500 bibi.
717 4448 775 4500 nst.
798 4445 885 4510 1850).
928 4446 1069 4514 presbyter
1095 4445 1186 4499 factus
1214 4448 1256 4499 est
1279 4443 1327 4498 ille
1350 4461 1423 4498 anno

191 4537 252 4600 880,
272 4539 397 4591 mortuus
416 4537 477 4591 930.
509 4554 535 4589 r.
550 4553 621 4603 qnae
635 4533 820 4589 eruditissime
839 4533 993 4603 disputarit
1007 4534 1036 4588 L.
1051 4534 1154 4588 Delisle
1173 4533 1203 4587 in
1217 4533 1294 4588 libris
1307 4535 1426 4588 Journal

184 4627 235 4680 des
254 4627 371 4680 Savants
394 4625 462 4680 1860
479 4643 506 4694 p.
527 4625 579 4680 376
598 4643 637 4692 sq.
657 4628 686 4678 et
706 4626 815 4678 Cobiuet
833 4627 880 4678 des
897 4626 1063 4678 manuscrits
1082 4623 1109 4676 II
1127 4641 1155 4690 p.
1174 4625 1227 4676 454
1245 4641 1285 4676 nr.
1308 4623 1365 4677 190.
