3598 5226
810 353 871 416 103

236 573 292 652 (sc.
316 570 505 660 σινθήκαις)
522 571 624 640 ττλέον
644 565 762 664 κλᾷ
727 598 783 641 τον
806 565 977 660 ῥυθμόν,
964 565 1050 663 η’ντερ
1071 569 1091 662 ἡ
1113 580 1177 640 τῶν
1198 573 1355 642 πλσιόνιον
1375 581 1456 664 βρα-

232 678 330 796 χριῶν
361 677 451 760 (sc.
443 697 475 742 in
508 671 744 762 paeonibus)
726 675 903 765 ομόχρονος
929 674 1157 767 συνθήκη..
1188 677 1280 745 ,καὶ
1306 669 1367 767 γὰρ
1400 670 1456 761 οὐχ

236 771 339 857 οἴνας
361 770 400 846 τὸ
423 776 565 847 ἐναντίον
580 775 690 847 καθ’ς
676 777 775 848 eamd
797 806 869 860 πως
889 773 928 847 ’ὃν
950 776 1138 869 ἐπίδηλόν
1121 803 1220 861 εστιν,
1245 775 1358 867 ὥσπερ
1379 775 1457 848 ὅταν

235 875 289 969 ἔχῃ
313 879 548 970 παρακείμενον
569 881 609 951 τὸ
631 880 821 970 ἐναντίονῑμ
843 885 952 951 Ioann.
977 885 1037 951 stc.
1060 885 1105 949 VI
1128 887 1201 964 241,
1225 888 1244 950 3
1267 878 1379 949 W:‘
1349 907 1382 950 οι
1398 933 1406 949 .
1423 934 1455 951 ..

235 978 358 1050 ἱωνικοὶ
379 987 478 1052 κῶλον
501 979 558 1052 τὸν
579 983 708 1110 ῥυθμρν
729 982 777 1067 εἷς
798 979 838 1054 τὸ
862 982 1004 1054 ἐναντίον
1025 981 1275 1073 ἐπαλλήλους”
1254 1009 1377 1069 ιχονιις
1398 980 1456 1066 τὰς

234 1083 403 1210 βραχείας
418 1087 474 1154 καὶ
506 1081 566 1168 τὰς
594 1087 721 1176 μακράς
753 1082 852 1177 (se.
832 1088 988 1156 ανοίκειοί
1009 1084 1073 1156 εἶσι
1095 1093 1136 1179 τῇ
1157 1087 1421 1179 σεμνότητι).

238 1182 332 1272 ἡνίκα
361 1189 421 1275 μὲν
448 1189 535 1316 ρᾶρ
537 1189 571 1258 ai
594 1191 719 1282 μακραὶ
741 1189 788 1272 εἷς
809 1185 848 1259 τὸ
870 1184 987 1278 σεμνὸν
1009 1186 1139 1282 αι’ροοσι
1161 1184 1219 1261 τὸν
1238 1187 1385 1280 λόγον’
1364 1218 1455 1260 αντι-

236 1295 370 1359 σττῶσιν
385 1286 483 1362 adedo
502 1321 537 1361 αι
526 1291 710 1384 “βραχεῖαι,
732 1295 786 1363 καὶ
812 1290 972 1362 πάλιν
934 1321 996 1375 τας
1015 1289 1211 1386 βραχείας’
1191 1299 1398 1362 αντιστιῶσιν
1420 1291 1455 1362 αἶ

235 1393 372 1482 μακραί·
395 1391 431 1463 τὸ
455 1397 492 1465 δὲ
513 1389 704 1465 τοιοῦτον”
683 1421 821 1465 ατακτον
844 1391 961 1478 πῶς”
940 1424 980 1464 ον
999 1393 1049 1486 τίη
1066 1397 1200 1484 σεμνόν,·
1221 1399 1346 1466 Maxim.
1363 1400 1453 1466 Plan.

236 1500 264 1564 V
288 1501 360 1578 520,
383 1503 403 1564 4
426 1503 480 1566 W:
503 1499 541 1568 τὸ
565 1496 694 1569 ἶωνικὸν
716 1495 761 1581 ὥς
783 1499 999 1589 ἐκλοτιότερον
1022 1499 1152 1587 ἐξέβαλε
1168 1505 1224 1586 (so.
1239 1501 1452 1586 Hermogenes

233 1623 262 1687 p.
285 1603 357 1682 219,
382 1605 422 1668 15
446 1605 485 1669 W
513 1633 554 1662 ε
586 1608 657 1683 295,
681 1606 698 1669 1
722 1606 789 1690 Sp.)
821 1609 877 1670 τοῦ
904 1608 1022 1688 σεμνοῦ
1047 1602 1156 1691 λόγου·
1190 1601 1226 1670 ἐκ
1255 1595 1314 1692 γὰρ
1338 1604 1451 1670 ποδῶν

233 1696 447 1792 ἀναρμόστων
468 1702 617 1792 ἀλλήλοις
639 1702 669 1773 οἱ
692 1703 818 1773 ἰωνικοὶ
840 1703 1032 1794 σύγκεινται.

322 1809 434 1894 Itaque
466 1831 539 1877 cum
569 1812 777 1894 inaequalitas
810 1811 895 1876 illius
927 1809 1125 1888 humilitatis,
1159 1829 1222 1893 qua
1242 1810 1333 1876 ionici
1355 1810 1452 1895 pedes

234 1912 374 1996 insignes
403 1918 488 1992 sunt,
518 1934 614 1980 cause
636 1916 686 1991 sit,
717 1934 752 1979 eo
772 1915 935 1980 lasciviora
958 1917 989 1980 et
1011 1914 1153 1979 molliora
1174 1914 1278 1978 metra
1298 1914 1376 1979 fiant
1398 1933 1452 1979 ne-

234 2035 321 2083 cesse
343 2020 400 2094 est,
435 2038 496 2100 quo
529 2019 629 2083 maior
660 2019 709 2083 est
738 2017 853 2100 pedum
876 2018 984 2083 ionicis
1009 2018 1198 2083 insertorum
1220 2017 1364 2082 venetae.
1408 2017 1451 2080 nt

234 2140 392 2186 summam
414 2124 516 2186 metra
537 2120 753 2187 conformandi
773 2121 933 2186 licentiam
948 2121 1056 2205 poetas
1075 2120 1108 2185 in
1129 2121 1263 2186 sotadeis
1284 2120 1344 2185 sibi
1363 2139 1450 2185 sum-

232 2224 333 2306 psisse
347 2225 381 2288 in
397 2226 511 2307 vulgus
526 2224 637 2289 notum
660 2228 708 2288 eet
718 2227 752 2305 ²),
776 2243 971 2310 quamquam
992 2243 1056 2288 non
1072 2243 1108 2288 eo
1123 2241 1224 2306 usque
1240 2222 1451 2308 procedebant

233 2327 391 2406 audaciae,
415 2330 450 2393 ot
472 2329 649 2392 statuerent
670 2347 818 2406 „omnes
841 2328 936 2412 pedes
959 2347 1071 2393 senum
1093 2329 1272 2409 temporum
1291 2328 1375 2391 recte
1391 2325 1450 2391 sihi

230 2449 321 2512 posse
349 2431 487 2514 copulari
516 2433 611 2513 atque
633 2431 786 2510 misceri“,
814 2431 845 2496 id
869 2428 952 2513 quod
973 2431 1066 2514 putat
1087 2430 1283 2512 Augustinus
1307 2430 1449 2494 demus.

230 2532 415 2608 1112;hic
441 2535 525 2599 enim
553 2533 749 2598 ascendentis
776 2537 808 2598 et
835 2532 1054 2600 descendentis
1080 2533 1231 2617 rhythmi,
1255 2550 1449 2616 quamquam

230 2636 385 2714 meminit,
408 2637 561 2703 rationem
583 2655 647 2701 non
670 2637 747 2701 satis
770 2637 888 2702 habuit.

315 2843 404 2908 Inter
431 2834 546 2907 ἰωνικὰ
578 2837 737 2925 ἐπίμικτον
769 2842 958 2926 (secundum
983 2840 1225 2926 Hephaestionis
1260 2841 1448 2924 doctrinam)

231 2947 285 3028 qui
307 2947 530 3022 memorentur,
552 2944 688 3010 maxime
705 2945 792 3027 digni
814 2946 890 3010 sunt
907 2963 1016 3010 versus
1040 2945 1238 3010 anacreontei
1261 2947 1293 3010 et
1307 2946 1451 3028 galliam·

232 3050 272 3126 hi,
296 3068 429 3132 quorum
452 3049 558 3132 ipsum
580 3067 706 3125 nomen,
730 3049 813 3131 quod
840 3051 889 3114 est
919 3037 1130 3131 ἀνακλώμενα
1139 3050 1176 3127 ³),
1203 3048 1321 3113 indicat
1341 3048 1450 3132 rhyth-

230 3172 318 3218 mum
340 3152 373 3216 in
396 3153 440 3216 eis
463 3150 692 3234 quodammodo
713 3152 851 3236 infringi.
888 3152 991 3235 Atque
1014 3153 1297 3217 anacreonteus
1321 3151 1449 3234 quidem

230 3274 293 3320 non
315 3255 416 3338 magis
439 3255 668 3321 vinolentorum
690 3255 854 3321 hominum
877 3251 1070 3340 (μεθύοντος
1092 3303 1146 3320 ...
1170 3246 1188 3320 6
1211 3244 1338 3339 ῥυθμὸς
1353 3247 1448 3336 ἀτεχ-

230 3360 292 3435 νῶς
319 3354 468 3447 μέροπας
498 3359 638 3424 Demetr.
662 3358 700 3423 de
721 3358 796 3424 elce.
825 3360 900 3442 §tq
933 3378 1029 3442 quam
1061 3360 1254 3424 maestorum
1284 3359 1449 3424 videbatur

230 3481 309 3540 esse,
332 3462 486 3545 siquidem
509 3463 757 3528 vehementiores
780 3463 876 3529 animi
891 3461 1125 3540 commotiones,
1149 3461 1369 3545 undecumque
1389 3461 1449 3528 ori·

230 3568 336 3644 untur,
368 3584 477 3631 omnes
509 3567 581 3649 apte
613 3566 812 3631 concitatiore
843 3566 990 3651 rhythmo
1024 3565 1115 3649 quasi
1136 3565 1357 3649 depinguntur.
1399 3567 1447 3634 De

303 3841 324 3907 ¹)
343 3839 422 3894 Hane
439 3840 603 3895 sententiam
614 3838 770 3894 Martianus
783 3839 894 3908 Capella
907 3839 1005 3907 verbis,
1023 3854 1092 3908 quae
1101 3838 1180 3896 modu
1191 3841 1228 3909 (p.
1241 3839 1289 3893 101
1298 3854 1338 3908 eq.
1348 3837 1409 3894 adn.
1419 3841 1447 3906 3)

234 3925 358 3986 exhibui.
376 3942 436 3979 cum
454 3925 556 3980 referre
575 3925 666 3993 vellet,
685 3925 756 3980 male
775 3925 898 3980 contudit
915 3941 975 3980 cum
993 3925 1074 3980 ionici
1091 3926 1207 3981 nominis
1225 3923 1412 3994 explicatione.

301 4015 328 4080 ¹)
347 4013 407 4082 Qua
430 4012 492 4079 qnid
515 4009 658 4078 efficiatur,
678 4011 765 4067 tradit
782 4011 886 4066 Marius
906 4011 1009 4067 Victor.
1027 4027 1053 4081 p.
1073 4013 1132 4081 131,
1151 4013 1168 4065 6
1185 4011 1225 4066 K:
1247 4010 1293 4080 „in
1310 4011 1448 4067 rotumum

233 4115 341 4156 versum
359 4099 478 4167 plerique
496 4097 586 4166 pedes,
605 4096 651 4165 qui
668 4113 729 4153 eum
747 4097 850 4152 iaciunt
868 4097 1071 4168 molliorem,
1090 4101 1187 4153 cerua
1205 4112 1286 4166 quam
1299 4095 1446 4152 ionicorum

231 4186 277 4241 lex
295 4201 325 4240 ee
343 4185 439 4247 hahet,
462 4183 586 4238 incidunt
607 4183 650 4248 (ei.
670 4201 697 4253 p.
715 4185 759 4250 92,
776 4184 793 4238 4
811 4185 888 4251 sqq),
911 4199 973 4238 nam
992 4183 1063 4238 idem
1081 4187 1110 4238 et
1127 4181 1266 4254 dactylum
1284 4187 1312 4238 et
1329 4197 1448 4251 anapae-

234 4277 307 4328 stum
326 4277 354 4328 et
373 4271 529 4326 trochaeum
548 4267 681 4337 duplicem
700 4268 805 4337 recipit,
824 4269 869 4337 qui
880 4269 1002 4338 quamvis
1014 4267 1198 4325 interveniant
1206 4268 1364 4337 faciantque
1377 4267 1448 4326 hune

231 4375 339 4416 versum
362 4357 430 4412 satis
454 4355 588 4412 mollem
611 4369 644 4410 ae
666 4354 846 4423 lubricum,
871 4360 963 4412 tamen
990 4373 1044 4412 nen
1067 4354 1174 4412 excedit
1195 4354 1273 4409 XXII
1296 4359 1448 4424 compone

234 4447 267 4513 (ν.
285 4460 367 4512 supra
385 4460 410 4512 p.
429 4443 483 4510 68.)

302 4531 324 4600 ⁸)
342 4529 443 4583 Trioha
461 4544 486 4596 p.
506 4529 667 4596 attatei:
695 4523 877 4594 ἀνακλώμενα
896 4568 902 4582 .
922 4569 929 4583 .
948 4568 968 4592 .,
987 4526 1051 4598 παρ’
1072 4525 1142 4584 ὅσον
1159 4527 1174 4583 6
1193 4530 1224 4580 ἐν
1239 4531 1297 4584 τοῖν
1313 4525 1449 4586 τοιούτοις

231 4615 338 4690 ῥυθμὸν
355 4611 511 4668 ἀνακλᾶται
529 4613 597 4688 πρὸς
614 4611 647 4667 τὸ
665 4614 772 4687 χαῦνον
789 4619 835 4666 καὶ
851 4611 985 4690 μαλακόν.
