3568 5238
209 620 349 683 ordinem
372 620 501 692 obtinet,
524 619 701 682 indicantes
724 638 786 682 non
810 618 989 682 adduntur'.
1047 618 1129 680 Nam
1158 617 1185 680 si
1208 617 1287 680 Livii
1332 618 1427 681 verba

209 741 281 786 cum
303 724 411 788 nostro
444 721 591 803 scriptore
615 725 646 784 at
670 721 797 802 Polybio
820 721 868 784 ΙΙΙ
897 723 937 784 40
968 739 1203 802 comparamus,
1231 719 1321 782 illum
1350 723 1427 786 satis

210 824 345 887 breuiter
372 823 409 887 de
438 824 497 886 hac
523 842 556 886 re
581 841 706 887 narrare
729 823 880 899 ridemus,
908 827 943 886 ut
971 843 1020 898 ea,
1051 841 1130 904 quae
1160 821 1349 884 recentiores
1378 819 1425 883 illi

211 927 344 990 editores
375 927 407 989 in
436 925 513 989 Livii
547 926 648 990 verbis
672 924 865 1000 desiderant,
890 925 968 990 item
997 930 1032 990 ut
1055 943 1222 989 numerum
1245 925 1427 986 colonorum

209 1030 330 1110 aliaque
354 1030 392 1092 ab
417 1048 453 1092 eo
482 1029 599 1092 omissa
622 1027 758 1108 quidem,
782 1029 941 1092 tamenin
965 1027 1102 1092 fontibus
1124 1029 1251 1090 inventa
1273 1043 1341 1090 esse
1364 1025 1427 1087 reri

213 1151 274 1196 nou
299 1133 450 1196 dissimile
474 1131 524 1195 sit.

294 1251 364 1314 Huc
392 1250 524 1326 accedit,
559 1249 641 1330 quod
663 1247 769 1311 Livius
793 1249 855 1312 iam
882 1249 916 1310 in
945 1249 1025 1312 libro
1048 1249 1121 1322 XX,
1160 1252 1195 1310 ut
1224 1267 1261 1311 ex
1283 1246 1428 1330 periocha

210 1358 355 1436 apparet,
393 1354 473 1416 hanc
496 1371 562 1416 rem
591 1355 787 1426 narraverat,
820 1351 872 1416 ubi
896 1351 1028 1414 fortasse
1055 1353 1218 1433 tempus1)
1236 1349 1428 1414 coloniarum

209 1455 414 1518 deductarum
446 1473 508 1518 non
541 1455 645 1516 minus
673 1457 816 1518 accurate
848 1473 943 1535 quam
966 1454 1047 1536 apud
1070 1452 1239 1517 Asconium
1266 1451 1428 1516 definitum

210 1562 285 1620 erat.
328 1557 395 1621 Hoc
427 1559 532 1620 autem
557 1559 699 1620 constare
723 1557 854 1630 videtur,
877 1559 1048 1619 Ascanium
1071 1556 1108 1619 de
1131 1555 1193 1618 illis
1216 1555 1342 1620 coloniis
1366 1571 1428 1616 non

209 1661 333 1724 Livium
359 1657 524 1742 (1111125)
552 1661 656 1742 ipsum
684 1662 757 1722 ante
786 1659 892 1723 oculos
921 1657 1079 1731 habuisse,
1113 1657 1144 1720 id
1172 1659 1254 1738 quod
1283 1675 1339 1720 nos
1362 1673 1424 1718 nou

209 1763 348 1845 impedit,
371 1763 538 1844 quominus
559 1761 726 1826 nonnullos
750 1761 888 1834 annales
912 1760 1024 1840 quibus
1046 1760 1152 1824 Livius
1174 1780 1251 1824 usus
1274 1761 1322 1834 sit,
1345 1779 1429 1824 com-

209 1869 418 1930 mentatorem
444 1883 567 1946 quoque
596 1865 794 1946 exscripsisse
818 1855 991 1936 sumamus,
1026 1881 1079 1926 eos
1102 1863 1187 1938 dieo,
1222 1881 1300 1944 quos
1322 1862 1427 1926 Livias

209 1967 242 2047 (l.
265 1978 303 2044 c.)
321 1967 477 2048 significat
503 1969 605 2031 verbis
632 1967 749 2030 ‘Lutati
772 1985 886 2030 noman
909 1964 993 2029 haud
1016 1965 1147 2030 dubium
1170 1969 1233 2038 est;
1257 1985 1311 2048 pro
1322 1964 1426 2027 Annio

210 2067 401 2149 Servilioque
425 2068 477 2130 M!
507 2069 642 2132 Acilium
669 2073 702 2132 et
729 2069 763 2133 C.
786 2068 981 2132 Herennium
1013 2068 1162 2132 habent
1192 2067 1344 2149 quidam
1368 2085 1428 2130 an-

208 2171 331 2245 nales,
369 2171 434 2233 alii
471 2171 505 2234 P.
530 2171 752 2236 Cornelium
787 2172 942 2234 Asinam
984 2174 1021 2234 et
1059 2170 1093 2235 C.
1127 2171 1321 2253 Papirium
1358 2168 1430 2232 Ma-

209 2273 357 2337 sonem!

292 2392 388 2455 Totus
412 2392 495 2456 enim
508 2395 632 2457 Asconii
654 2394 748 2469 loeus,
772 2393 852 2474 quod
876 2393 915 2457 ad
938 2395 1064 2458 nomina
1083 2393 1131 2456 III
1147 2395 1282 2457 virorum
1307 2392 1427 2463 attinet,

208 2495 325 2557 mirum
347 2499 501 2577 quantum
524 2500 687 2580 corruptus
716 2499 779 2571 est,
815 2498 1013 2578 maximeque
1037 2500 1182 2579 suspecta
1210 2513 1278 2559 esse
1302 2494 1429 2558 nomina

209 2596 265 2661 Cn.
296 2597 425 2681 Pompei
454 2599 561 2679 Magni
595 2602 627 2662 et
659 2599 714 2664 Cn.
752 2599 888 2664 Cornelii
931 2599 1082 2682 Scipionis
1133 2599 1311 2663 auctoribus
1344 2596 1429 2659 Perl-

210 2701 296 2762 zonlo
325 2704 356 2763 et
383 2701 538 2782 Madvigio
570 2705 654 2766 recte
682 2702 893 2784 Kiesslingius
917 2706 949 2766 et
983 2702 1155 2767 Schoellius
1190 2702 1428 2774 adnotaverunt,

211 2819 290 2881 quae
318 2821 353 2863 ex
384 2805 639 2868 antecedentibus
670 2805 809 2868 versibus
843 2818 881 2887 (p.
906 2807 935 2880 2,
960 2807 1010 2868 27.
1036 2807 1087 2880 30)
1122 2805 1238 2869 falsum
1267 2804 1298 2866 in
1325 2803 1429 2865 locum

212 2902 373 2984 irrepsisse
396 2903 540 2985 iustaque
562 2906 727 2971 sustulisse
750 2909 879 2972 nomina
902 2908 980 2972 mihi
1003 2909 1157 2972 videntur.

295 3004 407 3086 Itaque
429 3007 497 3070 loco
519 3006 630 3071 horum
654 3009 786 3073 duorum
810 3011 974 3074 nominum
999 3011 1090 3074 lectio
1111 3011 1155 3074 ⁴0.
1171 3009 1361 3086 ausaausa)
1384 3027 1431 3070 re·

213 3107 361 3170 stituatur
384 3127 510 3172 necesse
533 3112 596 3185 est,
620 3110 703 3192 quod
726 3130 840 3175 nomen
865 3115 897 3176 et
919 3132 937 3176 a
959 3112 1045 3176 Liuio
1068 3114 1104 3176 ut
1126 3113 1336 3176 certissimum
1358 3113 1390 3173 et
1413 3127 1431 3172 a

212 3208 341 3291 Polybio
365 3211 513 3286 traditur,
547 3230 605 3275 nee
628 3215 733 3278 minus
756 3214 790 3277 P.
814 3214 975 3298 Papirium
997 3215 1174 3291 Masonem,
1211 3212 1293 3295 quod
1316 3231 1430 3276 nomon

214 3311 296 3394 apud
320 3313 489 3377 esconium
512 3335 540 3397 p.
565 3317 593 3390 3,
617 3317 646 3378 8.
671 3317 690 3379 9
711 3318 856 3398 legimus,
877 3318 1051 3382 secundum
1066 3317 1229 3381 Liviaaarn
1245 3315 1431 3379 memoriam

213 3419 335 3479 mutem
358 3418 389 3479 in
414 3416 447 3481 C.
471 3417 630 3500 Papirium
651 3418 823 3484 Masonem.

299 3533 388 3613 Quod
411 3538 437 3600 si
461 3537 504 3600 ita
519 3539 698 3614 statuimus,
721 3539 886 3622 Polybium
903 3560 1035 3622 quoque,
1059 3542 1172 3623 quippe
1190 3540 1239 3604 cui
1254 3557 1328 3603 cum
1344 3538 1433 3602 scho-

215 3639 307 3702 liasta
350 3659 476 3722 prorsus
513 3643 690 3716 conveniat,
724 3642 783 3705 etsi
816 3661 917 3724 pauca
954 3663 1051 3725 eaque
1092 3643 1173 3708 levia
1209 3643 1335 3707 omittat
1378 3645 1433 3705 aut

215 3740 322 3818 addat,
357 3761 393 3804 ex
431 3743 531 3806 isdem
568 3745 682 3825 quibus
715 3747 884 3810 esconium
923 3747 1064 3811 hausisse
1105 3746 1243 3810 fontibus
1280 3745 1431 3828 suspicari

215 3843 289 3906 licet
312 3849 330 3922 l.

301 3945 443 4024 Quorum
471 3967 543 4013 vero
569 3949 615 4012 illi
644 3951 773 4014 annales
801 3949 931 4027 fuerint,
961 3969 1155 4033 quamquam
1178 3953 1355 4017 accuratius
1383 3971 1433 4016 er·

282 4203 307 4266 .¹)
326 4199 380 4254 Sed
412 4201 435 4256 si
460 4201 493 4256 Ο.
512 4201 674 4256 Hirschfeld
696 4209 755 4269 (zur
777 4203 943 4260 Geschichte
960 4205 1008 4260 des
1026 4205 1103 4260 latin.
1124 4205 1227 4260 Rechts
1245 4223 1272 4277 p.
1289 4207 1313 4272 b)
1342 4205 1434 4260 locum

216 4285 329 4340 Asconii
346 4291 418 4341 recte
430 4285 559 4353 restituit,
576 4285 725 4342 scholiasta
736 4289 849 4344 omnino
860 4306 917 4344 non
929 4290 964 4346 de
976 4297 1132 4362 temporum
1145 4291 1241 4347 ordine
1251 4291 1434 4346 deductamm

216 4370 386 4426 eolonlsnrm
403 4372 487 4427 rerba
504 4372 580 4437 fecit3
596 4373 630 4428 cs.
648 4389 732 4444 supra
749 4391 775 4445 p.
794 4375 829 4431 ab
845 4393 873 4430 n.
891 4377 916 4430 3.

237 4541 243 4555 ⁸
287 4461 308 4524 ¹)
327 4456 522 4598 O.3Lptatium
539 4459 639 4529 requiri
656 4460 712 4514 lam
730 4459 872 4530 ffiesang
889 4467 918 4516 et
940 4461 1052 4518 Sehoell
1070 4462 1274 4518 adnotaverunt
1295 4463 1331 4516 ad
1352 4465 1436 4517 llsco·

216 4558 574 4696 111111111)Ρὲ1.,(1.11001111101
591 4629 619 4683 in
637 4630 729 4685 annal.
748 4631 843 4703 philol.
862 4633 998 4703 supplem.
1019 4633 1046 4688 V
1063 4651 1089 4704 p.
1107 4635 1168 4690 379.
