3568 5238
951 417 991 479 68

363 661 453 723 quae,
478 646 513 704 ut
540 646 666 725 supra1)
690 642 834 716 diximus,
858 640 994 716 iubebat,
1017 644 1053 704 ut
1075 641 1161 723 prius
1185 659 1281 722 quarn
1310 659 1407 705 causa
1440 645 1583 722 ageretur

362 747 460 808 testes
487 764 543 826 per
567 746 707 809 triduum
730 743 927 818 audirentur,
965 744 1049 807 dicta
1076 763 1185 807 eorum
1213 744 1331 808 indices
1355 743 1583 818 confirmarent,

363 849 477 929 quarta
507 848 555 911 die
583 848 690 912 adesse
718 865 827 912 omnes
857 848 889 908 in
916 846 1000 909 diem
1027 849 1188 928 posterum
1210 847 1394 910 iuberentur
1422 865 1458 910 ac
1479 865 1582 910 coram

363 955 544 1014 accusatore
564 969 601 1013 ec
623 969 675 1012 reo
697 949 789 1032 pilae,
817 949 980 1030 inquibus
1002 949 1130 1013 nomina
1146 948 1286 1012 iudicum
1303 949 1455 1031 inscripta
1472 955 1584 1022 essent

364 1056 590 1134 aequarentur;
615 1053 685 1116 dein
703 1071 812 1114 rursus
832 1054 958 1133 postera
976 1052 1025 1114 die
1041 1052 1161 1115 sortitio
1180 1051 1318 1115 iudicum
1333 1051 1423 1116 fieret
1437 1053 1529 1116 unius
1553 1057 1585 1115 et

362 1156 491 1220 LXXX:
524 1155 577 1238 qui
611 1173 761 1220 numerus
793 1173 866 1216 cum
898 1156 981 1217 sorte
1015 1155 1213 1236 contigisset,
1245 1155 1273 1216 ei
1295 1155 1437 1236 protinus
1461 1174 1583 1218 sessum

363 1259 458 1332 irent;
489 1261 558 1322 tum
587 1259 625 1322 ad
655 1257 820 1322 dicendum
848 1259 1012 1320 accusator
1039 1256 1118 1320 duas
1140 1257 1241 1332 horas,
1263 1276 1335 1320 reus
1358 1260 1422 1322 tres
1445 1259 1584 1334 haberet,

363 1379 475 1443 resque
503 1361 613 1426 eodem
641 1361 690 1424 die
719 1361 772 1424 illo
794 1359 1000 1432 iudicaretur;
1038 1360 1126 1442 prius
1150 1363 1257 1424 autem
1285 1379 1381 1441 quam
1408 1362 1584 1424 sententiae

363 1463 537 1538 ferrentur,
566 1463 675 1544 quinos
708 1481 744 1525 ex
779 1461 912 1544 singulis
941 1463 1101 1526 ordinibus
1134 1467 1315 1536 accusator,
1348 1462 1480 1526 totidem
1512 1483 1585 1527 reus

364 1567 510 1643 reiceret,
534 1567 579 1630 ita
601 1568 638 1629 ut
660 1583 811 1629 numerus
834 1565 973 1629 iudicum
995 1567 1225 1647 relinqueretur
1251 1566 1303 1646 qui
1332 1566 1504 1630 sententias
1526 1565 1586 1630 fer-

363 1673 433 1733 rent
470 1669 699 1750 quinquaginta
732 1671 764 1731 et
796 1687 888 1731 unus.
948 1667 1053 1732 Primo
1076 1668 1124 1732 die
1148 1667 1240 1731 datus
1274 1671 1342 1730 erat
1375 1667 1406 1729 in
1431 1668 1583 1732 Milonem

265 1829 267 1834 .
364 1772 453 1836 testis
478 1770 541 1838 <c>
567 1771 732 1836 Causinius
756 1769 879 1846 Schola,
903 1769 956 1852 qui
979 1789 1012 1834 se
1034 1791 1107 1836 cunr
1129 1770 1164 1834 P.
1188 1769 1295 1834 Clodio
1323 1769 1434 1846 fuisse,
1465 1790 1536 1835 cum
1561 1773 1586 1835 is

364 1876 487 1938 occisus
511 1878 609 1946 esset,
642 1873 732 1948 dixit,
771 1873 1030 1954 atrocitatemque
1059 1874 1103 1938 rei
1131 1874 1233 1936 factae
1257 1891 1352 1954 quam
1374 1875 1510 1937 maxime
1533 1893 1587 1956 po

365 1978 427 2042 tuit
449 1978 552 2041 auxit*

448 2079 615 2144 Praeterea
627 2079 717 2142 estin
730 2082 915 2160 argumento
932 2079 976 2160 (p.
991 2080 1042 2152 30,
1060 2080 1193 2153 14-31,
1211 2079 1243 2159 5)
1261 2079 1368 2155 oratio,
1385 2097 1480 2159 quam
1496 2079 1589 2143 trice-

363 2184 443 2246 simo
453 2181 516 2246 iere
529 2182 577 2245 die
590 2184 660 2263 post
676 2181 818 2245 Clodium
835 2181 972 2245 occisum
987 2181 1019 2242 in
1035 2183 1147 2244 senatu
1159 2180 1466 2259 habuitQ.Metellus
1475 2181 1588 2263 Scipio,

366 2284 490 2348 reddita
510 2285 559 2348 his
582 2284 700 2347 verbis:
733 2283 860 2346 ‘salsum
883 2303 952 2346 esse
979 2283 1056 2346 dinit
1080 2284 1159 2358 (soil.
1177 2283 1305 2365 Scipio),
1340 2285 1422 2366 quod
1444 2285 1519 2348 Milo
1541 2287 1589 2349 sic

364 2407 397 2452 se
421 2386 603 2450 defenderet
628 2387 706 2424 *²⁴¹*
729 2387 810 2468 et³);
845 2386 988 2451 Clodium
1010 2385 1150 2449 Aricinos
1189 2386 1370 2451 decuriones
1408 2387 1588 2468 alloquendi

364 2491 465 2572 gratie
493 2490 611 2564 abisse,
642 2488 818 2571 profectum
841 2508 914 2552 cnm
938 2507 990 2552 sen
1014 2507 1050 2552 ac
1072 2488 1130 2552 XX
1159 2490 1270 2562 servis3
1303 2489 1454 2554 Milonem
1482 2491 1588 2554 subito

365 2595 437 2676 post
459 2593 569 2656 horam
593 2595 753 2674 quartem,
786 2595 898 2655 senatu
919 2591 1028 2666 misso,
1063 2609 1136 2654 oum
1159 2592 1256 2655 servis
1278 2593 1416 2675 amplius
1438 2593 1514 2658 CCC
1540 2613 1589 2658 ar-

364 2696 458 2758 matis
490 2695 614 2758 obviam
653 2695 680 2758 ei
708 2694 905 2758 contendisse
933 2701 965 2758 et
994 2711 1089 2776 snpra
1115 2694 1255 2758 Bovillas
1277 2695 1494 2778 inopinantem
1519 2697 1586 2766 (iu)

364 2797 474 2860 itinere
498 2815 699 2879 aggressum
727 2797 770 2861 ibi
793 2796 828 2859 P.
852 2796 997 2861 Clodium
1024 2796 1126 2860 tribus
1155 2798 1337 2862 vulneribus
1366 2800 1502 2881 acceptis
1526 2799 1589 2864 Bo-

364 2900 454 2963 villas
477 2901 648 2982 perlatum3
677 2901 841 2964 tabernam
867 2899 899 2962 in
929 2918 1023 2979 qnam
1051 2900 1231 2982 perfugerat
1253 2907 1465 2983 expugnatam
1488 2921 1506 2965 a
1529 2903 1589 2966 bli-

364 3003 451 3074 lonc;
475 3002 692 3067 semianimem
707 3002 852 3067 Clodium
868 3004 1043 3066 extractum
1060 3049 1232 3065 ........
1262 3005 1295 3066 in
1319 3003 1369 3067 via
1383 3005 1484 3086 Appia
1505 3007 1589 3069 occi-

366 3124 437 3168 sum
460 3124 529 3169 esse
553 3106 747 3186 anulumque
771 3106 838 3168 eins
861 3105 889 3166 ei
911 3103 1055 3168 morienti
1079 3107 1269 3178 subactum
1292 3106 1403 3172 deinde
1426 3107 1588 3182 Milonem,

366 3227 438 3271 cum
466 3209 560 3271 sciret
581 3209 613 3271 in
636 3209 758 3272 Albano
780 3208 942 3291 parvolum
964 3207 1064 3272 filium
1084 3208 1183 3284 clodi,
1206 3209 1327 3272 venisse
1354 3209 1392 3272 ad
1416 3209 1533 3286 villam,
1556 3213 1589 3274 et

365 3331 438 3376 oum
467 3329 543 3393 puer
571 3313 643 3374 ante
674 3312 854 3374 subtractus
882 3313 980 3386 esset,
1016 3329 1053 3374 ex
1081 3330 1169 3376 servo
1196 3311 1341 3375 Halicore
1371 3315 1589 3393 quaestionem

366 3415 411 3476 ita
433 3413 590 3486 habuisse,
614 3417 650 3476 nt
672 3431 745 3476 eum
761 3414 952 3477 articulatim
974 3417 1191 3488 consecarent;
1215 3415 1342 3478 vilicum
1358 3419 1389 3478 et
1404 3415 1482 3480 duos
1498 3435 1590 3498 prae-

367 3519 453 3580 terea
476 3535 581 3580 servos
604 3517 777 3597 iugulasse3
802 3535 838 3580 ex
861 3519 959 3582 servis
983 3517 1085 3594 Clodi,
1113 3519 1166 3600 qui
1188 3519 1351 3582 dominum
1374 3518 1589 3594 defenderant,

368 3619 513 3682 undecim
537 3637 605 3683 esse
626 3618 824 3697 interlectos,
857 3621 982 3686 Milonis
1012 3622 1089 3686 duos
1117 3622 1199 3686 solos
1228 3621 1349 3684 saucios
1379 3621 1478 3686 factos
1500 3639 1589 3686 esse:

366 3723 404 3785 ob
429 3739 509 3802 quae
532 3721 682 3786 Milonem
704 3725 828 3804 postero
853 3722 903 3786 die
926 3723 989 3788 XII
1012 3742 1127 3800 servos,
1151 3725 1203 3805 qui
1226 3725 1362 3788 maxime
1385 3743 1510 3806 operam
1532 3745 1590 3788 na-

366 3825 506 3898 vassent‚
534 3842 631 3888 manu
659 3825 782 3888 misisse
805 3827 980 3908 populoque
1004 3827 1148 3890 tributim
1172 3827 1298 3908 singula
1320 3826 1409 3891 milia
1431 3829 1512 3892 aeris
1548 3829 1589 3892 ed

368 3925 580 3989 defendendos
614 3926 652 3990 de
686 3947 720 3990 se
753 3947 894 3993 rumores
923 3930 1097 4009 dedisse'l).
1141 3928 1229 3992 Haec
1252 3929 1350 3993 oratio
1373 3949 1423 3994 res
1446 3931 1589 4012 singulas

367 4029 602 4093 accuratissime
630 4029 810 4095 describens
845 4033 946 4113 prima
978 4033 1080 4114 specie
1108 4034 1282 4095 ‘senatus
1311 4033 1398 4097 actis*
1428 4032 1590 4097 reddenda

367 4130 507 4205 videtum
559 4132 613 4195 sed
666 4152 739 4196 cum
781 4136 952 4199 Asconium
997 4153 1035 4198 ea
1072 4154 1135 4199 non
1177 4135 1376 4218 exscripsisse
1419 4136 1589 4200 viderimus

368 4235 411 4315 (p.
429 4233 470 4296 58
483 4235 555 4317 sq.)‚
578 4235 622 4298 sic
638 4236 678 4298 ad
693 4239 774 4300 ‘acta
788 4239 904 4320 populi*
921 4257 991 4302 eam
1002 4238 1103 4302 redire
1119 4239 1267 4320 suspicor,
1283 4241 1319 4301 ut
1331 4241 1387 4302 aut
1398 4257 1434 4302 ex
1448 4241 1589 4303 ‘senatus

437 4406 457 4470 ¹)
475 4403 511 4457 cl.
530 4405 593 4458 Asc.
612 4420 638 4473 p.
656 4405 699 4470 31,
717 4405 834 4470 20-27;
853 4405 971 4462 Dionem
991 4406 1008 4461 l.
1027 4423 1055 4462 c.

437 4491 458 4548 'l
478 4489 509 4543 O.
528 4489 617 4544 Halm
636 4496 699 4560 post
710 4489 885 4545 ‘defenderet’
903 4491 971 4548 haec
989 4492 1044 4548 iere
1062 4493 1146 4548 verbe
1163 4497 1205 4547 ‘ut
1222 4493 1336 4548 insidias
1354 4494 1407 4548 sibi
1425 4494 1512 4548 factas
1530 4510 1590 4548 esse

367 4572 476 4628 diceret’
494 4574 664 4630 intercidisse
680 4575 739 4630 inre
756 4577 895 4647 opinatur.

438 4662 459 4728 ³)
478 4660 622 4716 Praeterea
639 4661 673 4714 cf.
692 4663 755 4716 Asc.
774 4679 801 4732 p.
819 4664 861 4730 29,
879 4666 920 4718 16.
940 4666 980 4718 17.
