3634 5240
1152 277 1194 338 42

1072 360 1283 369 ——-—-—-

567 497 659 562 Dem.
677 498 747 562 dict.
764 518 788 562 c.
806 499 846 559 22
862 519 892 581 p.
912 499 1003 575 1021,
1019 500 1039 561 8
1054 500 1098 563 R:
1122 492 1199 563 ὅταν
1220 495 1281 581 μέν
1302 522 1376 563 τινα
1397 500 1460 563 τῶν
1478 495 1686 583 Ἰσοκράτους
1704 493 1763 562 ἂνα-

567 595 711 684 γινιόσκω
732 596 845 685 λόγων,
877 595 942 665 εἴτε
964 606 1027 665 τῶν
1050 593 1135 689 πρὸς
1163 598 1204 687 egi
1235 600 1425 688 δικαστήρια
1453 594 1591 680 καὶτὰς
1622 598 1763 688 ἐκκλησίας

566 699 796 788 γεγραμμένων,
819 695 917 790 tireio
928 701 961 769 ἐν
972 698 1054 781 ἔθει,
1066 704 1246 783 σπουδαῖος
1262 699 1390 789 γίνομαι
1406 703 1460 770 καὶ
1477 697 1562 770 πολὺ
1575 699 1617 771 τὸ
1632 697 1764 779 doram,

566 799 628 885 byca
662 808 719 891 τῆς
744 802 885 892 γνώμης,
920 802 1033 893 ὥσπερ
1061 802 1091 871 oi
1119 810 1182 870 τῶν
1211 804 1433 873 σπονδείων
1463 800 1762 894 αὐλημάτων...

566 899 772 995 ἀκροώμενοι.

565 1117 703 1181 minibus
725 1118 905 1191 utebantur,
929 1116 981 1181 ubi
1006 1117 1103 1179 animi
1126 1135 1145 1179 a
1167 1117 1343 1180 vehementi
1365 1120 1454 1182 motu
1469 1117 1508 1181 ad
1525 1118 1762 1200 tranquillitatem

566 1221 656 1283 erant
679 1219 861 1283 reducendi:
883 1219 990 1283 Ioann.
1017 1219 1077 1284 Sic.
1102 1220 1134 1283 in
1159 1220 1307 1300 Hermog.
1331 1220 1376 1283 VI
1402 1221 1506 1296 139,3
1528 1222 1584 1284 W:
1609 1215 1641 1284 oi
1668 1223 1762 1283 Hedo-

564 1319 685 1406 γόρειοι
710 1374 716 1387 .
739 1375 746 1388 .
769 1375 775 1388 ,
799 1321 1006 1407 σπονδειακῷ
1031 1319 1122 1404 μέλει
1144 1313 1187 1386 τὰ
1209 1317 1306 1407 πάθη
1328 1326 1386 1407 τῆς
1421 1328 1526 1407 ψυχῆς
1555 1314 1761 1409 ἀντιπαρῇσαν.

566 1428 668 1507 Atque
699 1426 737 1489 ab
764 1427 831 1509 ipso
861 1445 983 1507 quoque
1012 1426 1192 1508 Pythagora
1213 1427 1359 1489 iuvenem
1383 1425 1540 1491 furentem
1563 1428 1697 1511 spondeo
1716 1445 1762 1488 eer-

566 1529 651 1592 mine
675 1529 843 1592 coercitum
873 1548 940 1592 esse
963 1530 1055 1592 molti
1083 1531 1226 1593 narrant:
1258 1528 1364 1593 Cicero
1391 1547 1440 1612 ap.
1463 1529 1635 1594 Boethium
1658 1531 1693 1593 de
1711 1530 1761 1592 inst.

564 1649 643 1694 mus.
664 1630 681 1692 Ι
698 1632 713 1692 1
735 1652 763 1714 p.
778 1632 839 1694 184
855 1652 901 1713 sq.
923 1633 969 1696 ed.
990 1632 1146 1696 Friedlein
1166 1632 1243 1711 (Cio.
1264 1631 1355 1712 lrgm.
1375 1631 1484 1714 philos.
1501 1633 1623 1697 X3ed.
1636 1633 1668 1698 C.
1682 1633 1712 1694 F.
1728 1629 1761 1691 W.

563 1734 721 1813 Mueller),
744 1733 955 1813 Quintilianus
977 1734 1060 1810 110,
1074 1736 1113 1796 32
1138 1734 1327 1811 Ciceronem,
1350 1737 1387 1798 ut
1408 1736 1498 1811 solet,
1522 1738 1659 1808 secutus,
1675 1735 1760 1799 Sextus

564 1836 739 1919 Empiricus
771 1838 839 1901 adr.
870 1838 981 1901 music.
1005 1840 1025 1900 8
1048 1858 1075 1920 p.
1100 1838 1161 1899 749
1189 1838 1234 1902 ed.
1264 1838 1399 1913 Behlrer,
1433 1838 1630 1903 lamblichus
1659 1839 1694 1901 de
1717 1836 1760 1897 rita

564 1940 698 2023 Pythag.
725 1961 753 2023 p.
778 1943 817 2003 93
841 1940 889 2003 ed.
918 1941 1100 2003 Meister:
1122 1960 1151 2022 p.
1174 1941 1212 2003 81
1238 1960 1283 2022 sq.
1312 1940 1358 2004 ed.
1382 1940 1506 2018 Nauclr,
1540 1942 1631 2006 ouius
1657 1938 1760 2004 anctori-

563 2045 663 2106 tatem
695 2044 781 2125 sequi
814 2062 846 2107 se
880 2044 1041 2126 profitetur
1073 2044 1233 2107 Planudes
1266 2043 1299 2108 in
1332 2043 1479 2125 Hermog.
1512 2044 1540 2104 V
1567 2045 1641 2121 458,
1668 2044 1703 2105 12
1727 2039 1759 2105 b',

563 2148 595 2210 et
629 2146 667 2209 ad
702 2165 796 2227 quem
826 2146 962 2229 proxime
990 2146 1110 2210 accedit
1139 2146 1253 2210 fabella
1280 2165 1299 2210 a
1321 2147 1452 2211 Boethio
1475 2148 1495 2210 l.
1519 2166 1546 2210 e.
1570 2150 1645 2212 ante
1667 2146 1759 2211 Cicero

563 2249 692 2312 mianum
714 2250 819 2313 locum
840 2250 971 2332 prolata.
1018 2248 1064 2313 De
1088 2247 1228 2313 Damone
1251 2249 1352 2313 simile
1368 2249 1485 2331 aliquid
1501 2248 1633 2314 tradunt
1648 2249 1759 2314 Galenus

564 2353 616 2431 (de
639 2353 761 2435 placitis
784 2352 982 2436 Hippocratis
1006 2355 1038 2416 et
1057 2352 1197 2416 Platonis
1210 2352 1238 2413 V
1250 2354 1290 2415 47
1294 2354 1313 2415 3
1326 2353 1355 2416 Κ
1366 2379 1408 2406 =
1420 2372 1450 2434 p.
1462 2354 1535 2428 453,
1548 2355 1567 2415 3
1580 2373 1650 2435 sqq.
1673 2349 1758 2416 edlu

563 2456 712 2536 Mueller)
741 2458 772 2519 et
793 2455 968 2519 Martianus
992 2455 1120 2538 Capella
1143 2456 1175 2536 (l.
1198 2455 1244 2519 IX
1266 2476 1296 2538 p.
1320 2457 1390 2531 347,
1414 2455 1454 2516 22
1479 2455 1525 2519 ed.
1548 2452 1759 2538 Eyssenhardt

563 2558 672 2640 Neque
695 2578 766 2622 uero
786 2562 964 2641 congruunt
986 2558 1069 2621 inter
1090 2578 1123 2622 se
1145 2559 1205 2623 hae
1228 2558 1494 2634 narratiunculae,
1519 2578 1596 2640 quas
1621 2578 1659 2623 ne
1674 2572 1756 2621 omues

563 2661 701 2742 integras
725 2661 911 2737 adscribam,
929 2664 978 2726 vel
995 2681 1031 2725 eo
1054 2662 1200 2738 adducor,
1223 2662 1305 2744 quod
1328 2681 1391 2725 uon
1412 2660 1517 2724 minus
1534 2661 1573 2724 ad
1589 2659 1755 2725 harmonian

564 2783 660 2844 quam
694 2765 731 2826 ad
763 2764 950 2846 rhythmum
980 2766 1036 2827 illa
1067 2765 1181 2828 mutati
1208 2764 1355 2828 carminis
1378 2763 1426 2827 vis
1449 2765 1626 2829 revocanda
1654 2762 1755 2827 addetur.

564 2868 717 2931 Narratur
740 2870 847 2931 autem
871 2886 908 2930 aa
930 2886 979 2930 res
1002 2869 1095 2932 modo
1122 2869 1160 2932 de
1186 2887 1248 2932 uno
1270 2868 1383 2931 iurene
1407 2866 1517 2948 (quem
1540 2868 1651 2931 dieunt
1670 2866 1756 2929 Tauro

563 2970 761 3033 menitamum
780 2970 893 3033 Iambl.
917 2973 949 3034 et
971 2970 1095 3046 Boeth.‚
1120 2966 1231 3047 ,,ιινά“
1254 2970 1373 3051 ΡΙαα.),
1395 2969 1488 3035 modo
1511 2971 1548 3034 de
1571 2967 1755 3054 compluribus

563 3073 650 3155 (Cic,
674 3073 791 3152 Quint,
816 3073 899 3136 Sext.
923 3074 1064 3158 Empta),
1090 3074 1181 3137 modo
1204 3073 1236 3136 hi
1260 3072 1419 3148 „mulieris
1442 3074 1572 3155 pudicae
1598 3074 1676 3139 fores
1696 3069 1755 3133 fran-

563 3183 654 3257 μετα*
677 3177 725 3240 rel
749 3176 832 3239 “vim
853 3177 983 3258 pudicae
1007 3177 1113 3241 domui
1136 3177 1275 3240 adferre“
1299 3175 1402 3239 conati
1429 3195 1497 3240 esse
1526 3177 1672 3241 dicuntur
1690 3172 1754 3251 (Cic-,-

563 3278 695 3359 Quint),
718 3279 809 3343 modo
826 3282 874 3342 est
896 3280 958 3356 illa,
983 3300 1078 3362 quam
1096 3281 1280 3344 adulescens
1296 3278 1424 3343 rabidus
1446 3280 1630 3356 insectatur,
1642 3270 1753 3364 ἕρωμέν,

563 3381 701 3461 (Iambl.)
725 3384 773 3446 rel
797 3373 948 3468 αὐλητρίς
971 3383 1088 3464 (Plan.)
1111 3384 1159 3446 rel
1183 3385 1322 3446 scorteum
1346 3379 1482 3465 (Boeth).
1492 3383 1517 3464 ¹)

648 3573 665 3652 ξ
689 3574 718 3634 8.
763 3576 802 3634 In
824 3572 1030 3637 liberorum
1054 3571 1282 3636 educatione
1304 3570 1503 3653 rhythmos
1525 3590 1596 3636 nom
1621 3588 1696 3636 esse

1041 3674 1303 3756 neglegendos.

649 3810 681 3874 Si
716 3831 778 3893 qua
812 3814 860 3875 est
892 3812 1113 3893 rhythmorum
1140 3812 1186 3875 vis
1212 3807 1435 3896 γωχαγωγική,
1462 3813 1494 3874 in
1517 3811 1684 3876 liberorum
1701 3803 1754 3869 edu·

564 3914 684 3977 catione
708 3935 759 3978 eos
781 3934 842 3978 non
867 3933 934 3978 esse
957 3914 1167 3996 neglegendos
1191 3919 1329 3997 apparet.
1378 3915 1419 3977 Et
1448 3916 1595 3996 queniam
1620 3912 1709 3978 omnis
1726 3905 1752 3967 dt

563 4017 726 4081 hominum
749 4017 860 4081 animis
883 4017 1114 4081 commovendis
1139 4020 1171 4081 et
1192 4017 1336 4100 regendis
1360 4017 1501 4081 doctrina
1524 4005 1751 4099 aliquatenusad

633 4275 653 4340 ¹)
673 4273 798 4327 Ceterum
817 4291 870 4328 nen
890 4273 1016 4327 insulsum
1031 4279 1080 4335 est,
1099 4273 1169 4340 qnod
1188 4272 1220 4326 de
1239 4289 1273 4327 ea
1285 4273 1385 4327 fabella
1402 4271 1503 4325 iudicat
1517 4272 1616 4325 Sextus
1629 4268 1750 4338 Empiricos

564 4359 622 4412 adv.
642 4374 709 4412 mus.
727 4361 762 4411 23
778 4375 805 4427 p.
826 4361 876 4412 752
895 4361 929 4413 B:
947 4359 1006 4410 εἶτα
1025 4363 1071 4410 καὶ
1087 4358 1178 4424 τούτῳ
1195 4360 1236 4424 rqi
1253 4358 1351 4426 τρόπῳ
1363 4357 1606 4427 ἐπανορθαῦμενοε
1618 4361 1662 4427 (sc.
1680 4350 1750 4406 liudr-

562 4444 655 4515 γόραε)
676 4444 772 4500 αὐτοὺς
791 4447 835 4511 (sc.
854 4445 918 4499 rods
928 4444 1096 4513 μεθύοντας)
1114 4441 1243 4515 ὁμολογεῖ
1253 4442 1349 4497 πλεῖόν
1359 4464 1387 4496 τι
1399 4441 1541 4497 δύνασθαι
1552 4446 1611 4497 τῶν
1622 4439 1750 4509 odoatyor

564 4530 633 4600 repis
651 4530 850 4603 ἐπανόρθωσιν
866 4531 950 4598 ἠθῶν
966 4531 1030 4586 τοὺς
1048 4527 1172 4596 αἶ’λητάς.
