3546 5236
803 434 842 498 81

209 627 359 692 inseruit:
393 649 449 692 cur
476 636 576 692 caten
604 631 723 694 diecesi
755 627 919 711 sagaciter
951 627 1050 710 igitur
1080 627 1248 712 perspexit
1279 627 1311 692 in
1339 627 1438 692 verbo

209 719 366 798 macuati
388 733 490 800 latere
512 757 569 798 car
591 743 694 800 autera
717 773 761 780 —
785 733 985 819 compendiis
1013 734 1136 818 scripta
1164 733 1245 798 haec
1268 733 1323 798 vix
1347 733 1437 800 diffe-

208 851 283 906 runt
309 877 363 926 -,
395 841 454 908 sed
486 841 720 926 vituperandus
754 852 812 926 est,
845 841 931 924 quod
964 841 1059 906 nimis
1091 841 1262 906 verbosam
1295 841 1438 906 Senecae

209 949 389 1013 orationem
417 949 533 1014 effecit.
579 957 614 1013 at
640 948 813 1014 videnum
841 946 970 1014 facilius
994 947 1082 1013 illius
1105 948 1253 1014 lectionis
1277 949 1367 1032 origo
1391 948 1438 1012 ita

210 1055 398 1140 explicetur,
429 1063 465 1120 ut
496 1079 551 1120 aar
579 1065 680 1121 catera
707 1063 872 1139 tamquam
900 1058 992 1120 varia
1015 1054 1113 1120 lectio
1140 1054 1216 1120 olim
1244 1055 1289 1119 ad
1316 1057 1438 1138 proedo

208 1162 400 1246 pertinuerit
428 1170 460 1226 et
489 1161 573 1228 falso
603 1163 672 1228 loco
700 1163 809 1248 posita
837 1163 888 1229 sit
940 1171 1079 1247 apparet
1106 1169 1214 1228 autem
1243 1181 1314 1227 eam
1343 1161 1437 1226 alteri

210 1269 389 1354 scripturae
404 1270 501 1352 longe
515 1277 693 1353 praestare.
726 1269 911 1355 scripserim
926 1269 1039 1352 igitur:
1058 1292 1174 1353 pacem.
1198 1292 1286 1334 acam
1312 1271 1436 1334 dividat.

208 1398 265 1438 rar-r
288 1384 388 1440 actem
412 1380 517 1441 carcia
539 1397 617 1459 quem
635 1413 659 1422 -
675 1413 700 1424 -
714 1413 739 1424 -
758 1379 883 1442 citanda
905 1385 978 1442 auat
1000 1379 1110 1456 dicam,
1135 1399 1204 1441 curru
1228 1381 1305 1442 etc?
1448 1367 1451 1375 ¹

298 1598 449 1680 quoniam
470 1597 569 1680 igitur
588 1597 628 1664 de
648 1597 740 1663 libris
760 1599 891 1664 saeculo
908 1596 1034 1664 decimo
1058 1607 1172 1681 quarto
1196 1597 1435 1680 vetustioribus,
1459 1603 1622 1708 flssqufflffi

209 1723 341 1786 quorum
371 1703 501 1787 quidem
528 1704 627 1789 paulo
655 1707 888 1770 accuratiorem
915 1705 1064 1770 notitiam
1091 1705 1257 1790 babemus,
1285 1705 1353 1770 fere
1381 1704 1435 1770 de·
1469 1729 1622 1772 reanum„

209 1811 404 1895 sperandum
429 1819 487 1894 est,
512 1812 808 1896 circumspiciamus
831 1831 905 1876 num
926 1811 1003 1894 quid
1020 1811 1132 1876 auxilii
1151 1833 1190 1878 ex
1205 1811 1437 1878 recentioribus

208 1917 275 2001 peti
298 1918 412 2002 possit.
459 1938 541 2001 quos
565 1938 636 1983 cum
660 1919 724 1984 iam
747 1919 891 1984 Haasius
916 1918 1031 2004 (praef.
1050 1940 1081 2004 p.
1095 1920 1155 2000 IX)
1180 1920 1273 2005 parvi
1296 1919 1438 2001 fecisset,

210 2023 278 2106 sed,
302 2024 379 2107 qaia
394 2025 594 2090 accuratiore
610 2023 757 2089 codicum
770 2025 799 2089 Α
813 2025 840 2089 Β
856 2027 1041 2108 cognitione
1056 2025 1302 2110 destituebatur,
1326 2027 1437 2091 crebro

208 2129 252 2193 ad
275 2129 401 2195 illorum
426 2131 604 2216 scripturas
628 2131 802 2215 confugere
830 2139 963 2198 coactus
993 2140 1089 2218 esset,
1117 2133 1219 2200 Iulius
1247 2131 1437 2198 Bartschius

207 2237 241 2300 iu
264 2237 365 2300 Macci
387 2239 529 2302 Rlamai
555 2236 716 2302 volumine
739 2237 849 2301 XXlV
878 2237 993 2323 (1869)
1017 2261 1048 2324 p.
1074 2241 1136 2304 271
1155 2259 1201 2322 sq.
1239 2239 1385 2304 codicum
1408 2241 1438 2302 A

209 2344 286 2409 etB
310 2344 464 2408 memoria
487 2344 720 2410 aBuechelero
746 2351 877 2411 enotata
900 2365 979 2411 usus
1003 2365 1224 2429 quaecumque
1246 2346 1365 2410 novicii
1389 2345 1437 2410 illi

207 2451 402 2535 praeberent
424 2450 545 2516 nullius
568 2453 663 2535 pretii
687 2471 761 2517 esse
785 2450 956 2516 ostendere
980 2459 1116 2518 conatus
1140 2459 1197 2519 est.
1244 2454 1299 2535 qui
1326 2472 1436 2535 quam-

207 2577 303 2640 quam
337 2557 502 2640 sagaciter
533 2565 566 2624 et
598 2557 736 2624 feliciter
767 2557 809 2623 de
841 2557 980 2641 singulis
1013 2557 1206 2642 quibusdam
1244 2558 1324 2626 locis
1353 2579 1436 2624 com-

207 2673 371 2730 mentatus
400 2673 458 2748 est,
485 2684 600 2730 vereor
623 2685 663 2730 ne
686 2665 999 2749 interpolationibus,
1023 2665 1139 2749 quibus
1163 2665 1212 2730 illi
1235 2665 1308 2732 libri
1332 2685 1437 2749 aeque

207 2779 305 2854 atque
335 2771 433 2836 ceteri
463 2772 586 2836 saeculi
614 2772 731 2838 decimi
761 2773 867 2855 quarti
900 2779 933 2838 et
965 2773 1067 2856 quinti
1100 2779 1239 2856 scatent,
1274 2773 1436 2839 adductus

205 2879 291 2942 bona
328 2899 412 2960 quae
450 2886 659 2944 servaverunt
695 2879 834 2945 calidius
871 2899 968 2962 quam
1005 2879 1114 2945 verius
1151 2887 1346 2964 aspernatus
1385 2881 1436 2946 sit.

205 2991 338 3067 praesto
369 2983 452 3048 enim
487 2993 561 3049 sunt
592 2984 754 3067 quaedam
785 2984 991 3070 adminicula,
1021 2987 1137 3068 quibus
1165 2987 1279 3052 incisis
1304 3007 1436 3072 sperare

206 3090 299 3155 nobis
323 3089 422 3155 liceat
444 3089 513 3156 fore
536 3097 572 3155 ut
595 3091 693 3156 etiam
717 3092 767 3175 iis,
792 3093 846 3174 qui
869 3093 1011 3157 maxima
1025 3094 1183 3160 acuminis
1199 3101 1231 3158 et
1245 3094 1437 3160 eruditionis

208 3196 411 3261 librariorum
441 3205 473 3262 et
506 3205 720 3262 correctorum
749 3198 964 3264 admiratione
992 3207 1149 3284 tenentur,
1181 3201 1438 3285 persuadeamus

206 3303 330 3386 aliquot
353 3303 483 3378 codices
506 3305 702 3370 recentiores
727 3324 766 3369 ex
790 3304 879 3370 fonte
902 3307 944 3370 ab
973 3325 1021 3390 eo,
1050 3325 1090 3370 ex
1118 3326 1180 3389 quo
1203 3308 1274 3371 AB
1298 3306 1437 3372 derivati

206 3417 288 3492 sunt,
322 3409 450 3475 diverso
482 3409 626 3476 fluxisse.
677 3411 786 3475 XVllI
809 3416 839 3494 4,
868 3416 904 3478 ll
938 3411 1022 3496 fugit
1050 3432 1160 3477 omnes
1193 3413 1248 3495 qui
1281 3414 1437 3480 Senecam

207 3516 378 3582 ediderunt
411 3516 579 3584 Cleanthis
611 3537 724 3584 versus
757 3519 942 3584 notissimos
971 3519 1025 3602 qui
1052 3517 1204 3601 leguntur
1232 3520 1264 3584 iu
1295 3519 1436 3604 Epicteti

207 3622 386 3689 enchiridio
416 3623 488 3710 (52)
521 3644 541 3687 a
574 3623 697 3689 Seneca
729 3625 762 3688 in
795 3645 973 3690 sermonem
1005 3625 1155 3690 Latinum
1184 3646 1358 3692 couversos
1384 3627 1436 3692 bis

205 3731 312 3796 verbis
347 3733 388 3796 ab
417 3732 599 3813 Augustino
631 3731 673 3797 de
701 3731 785 3797 civit.
815 3731 868 3796 dei
897 3732 968 3798 V8
997 3732 1119 3797 afferri:
1153 3734 1275 3798 Arataei
1304 3735 1438 3799 Scacccc

204 3847 285 3918 arat,
309 3841 371 3902 aiei
387 3839 497 3920 sulfur,
526 3841 557 3902 bi
584 3861 700 3903 cerwa
749 3838 936 3923 discrepant
959 3847 1066 3905 autem
1091 3861 1111 3904 a
1135 3839 1247 3906 codice
1271 3841 1297 3904 B
1321 3840 1376 3924 ita,
1400 3848 1436 3905 ut

204 3944 307 4029 primo
335 3963 431 4009 versu
459 3964 518 4029 pro
548 3943 612 4010 his:
646 3947 717 4026 dcc,
747 3967 766 4010 o
792 3968 944 4029 parcae,
974 3949 1133 4031 celsique
1161 3949 1336 4012 dominator
1358 3950 1434 4031 poli,

205 4052 368 4135 legantur3
390 4053 457 4130 dcc,
482 4073 618 4116 camarae
636 4060 758 4135 pater,
782 4055 1109 4137 altiqccdomiactor
1119 4055 1195 4137 poli.
1234 4073 1305 4118 cum
1326 4061 1434 4120 autem

205 4158 302 4223 facile
334 4156 543 4240 intellegatur
575 4157 729 4241 Senecae,
762 4160 910 4241 quamvis
943 4158 1053 4243 libere,
1086 4166 1122 4225 ut
1149 4159 1247 4243 solet,
1276 4161 1309 4225 in
1337 4161 1433 4226 inter·

205 4263 364 4351 pretando
398 4271 548 4330 versatus
581 4264 632 4349 sit,
664 4265 763 4330 verba
791 4265 846 4346 ἄγε
879 4269 915 4350 δὴ
944 4269 980 4331 cb
1004 4266 1045 4352 p’,
1069 4265 1093 4330 ὦ
1116 4265 1184 4342 Zac,
1214 4267 1341 4332 Latinis
1364 4269 1432 4349 dac,

205 4393 367 4456 oparata,
394 4373 571 4455 exprimere
594 4392 658 4437 non
681 4372 822 4457 licuisse,
846 4373 1086 4456 Augustiniaua
1099 4373 1196 4439 lectio
1212 4374 1323 4457 utique
1338 4395 1433 4460 prac-

205 4478 339 4544 ferenda
364 4484 422 4544 est.
461 4479 526 4542 iam
551 4499 627 4544 vero
654 4477 751 4544 valde
774 4479 983 4545 memorabile
1012 4478 1177 4563 estquod
1204 4481 1237 4544 in
1266 4479 1433 4547 codicibus

204 4585 546 4674 ΒΖβελοπσφχΡε
564 4585 617 4670 Pa,
642 4605 776 4669 quorum
794 4586 901 4652 nullus
920 4585 1086 4652 saeculum
1105 4586 1264 4652 decimum
1285 4594 1433 4671 quartum

205 4691 341 4778 excedit,
369 4692 502 4776 legitur:
535 4694 594 4758 duc
622 4716 685 4774 rae,
716 4715 852 4759 camiac
875 4715 1008 4780 pererra
1041 4696 1169 4780 celetque
1201 4696 1231 4760 d.
1254 4717 1288 4780 p.
1336 4715 1434 4778 quam

1257 4803 1273 4855 6
