3568 5238
797 436 837 500 19

203 663 287 726 μασι
317 640 472 728 μεγάλοις
493 639 548 708 καί
570 644 685 727 μικροῦ
708 638 859 729 δεήσασιν
883 633 1067 726 ἀνατρέψαι
1087 636 1145 726 τὴν
1164 633 1287 724 Ῥώμην
1315 631 1427 723 ἥψατο

203 744 263 829 μίν
284 770 335 824 τις
356 739 495 812 ὑπόνοια
517 749 573 810 τοῦ
585 741 742 834 Κράσσου
764 743 818 810 καί
842 743 1029 831 προςῇλθεν
1050 733 1234 828 ίίνθρωπος
1258 735 1428 823 ὀνομάζων

204 841 274 914 ἀνι-ὸ
295 851 354 936 τῆς
370 843 585 931 συνωμοσίας,
614 840 719 926 οὐδείς
741 845 779 913 δέ
802 843 1002 912 ἐπίστευσεν.
1040 839 1149 928 Ὅμως
1171 837 1200 910 δ’
1219 837 1236 911 ὁ
1252 841 1428 930 Κικέρων

205 947 244 1016 έν
265 976 342 1018 τινι
366 947 464 1036 λόγῳ
486 946 656 1037 φανερὸς
678 937 904 1038 ἦνΚροίσσιμ
926 943 1183 1035 καίΚαίσαρι
1206 943 1273 1036 τὴν
1296 940 1427 1011 αἰτίαν

206 1050 558 1140 προςτριβόμενος.
611 1045 698 1118 Ἀλλ’
729 1038 819 1132 οὗτος
850 1046 949 1137 μὲνὸ
976 1049 1070 1138 λόγος
1095 1048 1233 1140 ἐξεδόθη
1259 1054 1353 1140 μετὰ,
1368 1050 1427 1143 τὴν

204 1150 325 1244 ἀμφοῖν
357 1153 516 1241 τελευτήν,
555 1152 589 1219 ἒν
612 1155 649 1220 δὲ
671 1161 718 1243 τῷ
744 1155 841 1243 Περί
868 1150 1063 1233 ὑπατείας
1089 1149 1107 1219 ὁ
1131 1154 1279 1243 Κικέρων
1306 1158 1426 1247 νίκτωρ

205 1259 288 1348 φησί
321 1252 378 1325 τὸν
406 1253 566 1345 Κράσσον
592 1249 775 1345 ἀφικέσθαι
803 1255 889 1344 πρὸς
915 1249 1013 1323 αὐτὸν
1042 1251 1218 1345 ἐπιστολὴν
1251 1258 1427 1345 κομίζοντα

205 1361 246 1429 τὰ
268 1361 346 1450 περὶ
373 1353 430 1428 τὸν
445 1356 628 1426 Κατιλίναν
650 1355 870 1450 ἐξηγουμένην,
897 1354 942 1438 ὦς
967 1351 1028 1446 ἤδη
1050 1364 1243 1444 βεβαιοῦντα
1269 1356 1327 1450 τὴν
1352 1387 1427 1430 συν-

207 1461 361 1550 ωμοσίαν.
417 1465 564 1530 Relertus
592 1464 689 1548 igitur
716 1468 783 1529 erat
810 1465 861 1529 blo
892 1464 1018 1529 libellus
1045 1467 1242 1530 contumeliis
1271 1471 1303 1532 et
1325 1469 1428 1534 crimi-

102 1655 104 1662 γ
177 1623 180 1632 .
207 1571 385 1636 nationibus
414 1587 487 1632 cum
510 1568 717 1652 plurimorum
745 1568 874 1633 oratoris
899 1567 1147 1633 adversariorum
1174 1570 1243 1634 tum
1266 1569 1427 1649 Catilinae,

209 1673 347 1749 Antonii,
370 1671 530 1748 Caesaris,
559 1671 664 1737 Crassi
688 1674 782 1753 atque
805 1671 989 1737 versabatur
1010 1669 1164 1753 imprimis
1191 1671 1223 1735 in
1246 1674 1427 1739 consulatus

206 1775 363 1842 Ciceronis
379 1775 510 1839 historia
522 1777 553 1855 ¹).
577 1774 679 1838 Huius
696 1776 803 1838 autem
819 1773 1038 1857 ‘expositIonis’
1055 1774 1273 1840 auctoritatem
1297 1780 1424 1842 secutus

210 1879 375 1954 Asconius,
397 1879 435 1941 ut
457 1897 534 1959 quos
550 1877 658 1943 Cicero
667 1878 692 1960 ²)
716 1877 811 1960 (apurl
834 1879 905 1941 Aac.
929 1897 957 1959 p.
982 1876 1032 1950 74,
1057 1875 1195 1957 13-16)
1219 1877 1373 1944 Catilinae
1396 1884 1428 1946 et

208 1981 335 2046 Antonii
352 1983 592 2065 competitorum
608 1981 786 2062 sequestres
801 1980 878 2044 velit
891 1978 1032 2060 intellegi
1048 1979 1188 2061 explicet,
1208 1980 1242 2045 C.
1260 1982 1426 2049 Caesarem

208 2087 240 2148 et
261 2084 304 2148 M.
320 2084 472 2149 Crassum
489 2085 645 2150 Ciceronis
666 2084 699 2148 in
721 2083 855 2166 petendo
878 2082 1042 2146 consulatu
1066 2082 1241 2148 ‘acerrimos
1265 2088 1296 2149 et
1317 2089 1427 2169 poten-

208 2187 356 2251 tissimos'
379 2186 476 2251 fuisse
498 2187 732 2269 refragatores,
762 2185 856 2268 ‘quod
883 2185 949 2248 eius
977 2185 1010 2247 iu
1039 2185 1121 2249 diem
1144 2185 1267 2251 civilem
1290 2207 1427 2254 crescere

211 2289 397 2371 dignitatem
420 2290 724 2360 animadverterent,
752 2287 922 2352 mamonae
945 2287 1049 2351 tradit.
1093 2285 1162 2352 lam
1190 2307 1262 2353 vero
1284 2309 1357 2354 cum
1380 2311 1428 2356 se·

209 2393 346 2457 cundum
370 2393 426 2456 illa
448 2411 506 2457 sua
530 2393 625 2458 verba
643 2410 776 2476 pergens
806 2391 947 2475 primae
973 2410 1123 2472 quoque
1151 2392 1427 2459 coniurationis

210 2497 372 2559 auctorem
399 2497 442 2560 Μ.
472 2497 622 2563 Crassum
651 2495 840 2560 aCicerone
867 2493 899 2557 in
928 2494 980 2557 illo
1007 2493 1085 2559 lihro
1114 2494 1331 2560 insimulatum
1359 2516 1427 2563 esse

208 2598 332 2674 scribat,
360 2601 502 2681 sequitur
523 2619 596 2664 euru
624 2599 683 2663 hoc
706 2615 829 2680 quoque
851 2597 884 2660 in
906 2596 1015 2660 eodem
1037 2597 1211 2680 repperisse
1234 2598 1334 2663 fonte:
1356 2599 1427 2665 illos

207 2702 288 2765 viros
311 2702 474 2766 alterius
498 2722 593 2785 quam
615 2703 724 2767 dicunt
748 2698 972 2765 coniurationis
988 2697 1085 2763 fuisso
1101 2703 1243 2765 auctores
1267 2704 1322 2766 aut
1344 2707 1427 2769 certe

208 2805 349 2886 socius³)‚
372 2805 404 2869 id
427 2806 510 2887 quod
533 2825 552 2870 a
573 2805 743 2869 Plutarcho
766 2803 787 2867 l.
811 2821 836 2866 c.
861 2801 937 2866 adeo
961 2802 1209 2886 confirmatum).
1270 2805 1428 2871 Nimirum

277 2993 300 3056 ¹)
319 2989 458 3046 Ciceronis
478 2987 615 3044 ἀνέκδοτα
633 2991 677 3060 (cf.
695 2989 807 3054 Teuffel,
827 2987 992 3044 Gesohichte
1010 2988 1059 3043 der
1076 3005 1152 3044 roem.
1163 2989 1315 3045 Literatur⁴
1332 3009 1358 3062 p.
1376 2994 1428 3048 346

208 3092 234 3128 n.
253 3076 280 3142 5)
298 3075 366 3128 nihil
384 3075 460 3130 aliud
479 3092 538 3130 esse
555 3075 609 3130 nisi
626 3075 703 3131 illam
720 3075 951 3146 ‘expositionem’,
969 3073 1099 3146 quoniam
1120 3091 1286 3146 magnopere
1306 3077 1378 3132 inter
1399 3096 1428 3132 se

207 3161 367 3228 concinunt,
384 3177 455 3232 quae
472 3162 506 3215 de
524 3161 710 3232 ‘expositione'
733 3160 789 3215 Dio
811 3159 829 3214 l.
848 3177 871 3216 c.
897 3167 925 3214 et
952 3160 986 3215 de
1004 3159 1172 3216 ‘Anecdotis'
1197 3161 1292 3216 Cicero
1315 3162 1359 3228 (cf.
1377 3165 1427 3218 im·

207 3247 301 3317 priunis
319 3247 355 3301 ad
372 3248 432 3302 Ata
451 3245 481 3300 11
500 3249 525 3314 6,
542 3248 574 3314 2;
603 3247 678 3302 XIV
696 3249 738 3315 17,
755 3249 782 3314 6)
806 3247 939 3313 scribunt,
956 3247 1073 3301 fortasse
1090 3263 1146 3300 nou
1164 3246 1263 3300 iuiuria
1280 3247 1429 3318 opinantur

208 3333 355 3386 Drumaun
373 3333 427 3400 [VI
446 3349 472 3402 p.
491 3333 612 3400 360),,Ρ.
625 3333 814 3388 Weizaaeclrer
832 3333 960 3401 (Ciceros
979 3332 1176 3403 Hypomnema
1194 3347 1221 3385 u.
1240 3331 1381 3388 Plutarch’
1399 3335 1427 3389 in

207 3419 299 3474 annal.
323 3417 417 3489 phitol.
436 3435 460 3473 a.
483 3419 551 3474 1877)
572 3435 599 3488 p.
623 3421 701 3484 420),
719 3419 824 3474 Teuffel
842 3419 861 3474 l.
880 3435 902 3473 c.
921 3419 1065 3474 Praeterea
1089 3417 1123 3472 cf.
1142 3418 1197 3474 Cic.
1222 3418 1265 3472 ed.
1282 3419 1314 3474 C.
1332 3420 1364 3474 F.
1383 3420 1428 3476 W.

207 3503 324 3559 Mueller
341 3504 385 3559 IV
403 3505 420 3559 3
437 3521 463 3576 p.
482 3506 533 3560 338
550 3522 590 3575 sq.

276 3594 296 3657 ¹)
315 3589 454 3647 Ciceronis
472 3590 556 3646 verba
573 3590 640 3646 haec
658 3595 737 3646 sunt:
760 3591 848 3658 ‘Dico,
867 3591 898 3646 P.
911 3591 952 3658 0.,
969 3589 1108 3662 superiore
1124 3594 1204 3644 nocte
1219 3589 1363 3646 cuiusdam
1380 3592 1428 3646 ho-

207 3677 289 3731 minis
307 3675 408 3730 nobilis
431 3682 460 3731 et
481 3675 561 3731 valde
585 3676 614 3730 in
636 3675 688 3730 hoc
711 3676 865 3747 largitionis
889 3684 1007 3748 quaestu
1035 3675 1108 3730 docti
1131 3681 1159 3730 et
1185 3676 1286 3747 cogniti
1310 3677 1425 3733 domum

107 3823 112 3836 Ι
206 3761 353 3818 Catilinam
372 3768 400 3816 et
417 3761 572 3817 Antonium
590 3779 653 3817 cum
673 3761 861 3833 sequestribus
878 3763 936 3816 suis
954 3762 1129 3818 convenisse!

274 3851 295 3916 ³)
314 3847 348 3902 cf.
365 3847 501 3918 imprimis
520 3849 547 3902 C.
560 3847 646 3916 John,
663 3847 1008 3919 Entstahungsgeschiohte
1020 3847 1188 3903 derCatilin.
1201 3849 1429 3921 Verschwcerung

205 3934 243 4002 (in
253 3933 345 3987 annal.
355 3932 450 4003 philol.
460 3934 595 4005 supplem.
613 3934 701 4002 VIII)
721 3952 748 4004 p.
766 3935 818 3988 723
836 3951 896 4004 sqq.
915 3933 1059 3988 Praeterea
1076 3933 1111 3988 cs.
1130 3933 1164 3988 G.
1182 3933 1313 4002 ihouret,
1331 3934 1365 3989 de
1383 3935 1427 3993 Ci-

206 4035 310 4086 cerone,
329 4019 425 4074 Asinio
443 4019 581 4088 Pollione,
604 4021 635 4076 C.
655 4021 747 4091 Oppio
769 4037 859 4074 rerum
878 4019 1106 4075 Caesarianamm
1124 4019 1304 4091 scriptoribus
1322 4019 1427 4091 (Leipz.

206 4105 286 4160 Stud.
305 4105 331 4174 I)
349 4122 375 4175 p.
393 4107 459 4173 320;
484 4106 695 4177 Schliephsclrs,
717 4106 762 4160 die
779 4106 879 4176 griech.
898 4104 1015 4172 Quellen
1034 4122 1085 4159 zur
1103 4104 1183 4160 Catil.
1201 4105 1429 4179 Verschwoerung

206 4191 317 4256 (Gestar
326 4193 403 4258 1877)
414 4209 441 4262 p.
453 4193 502 4259 30;
515 4192 554 4246 Η.
567 4191 668 4259 Duebi,
678 4191 723 4246 die
727 4192 876 4262 juengeren
888 4191 1005 4259 Quellen
1019 4207 1068 4245 zur
1079 4191 1191 4247 Catilin.
1204 4191 1429 4263 Versohwoerung

206 4276 244 4336 tin
262 4277 353 4332 annal.
372 4277 492 4348 philola.
506 4279 582 4342 1876)
600 4296 626 4349 p.
642 4279 705 4343 8355
724 4277 918 4332 Hermannum
938 4277 1027 4343 Peter,
1043 4276 1087 4330 die
1100 4275 1218 4344 Quellen
1233 4277 1380 4332 Plutarcho
1397 4278 1427 4332 in

205 4363 258 4417 den
276 4363 368 4434 Biogr.
391 4364 440 4419 der
457 4363 567 4418 Roemer
585 4363 678 4432 (Halia
696 4365 773 4430 1855)
793 4381 820 4434 p.
839 4365 902 4428 110;
920 4363 1076 4418 Mommsen
1095 4361 1129 4417 R.
1148 4362 1262 4432 &111⁶
1287 4381 1314 4434 p.
1334 4365 1393 4419 193.

272 4451 294 4516 ⁴)
312 4449 415 4504 Utrum
428 4450 595 4505 Plutarchus
612 4450 705 4505 stDio
722 4451 774 4522 ipsi
793 4449 894 4504 analio
911 4448 1095 4504 intercedente
1107 4455 1217 4503 auctore
1234 4449 1308 4504 hunc
1325 4448 1427 4504 librum

205 4535 387 4604 adhibuerint,
404 4541 500 4592 nostra
508 4536 579 4592 nihil
588 4536 683 4604 refert,
701 4535 832 4607 quoniam
852 4535 1002 4590 Ascanium
1020 4551 1083 4588 eum
1102 4533 1288 4605 pervolutasse
1300 4541 1328 4590 et
1340 4551 1388 4606 per
1399 4552 1429 4591 se

205 4620 351 4677 verisimile
368 4626 411 4677 est
428 4628 456 4677 et
473 4622 586 4690 ratione,
604 4637 660 4692 qua
677 4637 741 4676 eum
756 4621 890 4688 laudavit,
907 4621 1024 4692 denique
1041 4636 1073 4674 eo
1093 4621 1166 4691 quod
1179 4619 1328 4676 scholiasta
1339 4621 1428 4676 multo

204 4709 286 4781 plura
301 4707 451 4763 Plutarcho
470 4714 499 4763 et
516 4707 606 4763 Dione
627 4707 663 4762 ad
682 4707 879 4778 ‘expositionis’
900 4706 1061 4762 memoriam
1084 4713 1202 4773 revocat,
1223 4707 1426 4778 comprobatur.

1179 4793 1216 4847 2*
