3560 5242
925 495 965 556 84

842 582 1051 590 ———---—

378 715 445 780 Neo
468 736 541 780 vero
565 737 666 781 sermo
689 717 830 792 Minucii,
854 717 1011 782 Ciceronis
1033 718 1205 792 imitatoris,
1228 717 1437 780 Tertullianeo
1451 717 1554 780 multo

335 819 440 902 purior
461 820 685 902 impedimento
708 823 772 896 est,
796 823 963 903 quominus
986 823 1133 904 putemus
1155 821 1203 882 rel
1225 820 1308 884 tertii
1330 819 1447 884 saeculi
1464 819 1553 882 initio

336 923 500 987 Octavium
524 923 675 1004 scriptum
698 942 776 985 esse.
826 923 907 1002 Quid
930 926 1035 988 enim?
1072 924 1271 997 Lactantius,
1301 922 1401 1002 ‘quasi
1424 922 1551 1004 quidam

334 1025 447 1089 fluvius
485 1025 683 1106 eloquentiae
710 1025 897 1102 Tullianae,
932 1029 1069 1111 optimus
1102 1028 1184 1089 iuter
1212 1027 1378 1107 scriptores
1406 1025 1554 1088 ecclesia·

225 1133 227 1139 ‘
337 1131 433 1194 stioos
455 1129 622 1192 latinitatis
645 1131 763 1204 auctor,
786 1148 888 1194 nonne
912 1131 1016 1210 quarti
1039 1129 1155 1192 saeculi
1171 1128 1261 1190 initio
1277 1127 1411 1192 manime
1427 1127 1552 1190 floruit?

333 1234 402 1297 Iam
426 1251 499 1295 raro
523 1231 608 1295 haud
630 1250 731 1315 pauca
753 1232 843 1314 signa
866 1232 1006 1296 cadentis
1028 1233 1195 1296 latinitatis
1218 1231 1355 1294 lllinuoio
1377 1249 1450 1294 cum
1468 1231 1553 1312 Apu-

333 1337 408 1412 leio,
435 1335 643 1410 Tertulliano,
677 1335 828 1411 Arnobio,
855 1336 1046 1416 Augustino,
1075 1335 1144 1398 aliis
1174 1334 1353 1398 eommunia
1381 1352 1449 1396 esse
1479 1351 1553 1396 cum

334 1439 387 1503 alii
410 1438 585 1502 docuemut
607 1441 676 1502 tum
698 1437 891 1501 Dombartus
914 1440 935 1500 l.
959 1457 983 1501 c.
1006 1457 1036 1521 p.
1062 1439 1122 1500 122
1146 1457 1214 1519 sqq.

418 1541 530 1622 Itaque
559 1541 624 1603 fieri
652 1540 767 1622 potuit,
798 1543 834 1603 ut
857 1540 1006 1605 Octavius
1034 1541 1143 1604 eodem
1174 1545 1327 1623 tempore,
1356 1560 1417 1621 quo
1440 1540 1553 1622 Apolo-

333 1647 480 1726 getioum,
504 1644 578 1726 quin
603 1644 698 1706 etiam
721 1646 831 1725 postea
852 1647 1099 1725 componeretur.
1136 1643 1274 1726 Longius
1291 1648 1397 1706 tamen
1413 1642 1552 1726 spatium

331 1748 531 1812 interiectum
558 1766 626 1810 esse
654 1746 736 1809 iuter
765 1749 933 1828 utrumque
962 1747 1079 1811 librom
1101 1747 1222 1810 editum
1245 1745 1328 1810 haud
1351 1751 1435 1828 puto.
1478 1746 1552 1808 Ter-

334 1851 487 1915 tullianus
510 1851 594 1914 enim
610 1849 693 1912 inter
707 1849 872 1930 scriptores
889 1849 1116 1913 ecclesiasticos
1132 1851 1222 1912 tanta
1236 1849 1342 1914 floruit
1357 1837 1554 1924 auctoritate,

333 1957 370 2018 ut
398 1953 522 2018 credere
550 1972 613 2016 non
635 1952 752 2035 possim
774 1952 963 2029 Minucium,
991 1953 1017 2015 si
1040 1952 1200 2034 aliquanto
1223 1955 1293 2034 post
1314 1951 1552 2035 apologeticum

332 2056 530 2138 divulgatum
554 2055 740 2138 scripsisset,
763 2055 847 2118 hunc
869 2055 985 2118 librum
1008 2055 1217 2119 clarissimum
1240 2057 1272 2118 et
1294 2055 1552 2118 inlustrissimum

332 2159 547 2222 adhibiturum
569 2177 630 2222 non
655 2157 759 2222 fuisse.
804 2158 870 2221 Neo
893 2177 964 2222 vero
987 2159 1214 2233 Tertullianus,
1238 2158 1360 2241 opinor,
1384 2157 1551 2222 Octauium

331 2263 363 2324 in
391 2281 457 2325 rem
481 2280 571 2324 suam
594 2281 655 2325 non
679 2262 894 2336 convertisset,
924 2263 949 2324 si
972 2261 1023 2324 bio
1046 2261 1171 2326 libellus
1194 2263 1353 2344 aliquanto
1376 2263 1447 2324 aute
1471 2263 1551 2342 Apo-

331 2365 500 2446 logetioum
523 2365 624 2429 editus
647 2367 737 2428 esset.
777 2363 861 2428 Nam
877 2365 974 2428 etiam
989 2364 1161 2429 Minucium
1177 2365 1356 2428 celebritate
1373 2382 1409 2427 ac
1424 2363 1550 2426 nomine

331 2469 535 2532 excellentem
558 2468 654 2532 fuisse
677 2487 714 2530 ex
736 2487 772 2531 eo
795 2468 872 2531 satis
896 2470 1041 2550 apparet,
1071 2468 1152 2549 quod
1176 2467 1392 2531 nobilissimus
1416 2467 1550 2548 quisque

331 2571 463 2654 scriptor
485 2570 715 2634 ecclesiasticus
741 2607 777 2616 —
802 2570 995 2653 Cyprianum
1019 2571 1086 2635 dioo
1110 2573 1142 2635 et
1163 2571 1365 2635 Lactantium
1388 2571 1420 2632 et
1441 2569 1551 2633 Hiero-

330 2677 497 2756 nymum1)
532 2709 571 2717 —
606 2673 707 2736 facere
739 2693 800 2737 non
836 2677 1020 2757 potuerunt,
1059 2675 1133 2756 quin
1170 2673 1335 2738 Octavium
1369 2672 1549 2754 expilarent.

331 2776 447 2840 Contra
468 2776 697 2840 Tertullianum
720 2777 889 2840 ellinuoio
912 2776 1047 2859 pendere
1072 2780 1127 2840 aut
1149 2777 1233 2840 huuc
1257 2795 1293 2839 ex
1315 2775 1368 2839 illo
1390 2775 1469 2838 nulli
1490 2775 1549 2838 loci

330 2882 406 2941 sunt
433 2878 628 2943 documento.
679 2880 825 2944 Fortasse
854 2880 950 2960 igitur
979 2879 1041 2942 duo
1071 2879 1116 2942 illi
1145 2880 1325 2963 apologetae
1353 2878 1463 2942 codem
1485 2877 1549 2941 fere

330 2983 469 3064 tempore
493 2982 700 3065 scripserunt,
723 2982 768 3046 ita
790 2985 826 3045 ut
849 2983 939 3046 alteri
962 2982 1092 3046 alterius
1115 2981 1195 3046 liber
1216 2984 1342 3064 ignotus
1366 2983 1458 3046 esset.

415 3301 568 3364 Videmur
595 3300 685 3364 nobis
709 3302 853 3366 docuisse
876 3303 1107 3367 Tertullianum
1131 3305 1163 3365 et
1185 3301 1360 3365 Minucium
1383 3317 1457 3362 usos
1480 3316 1549 3360 esse

330 3403 490 3487 deperdita
517 3403 698 3469 defensione
730 3405 870 3469 eiusdem
901 3404 1060 3488 scriptoris
1090 3405 1293 3468 ecclesiastici
1322 3402 1435 3466 Latini.
1478 3399 1548 3464 Iam

330 3526 400 3570 vero
424 3505 692 3572 considerantibus
715 3528 882 3573 numerum
906 3527 1013 3573 eorum
1036 3508 1184 3584 locorum,
1208 3509 1322 3590 quibus
1337 3505 1549 3571 Tertullianus

330 3630 403 3674 cum
427 3610 563 3674 Minucio
587 3609 745 3693 congruit,
768 3611 869 3675 multo
891 3611 1044 3676 minorem
1068 3629 1137 3675 esse
1161 3629 1257 3694 quam
1280 3629 1402 3685 eorum,
1433 3606 1549 3690 quibus

329 3713 447 3777 similes
470 3712 501 3775 in
526 3712 654 3778 Octavio
677 3713 806 3786 desunt,
829 3715 1059 3779 Tertullianum
1086 3715 1207 3777 scilicet
1228 3713 1419 3796 Apologetioi
1446 3710 1549 3793 capitu

330 3817 421 3892 3-6,
446 3816 495 3892 11,
521 3817 655 3892 18-21,
679 3818 819 3893 28-47,
847 3819 960 3899 quibus
988 3837 1060 3881 oum
1083 3818 1121 3882 de
1145 3818 1213 3881 aliis
1236 3818 1329 3880 rebus
1353 3815 1456 3898 agitur
1479 3817 1548 3877 tum

329 3919 366 3983 de
390 3919 500 3982 divinis
515 3919 637 3996 littoris
659 3920 776 3984 Christi
791 3939 933 4002 persona,
957 3921 1141 3985 criminibus
1155 3920 1217 3983 illis
1234 3919 1426 3984 Christianos
1442 3918 1548 3983 hostes

328 4021 450 4105 imperii
468 4021 600 4086 Romani
624 4041 660 4085 ac
684 4022 901 4087 calamitatum
924 4025 1120 4107 publicarum
1136 4027 1278 4087 auctores
1294 4041 1361 4086 esse
1378 4041 1395 4086 a
1410 4021 1548 4086 lllinueio

328 4123 468 4187 mutuari
491 4125 617 4189 omniuo
640 4145 703 4189 non
725 4127 880 4209 potuisse,
904 4132 1012 4191 utrum
1035 4127 1225 4210 probabilius
1247 4125 1372 4190 videtur
1393 4125 1547 4189 minorem

327 4231 451 4310 partem
473 4227 665 4310 Apologetici
688 4248 725 4292 er
746 4230 876 4294 Octavio
900 4230 1026 4294 [luxisse
1051 4250 1090 4293 an
1114 4229 1252 4292 indidem
1275 4229 1358 4292 unde
1373 4229 1547 4292 maiorem?

327 4329 557 4394 Tertullianum
581 4332 665 4395 onim
688 4351 727 4395 ue
749 4332 788 4395 iis
810 4332 937 4414 quidem
961 4333 1053 4408 lociS,
1083 4334 1197 4415 quibus
1220 4333 1338 4397 similes
1361 4332 1392 4394 iu
1417 4331 1547 4396 Octavio

328 4432 445 4496 frustra
480 4438 686 4516 quaeruntur,
722 4435 786 4498 suis
824 4435 921 4518 ipsius
955 4436 1073 4500 viribus
1104 4437 1211 4499 nixum
1246 4453 1314 4499 esse
1347 4435 1477 4518 apparet
1510 4453 1547 4497 en

327 4582 514 4589 ——--—
526 4584 537 4589 -

398 4660 417 4715 ¹)
446 4655 486 4708 lle
515 4655 630 4708 Firmico
660 4654 785 4712 Materno
811 4663 840 4711 et
866 4655 1031 4724 llierouymo
1055 4655 1164 4710 Minucii
1192 4656 1374 4710 imitatoribus
1401 4655 1454 4708 alio
1484 4654 1545 4709 loco

327 4743 478 4816 disputabo.
