3480 5230
762 395 803 458 59

677 483 888 496 *—

175 621 277 691 scribo
305 623 422 707 aliquid
452 623 491 690 ad
523 625 569 697 te3
599 641 701 706 neque
728 622 759 689 id
785 615 865 688 κατ’
894 616 1066 690 εἰδώλων
1092 617 1331 710 φαντασίας,
1358 625 1396 690 ut

173 730 282 797 dsunt
308 729 355 794 tui
387 729 479 796 amici
509 727 595 806 novi,
629 727 683 811 qui
708 729 823 813 putant
850 729 945 796 ctiam
972 718 1224 816 διανοητικὰς
1250 751 1395 816 φαντα-

172 830 265 914 σίας
287 835 418 920 spectris
443 834 584 901 Catianis
607 833 742 898 excitari.
778 833 861 898 Nem
883 852 923 897 ne
945 834 977 898 te
999 832 1109 915 fugiat,
1131 833 1240 900 Catius
1262 833 1396 899 Insuber

174 940 361 1023 Epicureus,
395 940 449 1022 qui
477 957 577 1020 nuper
604 940 653 1004 est
678 939 838 1013 mortuus,
870 955 950 1019 quae
977 936 1030 1001 ille
1059 936 1243 1019 Gargettius
1269 940 1302 1002 et
1329 937 1394 1002 iam

173 1045 246 1108 ante
276 1042 474 1108 Democritus
502 1035 635 1120 εἴδωλα,
667 1041 718 1106 hic
750 1042 872 1124 spectra
899 1040 1069 1105 nominat.“
1112 1040 1158 1104 Er
1179 1039 1218 1104 iis
1241 1057 1321 1123 quae
1344 1059 1395 1105 ex-

171 1146 262 1230 posui
285 1148 427 1230 spertum
450 1147 513 1220 est,
537 1145 611 1229 quid
635 1144 828 1226 significetur
849 1145 922 1221 ταῖς
944 1133 1014 1207 κατ’
1037 1136 1177 1206 εἰδώλων
1198 1137 1395 1226 φαντασίαις

173 1251 206 1314 et
229 1247 451 1334 διανοητικαίς
472 1243 679 1331 φαντασίαις.
717 1247 840 1329 Nempe
855 1242 1056 1331 διανοητικαί
1071 1241 1251 1329 φαντασίαι
1266 1247 1395 1312 eaedem

173 1355 262 1429 suut,
286 1371 365 1434 quas
388 1352 483 1417 Stoici
505 1345 563 1418 οὐκ
584 1346 750 1438 αἰσθητάς
772 1350 893 1427 dicunt,
914 1349 945 1414 id
968 1351 1017 1413 est
1038 1339 1109 1426 τὰς
1131 1338 1197 1412 διὰ
1218 1353 1287 1433 τῆς
1310 1347 1394 1414 dro-

172 1449 293 1532 νοίας,
322 1449 477 1539 καθάπερ
503 1446 563 1533 τοίς
591 1451 649 1518 ἐντί
672 1457 735 1518 τῶν
756 1444 939 1534 οίσωμιίτων
959 1448 1015 1516 καί
1038 1447 1097 1515 ἐπὶ
1118 1453 1185 1516 τῶν
1205 1441 1308 1516 ίίλλιον
1329 1454 1395 1516 τῶν

172 1553 257 1641 λόγῳ
280 1553 596 1639 ἐπιλαμβανομένων.
604 1559 627 1640 ¹)
671 1559 707 1623 Εἰ
730 1557 825 1638 igitur
849 1555 902 1637 qui
926 1574 945 1619 a
967 1554 1113 1621 Cicerone
1136 1553 1239 1638 (epist.
1260 1555 1319 1620 XV
1343 1557 1394 1636 19)

171 1662 324 1725 vocantur
352 1661 419 1738 „tui
446 1661 538 1726 amici
565 1663 654 1726 novi‘
682 1663 714 1726 et
741 1660 873 1726 Crassus
901 1659 982 1742 ipss,
1013 1659 1052 1724 ad
1081 1677 1175 1741 quem
1204 1658 1296 1722 datae
1319 1660 1395 1721 sunt

174 1764 249 1828 iliae
270 1765 406 1842 litterae,
429 1767 505 1829 sunt
525 1764 677 1847 Epicurei.
711 1763 824 1845 Itaque
840 1761 980 1846 suspicor
994 1755 1096 1839 ἐνίους
1110 1761 1192 1840 illos,
1216 1761 1269 1842 qui
1284 1777 1395 1826 secuu-

173 1867 249 1931 dmn
271 1868 431 1932 auctorem
452 1868 523 1931 libri
547 1863 624 1951 περὶ
646 1859 751 1947 ὕψους
772 1859 954 1951 φαντασίας
976 1865 1178 1948 appellabant
1199 1857 1394 1927 εἰδωλοποι-

173 1963 238 2047 ίας,
277 1969 417 2035 rhetores
459 1989 527 2036 esse
568 1969 793 2053 intellegendos
829 1968 1056 2052 Epicureorum
1094 1966 1266 2033 doctrinam
1302 1967 1394 2050 profi-

174 2073 288 2137 tentes.

263 2192 394 2257 Accedit
423 2193 522 2257 aliud:
556 2191 676 2259 Orestis
704 2193 897 2278 exemplum,
930 2212 992 2275 quo
1020 2179 1327 2273 Pseudo-Lonpiuus
1355 2213 1392 2254 ιτ.

172 2286 231 2378 dur.
253 2295 382 2372 e.15‚2
404 2298 436 2360 et
458 2297 477 2359 8
500 2297 610 2372 utitur,
633 2297 666 2360 et
688 2296 801 2361 Stoicis
823 2299 855 2361 et
869 2295 1030 2378 Epicureis
1052 2295 1091 2359 de
1115 2293 1225 2358 eadem
1247 2314 1281 2359 re
1297 2294 1394 2359 disse-

171 2398 315 2462 rentibus
338 2399 582 2480 usitatissimum
604 2399 727 2464 videtur
749 2399 855 2464 fuisse.
893 2399 1006 2464 Sextus
1022 2397 1106 2462 enirn
1122 2397 1297 2480 Empiricos
1312 2396 1393 2476 (cdv.

171 2500 270 2564 math.
293 2499 356 2564 VII
377 2501 469 2582 249),
499 2501 554 2565 ubi
582 2501 758 2566 Stoicorum
784 2495 967 2588 φαντασίας
993 2492 1241 2584 ἀκαταλήατους
1269 2499 1394 2580 exponit

171 2593 271 2682 (ἔνιαι
293 2593 364 2668 ἀπὸ
386 2595 586 2688 ὑπάρχοντος
607 2599 667 2684 μέν
682 2598 774 2683 εἰσιν,
800 2596 853 2668 σία
876 2594 955 2669 αὐτὸ
971 2599 1008 2667 δὲ
1022 2592 1060 2667 τί)
1073 2595 1218 2685 iosippus
1232 2593 1394 2665 ἰνδάλλον-

171 2727 226 2768 ται
248 2696 292 2784 ὥς
314 2701 372 2769 ἐστὶ
394 2706 449 2769 τοῦ
470 2701 646 2792 μεμηνότος
666 2699 839 2791 Ὀρέστου),
860 2725 984 2771 versum
1006 2706 1097 2770 illum
1119 2704 1321 2787 Euripideum
1344 2721 1395 2768 ex-

172 2807 258 2884 citat,
280 2808 334 2890 qui
355 2807 439 2873 idem
456 2804 531 2894 περὶ
553 2801 610 2892 λίψ.
628 2830 653 2874 o.
672 2811 720 2886 15,
736 2811 756 2874 8
772 2810 901 2892 legitur:
924 2805 1029 2891 μέθες
1049 2799 1102 2890 μί’
1126 2793 1207 2873 uiuo
1228 2807 1294 2870 τῶν
1310 2802 1394 2887 ἐμῶν

170 2899 359 2994 Ἐρινίιονβ)
403 2911 582 2994 Eodemque
612 2914 751 2996 exemplo
773 2914 874 2978 utitur
897 2913 1010 2977 Sextus
1032 2912 1099 2977 adv.
1121 2910 1219 2976 math.
1242 2905 1320 2973 vm
1343 2909 1393 2986 63,

170 3012 225 3076 ubi
247 3011 286 3077 de
307 3013 529 3096 Epicureorum
551 3014 691 3080 doctriua
712 3009 850 3080 εἰδώλων
872 3015 966 3080 verbs
988 3015 1099 3097 iacit.³)

258 3132 450 3198 Posteriores
473 3139 787 3217 progymnasmatum
809 3136 973 3220 scriptores
997 3135 1093 3201 aliam
1115 3134 1179 3199 vim
1193 3135 1227 3198 in
1241 3132 1392 3198 vocabulo

171 3228 391 3299 τίδωλοιτοιία
412 3235 515 3301 inesse
537 3238 720 3304 volucrunt:
745 3233 824 3305 ὅταν
844 3241 913 3320 τοῖς
934 3240 1093 3304 τεθνεῶσι
1115 3231 1228 3322 λόγους
1249 3229 1393 3320 περιώσ-

171 3358 287 3418 τωμεν.
336 3337 422 3402 Haee
450 3331 661 3405 cideriorrort'o
689 3342 848 3407 confertur
874 3362 947 3408 cum
976 3332 1237 3428 προσωποποιίφ
1260 3339 1292 3402 et
1312 3328 1393 3422 ἠθο-

173 3433 314 3526 ποιίφ.4)
839 3453 843 3461 ’

257 3558 353 3625 Porro
369 3562 478 3627 auctor
493 3560 564 3626 libri
577 3562 615 3627 de
638 3563 831 3629 sublimitate
851 3563 1000 3628 discernit
1016 3555 1199 3648 φαντασίας
1220 3555 1392 3646 αοιητικοίς

172 3664 205 3726 et
232 3659 410 3750 ῥητορικάς.
458 3664 527 3728 Illis
555 3661 637 3730 effici
663 3666 708 3730 ait
735 3659 903 3753 ἕκαληξινς
930 3667 1034 3732 neseio
1060 3665 1156 3746 igitur
1178 3683 1217 3728 err
1239 3664 1302 3729 huc
1328 3684 1391 3729 nou

171 3763 276 3847 inepte
294 3764 448 3831 referatur
471 3761 652 3852 ἐκπλήξεως
674 3768 822 3848 definitio,
846 3789 941 3852 quam
964 3767 1058 3834 Stoici
1075 3762 1394 3854 οισώοασλφόβονέξ

171 3857 353 3953 ἀσυνήθους
374 3864 558 3956 φαντασίας
579 3869 629 3934 vel
650 3865 753 3956 φόβον
776 3867 812 3936 ἐκ
831 3863 1013 3958 φαντασίας
1035 3862 1219 3953 ἀσυνήθους
1241 3864 1392 3956 ταράγμα-

241 4193 261 4256 ¹)
280 4193 359 4262 Diog.
377 4193 409 4251 1..
426 4193 485 4250 VII
501 4197 544 4253 51.

241 4280 265 4341 ¹)
282 4279 375 4349 Eurip.
395 4279 484 4337 Oreet.
501 4299 526 4336 ν.
545 4283 605 4338 264.

241 4365 265 4432 ⁸)
282 4364 315 4418 ci.
327 4365 401 4420 Sext.
414 4365 517 4434 Empir.
534 4367 598 4422 ibid.
618 4368 666 4436 673
684 4367 755 4423 Plut.
773 4367 808 4422 de
825 4367 896 4436 plac.
908 4367 1004 4437 philos.
1017 4365 1058 4421 IV
1072 4369 1105 4422 12
1118 4367 1165 4434 (-
1175 4365 1259 4433 Diels,
1273 4367 1388 4435 Doxogr.

171 4450 218 4504 Gr·
237 4465 264 4600 ii
281 4451 407 4598 dirior.
431 4536 462 4591 11
481 4555 506 4605 p.
527 4540 568 4603 15,
585 4539 616 4602 λς
634 4538 772 4609 Aphthon.
790 4536 822 4592 11
839 4555 864 4610 p.
883 4539 926 4607 44,
946 4540 991 4605 183
1011 4537 1101 4613 Polyb.
1120 4537 1199 4596 Sard.
1217 4536 1265 4590 111
1285 4554 1311 4613 p.
1327 4539 1389 4610 1085

172 4621 302 4681 Coeoudr.
320 4619 368 4679 111
387 4637 412 4694 p.
431 4625 480 4679 241
501 4623 546 4695 Sp.
