3568 5238
938 394 978 455 38

340 614 531 679 Plutarchus
553 617 619 696 (011.
643 614 730 680 0000.
754 633 780 679 0.
806 616 869 694 14),
892 635 971 698 0000
994 617 1074 681 ratio
1096 617 1179 681 inter
1201 615 1347 682 Clodium
1371 622 1403 683 et
1426 619 1571 685 Caesaris

341 737 471 782 uxorem
497 717 603 795 fuerit,
633 719 846 802 perstringens
873 719 966 783 illum
991 721 1023 782 iu
1048 718 1197 784 Cicerone
1220 720 1370 801 erigendo
1393 740 1413 786 a
1434 721 1570 786 Caesare

342 820 486 885 adiutum
508 841 574 888 esse
597 822 702 886 refert.

429 923 491 988 Sed
530 927 565 987 ut
603 924 658 987 illa
690 925 723 987 10
759 923 926 989 Caesarem
958 924 1141 1006 malignitas
1174 926 1207 988 10
1240 926 1387 990 omnibus
1421 931 1572 1010 appareat

344 1027 590 1091 narratiunculis
612 1026 681 1090 fieri
702 1046 765 1091 non
787 1029 907 1110 potest,
930 1026 1072 1090 velutin
1095 1028 1142 1100 iis,
1166 1046 1246 1109 quae
1269 1032 1454 1111 sequuntur.
1498 1028 1573 1092 Plu·

344 1129 474 1193 tarchus
498 1130 582 1193 enim
605 1128 868 1211 (0111110030)
892 1128 1037 1193 Clodium
1058 1128 1182 1211 legibus
1206 1132 1271 1195 suis
1292 1132 1457 1196 consulum
1476 1149 1574 1214 popu-

344 1231 429 1312 lique
452 1233 588 1312 gratiam
610 1233 670 1296 sihi
692 1231 857 1296 conciliare
881 1230 1040 1295 studuisse
1066 1233 1118 1314 (ol.
1141 1232 1276 1297 Dionem
1300 1234 1320 1296 l.
1343 1253 1370 1296 c.
1388 1235 1438 1308 13,
1456 1235 1487 1310 1)
1514 1251 1572 1298 nec

344 1333 451 1397 minus
475 1333 658 1398 Ciceronem
681 1353 700 1397 a
722 1333 829 1399 Clodio
852 1334 1102 1398 circumventum
1125 1339 1157 1398 et
1180 1335 1220 1398 ad
1243 1336 1478 1400 concedendum
1501 1336 1572 1400 dolo

344 1435 510 1499 inductum
531 1454 599 1500 esse
623 1435 676 1517 (cf.
696 1437 831 1500 Dionem
854 1436 874 1498 1.
896 1454 921 1498 0.
947 1437 997 1512 14,
1022 1435 1050 1519 3)
1074 1439 1219 1500 testatur.

430 1538 511 1601 Tum
536 1537 595 1602 Dio
618 1537 801 1604 Ciceronem
829 1539 933 1620 ipsum
959 1538 1047 1620 lege,
1076 1558 1141 1620 qua
1168 1541 1257 1604 exsul
1285 1540 1388 1605 lactus
1416 1545 1481 1615 est,
1509 1560 1571 1604 non

345 1641 471 1704 nomine
500 1641 694 1724 appellatum
723 1659 792 1705 esse
814 1659 948 1704 nameus
971 1640 1004 1724 (l.
1029 1660 1054 1705 c.
1079 1643 1163 1723 144)
1187 1645 1331 1725 congruit
1353 1663 1426 1706 curn
1448 1643 1570 1707 Velleio

222 1826 225 1830 Ι
343 1742 511 1807 Paterculo
533 1742 639 1819 (1145,
657 1746 685 1806 1.
702 1745 736 1825 2)
760 1745 792 1808 01
811 1741 980 1806 Plutarcho
996 1743 1062 1822 (011.
1079 1743 1142 1808 Cic.
1170 1765 1196 1809 c.
1220 1747 1283 1822 30),
1306 1746 1455 1828 quoniam
1476 1747 1572 1810 rerba

344 1838 425 1930 αὕτη
448 1835 508 1931 γὰρ
530 1832 567 1928 ἢν
589 1839 609 1929 ἡ
631 1841 808 1930 κατηγορία
830 1843 885 1907 καὶ
908 1841 967 1908 ἐπὶ
989 1837 1083 1909 τοῦθ’
1107 1840 1290 1932 tuamque
1312 1844 1469 1930 ἐκαλεῖτο,
1491 1865 1571 1930 0000

344 1947 536 2011 Plutarchus
560 1948 690 2012 orationi
715 1947 811 2021 addit,
835 1966 931 2028 quam
947 1947 1063 2013 Caesar
1078 1948 1227 2014 Cicerone
1250 1951 1395 2032 neglecto
1416 1952 1453 2015 de
1470 1951 1571 2016 Clodii

344 2050 414 2132 lege
437 2051 605 2126 habuerat,
634 2052 680 2114 ita
701 2051 827 2113 tantum
850 2049 990 2131 intellegi
1012 2055 1159 2133 possunt,
1191 2055 1228 2116 ut
1248 2053 1282 2116 in
1303 2052 1465 2117 Plutarchi
1487 2055 1572 2117 10010

345 2152 526 2217 Ciceronem
548 2172 611 2217 non
633 2153 830 2218 nominatum
852 2150 948 2215 luisse
971 2154 1158 2218 statuamus.
1188 2153 1305 2219 Contra
1322 2157 1462 2238 Appiano
1484 2156 1570 2232 (1.0.

344 2253 376 2318 ll
401 2256 452 2334 15)
476 2257 558 2319 10010
584 2256 634 2319 ler
658 2254 815 2320 Ciceronis
846 2273 961 2316 nomen
991 2254 1126 2318 dilucide
1155 2257 1347 2328 continebat
1381 2259 1439 2322 hoo
1461 2261 1570 2322 autem

344 2359 413 2422 loco
435 2358 614 2440 Appianum
637 2375 655 2421 a
676 2357 854 2420 narratione
870 2355 958 2429 Livii,
982 2375 1077 2438 quem
1092 2357 1232 2423 Ciceroni
1256 2360 1444 2424 benevolum
1465 2361 1566 2424 fuisse

345 2464 484 2534 constat,
512 2461 678 2524 recessisse
709 2463 848 2542 apparet,
888 2459 970 2540 0001
993 2458 1175 2524 Ciceronem
1204 2465 1290 2524 00010
1317 2465 1441 2526 0101010
1469 2467 1568 2544 01000

344 2563 439 2626 01010
466 2581 582 2644 angore
609 2563 782 2625 maximum
815 2561 949 2624 movisse
977 2561 1077 2625 risum
1104 2562 1205 2636 addit;
1235 2563 1267 2625 10
1291 2565 1349 2627 hoc
1372 2565 1451 2629 hene
1475 2565 1571 2638 cadit,

346 2664 428 2746 quod
455 2684 494 2727 ne
521 2664 580 2727 Dic
609 2664 738 2747 quidem
765 2663 888 2726 dehoc
916 2665 1046 2727 oratoris
1075 2666 1238 2746 opprobrio
1263 2666 1432 2748 quicquam
1460 2668 1569 2730 refert.

345 2767 462 2830 Eorum
491 2770 613 2841 autem,
643 2785 722 2848 0000
752 2765 834 2849 0001
859 2765 991 2829 Dionem
1014 2768 1046 2828 lu
1075 2767 1228 2849 capitibus
1263 2767 1312 2829 16.
1342 2767 1380 2830 ll
1410 2769 1571 2850 leguntur,

346 2868 499 2932 nonnulla
520 2867 709 2933 Plutarchus
738 2870 801 2944 (rit.
825 2868 888 2932 Cic.
905 2887 931 2930 e.
949 2868 1006 2940 31;
1030 2870 1083 2931 011.
1106 2867 1215 2951 Pomp.
1232 2888 1258 2933 c.
1275 2869 1328 2954 46)
1346 2876 1454 2934 narrat
1477 2877 1572 2952 atque

347 2971 422 3035 alibi
437 2971 505 3051 (vit.
529 2971 631 3035 Crass.
656 2989 682 3034 c.
700 2972 763 3050 13),
780 2970 934 3052 quomodo
950 2969 1082 3034 Crassus
1100 2972 1227 3053 eiusque
1240 2972 1323 3036 filius
1340 2975 1372 3035 in
1390 2973 1573 3038 Ciceronem

348 3093 381 3138 se
405 3074 567 3155 gesserint,
590 3074 634 3136 110
655 3073 759 3148 tradit,
781 3079 819 3136 ut
841 3071 868 3135 ei
892 3092 965 3135 eum
988 3073 1088 3136 Dione
1111 3075 1283 3138 conveniat.

434 3177 576 3258 Denique
605 3176 820 3260 0000111011.
844 3195 868 3238 c.
892 3176 943 3251 30,
968 3176 996 3237 1.
1021 3177 1054 3258 2)
1084 3175 1121 3238 10
1143 3174 1284 3257 Tigranis
1314 3177 1376 3242 lilio
1397 3196 1453 3261 per
1476 3177 1575 3242 Clodii

348 3279 478 3342 insidias
503 3299 540 3342 er
557 3278 698 3342 custodia
717 3279 870 3360 subrepto
881 3280 913 3340 01
928 3277 966 3340 10
981 3296 1087 3360 pugna
1099 3279 1138 3342 ob
1150 3279 1232 3342 hanc
1246 3297 1314 3343 rem
1325 3283 1394 3344 orta
1405 3281 1574 3344 memoriae

347 3381 459 3465 prodit,
483 3381 671 3445 confirmant
684 3381 841 3445 Asconius
864 3381 906 3462 (p.
929 3381 979 3457 41,
1002 3381 1139 3456 24-42,
1164 3382 1216 3461 13)
1239 3382 1306 3464 1000
1330 3385 1363 3446 01
1383 3381 1574 3446 Plutarchus

286 3519 289 3526 ·
348 3485 415 3563 (vit.
438 3483 547 3566 Pomp.
563 3502 589 3547 c.
605 3485 670 3562 48),
692 3485 746 3564 001
769 3483 897 3565 quidem
919 3501 988 3547 rem
1011 3483 1113 3564 magis
1137 3481 1304 3548 adumbrat
1327 3503 1422 3565 quam
1450 3487 1573 3558 narrat;

348 3586 403 3650 sed
438 3586 548 3649 horum
580 3586 675 3648 trium
703 3587 890 3670 scriptorum
918 3589 1072 3648 concentu
1101 3585 1152 3648 vix
1174 3586 1257 3649 ullus
1281 3586 1360 3650 allus
1383 3590 1492 3650 auctor
1513 3586 1575 3648 nisi

347 3688 453 3752 Liuius
475 3688 606 3752 indicari
628 3687 794 3768 01101001).

437 3789 559 3854 Horum
572 3809 652 3872 0000
671 3792 815 3872 congessi
833 3791 1048 3873 exemplorum
1063 3791 1184 3854 ratione
1199 3791 1308 3854 habita
1323 3790 1456 3854 Dionem
1478 3791 1575 3854 etiam

348 3893 381 3956 in
410 3892 510 3956 Clodii
542 3893 664 3974 legibus
698 3893 880 3957 enarrandis
908 3892 994 3956 Livio
1021 3911 1116 3956 usum
1144 3912 1211 3958 esse
1241 3893 1429 3958 contendere
1464 3893 1576 3970 ausim,

348 3996 532 4079 praesertim
557 4015 630 4060 curn
654 3996 737 4078 apud
753 3997 885 4060 Dionem
901 3996 1134 4077 Asconiumque
1158 3996 1237 4059 duae
1258 3997 1343 4078 leges
1367 3995 1412 4058 110
1428 3994 1575 4058 10101100

349 4101 381 4162 01
403 4101 571 4181 conceptae
595 4099 666 4174 sint,
690 4101 727 4161 ut
751 4098 831 4162 Livii
852 4099 959 4180 legum
983 4098 1220 4162 scribendarum
1243 4100 1396 4163 rationem
1412 4097 1460 4160 vel
1477 4097 1576 4180 primo

349 4204 480 4284 aspectu
503 4204 761 4283 agnoscamusll.

419 4411 439 4472 ¹)
459 4407 553 4461 Cicero
571 4407 621 4461 has
640 4423 681 4460 res
699 4405 820 4459 strictim
838 4411 1035 4458 commemorat
1053 4403 1088 4457 de
1105 4403 1179 4458 dom.
1197 4405 1240 4470 21,
1257 4405 1303 4468 66;
1322 4403 1358 4458 01
1372 4404 1431 4458 Aer.
1449 4401 1497 4456 ΙΙΙ
1513 4405 1540 4467 8,
1551 4404 1576 4456 3.

351 4489 507 4546 Scholiasta
525 4493 668 4547 Bobiensis
692 4509 719 4562 p.
737 4492 797 4558 284,
816 4491 902 4545 6-16
925 4490 960 4544 ad
978 4490 1132 4543 Asconlum
1152 4490 1235 4544 redit:
1258 4491 1293 4543 ef.
1311 4487 1576 4559 Kicssliug·Schoell

352 4576 440 4647 prael.
461 4595 488 4647 p.
507 4578 566 4633 XX
584 4595 611 4632 n.
631 4582 654 4632 1.

422 4665 443 4732 2)
457 4664 597 4718 Nimirum
609 4664 737 4729 Dionem,
755 4663 859 4735 quippe
868 4663 915 4733 qui
925 4662 1079 4717 litterarum
1090 4661 1227 4715 maximae
1236 4659 1319 4715 luerit
1326 4675 1431 4730 guarus
1440 4666 1523 4730 atque
1534 4675 1575 4712 res

355 4765 388 4803 ve
421 4765 436 4801 e
455 4749 644 4820 compluribus
666 4749 788 4804 fontibus
813 4749 956 4803 arcessitae
979 4749 1047 4802 scite
1068 4755 1208 4803 conectere
1231 4745 1339 4800 sciverit
1373 4745 1420 4814 (cf.
1440 4745 1471 4800 C.
1489 4743 1576 4810 Peter,
