3568 5238
796 451 836 512 53

715 538 921 546 -——.—-d-

209 677 378 741 Gabinium
389 673 801 755 arbitrabatur3sedpost-

209 799 316 860 quam
346 779 435 841 liet
460 775 517 839 Vll
545 776 669 840 tribus
698 793 801 856 roga-

208 884 349 946 tionem
384 882 618 962 aeceperunt
655 883 691 941 et
728 895 800 941 una

207 985 314 1048 modo
336 986 554 1066 supererat,
582 988 649 1054 cot>
671 980 799 1062 populi

207 1090 359 1150 iussum
390 1085 611 1158 conficeret,
649 1083 800 1146 remisit

207 1189 527 1253 intercessionem
574 1174 823 1268 Trebellius}

292 1359 360 1424 lam
383 1379 470 1434 vero,
503 1377 574 1421 curn
598 1358 629 1420 in
652 1356 761 1420 Dionis
784 1357 856 1420 libri
878 1355 1011 1420 xulvl
1035 1376 1102 1440 cap.
1128 1357 1230 1420 1-37
1255 1361 1321 1420 tam
1346 1359 1431 1421 certa

209 1463 354 1527 Sallustii
384 1463 842 1542 vestigiaeompareant1),ut
872 1479 944 1524 eum
972 1459 1066 1522 buius
1098 1460 1195 1542 partis
1229 1459 1431 1541 praecipuum

209 1572 367 1630 auctorem
390 1565 485 1628 tuisse
509 1562 711 1626 statuendum
738 1563 787 1637 sit,
819 1563 915 1626 etiam
936 1562 975 1624 iis
1004 1561 1080 1624 locis
1107 1580 1180 1624 oum
1204 1561 1336 1626 Asconio
1360 1580 1431 1624 oon·

208 1671 304 1750 graie,
327 1670 380 1750 qui
402 1668 494 1750 paulo
517 1668 793 1748 postsequuntur,
818 1664 954 1728 eundem
971 1663 1091 1727 fontem
1116 1665 1245 1728 subesse
1262 1665 1429 1728 contende-

208 1776 282 1835 runt
305 1770 507 1834 Wilmansius
524 1769 557 1848 (l.
575 1787 600 1832 c.
619 1787 647 1850 p.
664 1767 700 1829 ll
715 1777 775 1848 sq.)
805 1774 837 1830 et
852 1765 1098 1841 Grasshofiusu.
1124 1767 1217 1848 Fugit
1240 1771 1347 1830 tamen
1373 1767 1429 1830 hos

208 1876 287 1938 viros
313 1873 430 1937 doctos.
454 1875 643 1953 quantopere
671 1870 858 1933 narrationis
886 1869 1080 1932 Asconianae
1108 1868 1228 1932 indoles
1259 1889 1333 1933 oum
1357 1868 1431 1932 alibi

209 1976 436 2040 Sallustianum
459 1974 610 2038 iudicium
634 1973 736 2055 sapiat
758 1976 827 2035 tum
850 1973 880 2034 in
899 1975 1084 2052 argumento
1101 1971 1304 2036 Cornelianee
1321 1971 1432 2034 oratio-

208 2081 267 2151 nis,
292 2081 346 2142 ubi
368 2078 536 2142 scholiasta
551 2075 687 2140 Cornelii
711 2093 823 2138 oarrsae
846 2073 950 2137 favere
974 2093 1006 2137 se
1032 2074 1159 2148 indicat,
1184 2078 1292 2137 contra
1309 2074 1431 2136 senatui

209 2188 240 2244 et
262 2183 385 2245 omuino
409 2180 565 2244 nobilibus
588 2177 757 2242 admodum
786 2175 899 2239 infeste
929 2195 962 2240 se
986 2179 1081 2258 gerit,
1117 2196 1251 2258 quorum
1274 2175 1430 2258 potentiae

208 2283 410 2366 cupiditatem
439 2301 475 2345 ac
501 2281 660 2344 licentiam
693 2299 756 2343 non
792 2279 858 2342 sine
893 2280 1054 2362 voluptate
1086 2279 1222 2361 quadam
1250 2278 1368 2358 detegit
1400 2280 1432 2340 et

208 2385 340 2449 Cornelii
363 2385 485 2466 legibus
508 2383 707 2448 imminutam
730 2386 762 2446 et
784 2399 960 2463 repressam
983 2401 1052 2445 esse
1076 2382 1179 2446 tradit.

295 2487 435 2569 Denique
459 2487 540 2568 quod
564 2487 791 2550 commentator
813 2483 858 2566 (p.
879 2483 933 2560 67,
961 2484 1099 2565 12--17)
1129 2483 1162 2548 C.
1177 2483 1334 2559 Pisonem,
1358 2501 1430 2546 oum

207 2591 307 2672 legem
338 2591 375 2653 de
400 2590 522 2652 ambitu
549 2588 645 2653 ferret
676 2591 707 2650 et
741 2591 867 2670 propter
893 2585 1130 2650 multitudinem
1159 2585 1342 2660 divisorum,
1379 2585 1431 2666 qui

205 2712 260 2774 per
283 2695 346 2756 vim
368 2693 616 2766 adversarentur,
641 2689 736 2753 eforo
760 2689 876 2752 eiectus
899 2697 997 2762 esset,
1021 2691 1137 2753 maiore
1160 2707 1257 2752 manu
1280 2687 1432 2769 stipatum

207 2795 246 2856 ad
262 2796 364 2876 legen]
382 2794 598 2876 perferendam
615 2791 811 2856 descendisse
828 2791 982 2873 perhibet,
1006 2791 1038 2854 id
1063 2791 1146 2855 haud
1171 2792 1235 2854 scio
1259 2809 1298 2853 an
1322 2791 1430 2854 eodem

209 2897 273 2959 iure
299 2896 449 2960 Sallustio
472 2897 607 2961 tribuere
631 2894 797 2978 possimus.

293 3099 353 3163 Sed
376 3101 544 3163 Asconium
567 3119 628 3162 non
652 3101 755 3162 solum
779 3097 923 3162 historias
948 3098 1101 3174 Sallustii,
1137 3099 1365 3162 verumetiam
1389 3098 1431 3161 de

206 3203 473 3266 coniuratione
495 3203 729 3268 Catilinaria
751 3201 866 3263 librum
890 3201 1004 3265 adiisse
1028 3201 1150 3264 collatis
1172 3201 1221 3276 iis,
1246 3219 1326 3281 quae
1348 3200 1430 3283 apud

205 3309 374 3369 rtsconiurn
397 3327 426 3388 p.
443 3308 494 3380 82,
519 3307 654 3380 28-83,
678 3305 697 3366 6
721 3310 751 3367 et
772 3303 959 3366 Sallustium
990 3304 1094 3386 (Cutil.
1119 3305 1167 3365 18.
1195 3305 1249 3386 19)
1274 3303 1431 3384 leguntur,

206 3409 410 3472 demonstrari
435 3413 550 3490 potest:

409 3552 477 3608 Asc.
501 3547 522 3608 l.
546 3565 589 3608 c:
815 3581 816 3603 i
1026 3544 1100 3608 Sall.
1125 3544 1145 3606 l.
1169 3547 1240 3622 o.³):

290 3666 377 3728 Fuit
407 3666 503 3728 enim
539 3666 666 3748 opinio
694 3665 794 3730 Cati·
924 3662 1016 3726 Cum
1062 3665 1131 3727 hoo
1170 3663 1248 3744 (scil.
1284 3667 1344 3727 Cn.
1375 3663 1432 3726 Pi·

205 3767 319 3830 linam
349 3773 385 3832 et
408 3773 469 3834 Cn.
492 3769 685 3842 Pisonem,
718 3768 793 3831 adu·
839 3769 946 3846 sone)
982 3765 1156 3830 Catilina
1193 3769 1224 3829 et
1259 3766 1431 3829 Autronius

206 3870 792 3954 lescentemperditum,coniurasse
814 3920 816 3949 ,
838 3867 961 3931 circiter
995 3887 1093 3932 nonas
1139 3869 1320 3933 Decembris
1360 3887 1432 3931 eou-

205 3972 247 4035 ad
277 3974 432 4037 eaedem
461 3977 620 4038 senatus
656 3974 793 4036 facien·
814 3956 817 4059 Ι
839 3970 907 4034 silio
930 3972 1163 4036 communicato
1186 3972 1373 4054 parabant
1396 3971 1428 4033 in

205 4075 287 4138 darn
323 4081 395 4139 ante
430 4096 549 4139 annum
584 4095 679 4157 quam
714 4077 792 4139 baec
815 4112 817 4121 =
839 4073 990 4158 Capitolio
1024 4075 1166 4138 kalendis
1206 4075 1360 4139 Ianuariis
1396 4073 1429 4136 L.

205 4177 287 4240 diota
305 4179 486 4254 sunt,Cotta
497 4180 690 4259 etTorquato
703 4197 791 4249 coss..
815 4174 817 4245 l
839 4177 963 4242 Cottam
997 4183 1028 4240 et
1059 4179 1093 4241 L.
1121 4179 1315 4260 Torquatum
1347 4196 1431 4241 oon-

204 4299 359 4362 eamque
400 4283 556 4345 caedem
597 4281 681 4344 ideo
721 4266 944 4344 nonisules
968 4280 1208 4353 interficere,
1243 4282 1301 4362 ipsi
1339 4279 1429 4342 fasci-

204 4401 286 4446 esse
325 4384 491 4458 factam,
544 4386 640 4466 quod
684 4383 898 4465 prius¹bus
920 4383 1069 4464 coneptis
1092 4382 1237 4446 Pisonem
1259 4401 1331 4446 eum
1348 4401 1433 4444 exer·

273 4625 293 4679 *l
314 4621 331 4674 l.
350 4639 371 4676 c.
392 4639 417 4692 p.
435 4625 452 4676 o
470 4639 524 4690 sq.;
545 4627 683 4690 praeterea
701 4621 735 4674 cf.
756 4621 793 4673 ll.
813 4619 913 4691 Haupt
931 4619 1067 4689 Philolog.
1091 4619 1159 4673 XLl
1179 4638 1205 4690 p.
1226 4615 1278 4673 143'
1293 4637 1351 4689 sqq.

271 4712 291 4774 ⁸)
316 4707 387 4761 L'tor
405 4707 525 4762 editione
543 4705 578 4760 ab
599 4707 720 4760 Henrico
739 4705 842 4760 Iordan
861 4707 993 4774 (Berolini
1014 4709 1092 4761 1887)
1113 4713 1217 4776 parata.
