<?xml version="1.0" encoding="UTF-8"?>
<!DOCTYPE html PUBLIC "-//W3C//DTD XHTML 1.0 Transitional//EN"
    "http://www.w3.org/TR/xhtml1/DTD/xhtml1-transitional.dtd">
<html xmlns="http://www.w3.org/1999/xhtml" xml:lang="en" lang="en">
 <head>
  <title>
</title>
<meta http-equiv="Content-Type" content="text/html;charset=utf-8" />
  <meta name='ocr-system' content='tesseract 3.04.00' />
  <meta name='ocr-capabilities' content='ocr_page ocr_carea ocr_par ocr_line ocrx_word'/>
</head>
<body>
  <div class='ocr_page' id='page_1' title='image "./destoicorumstud00strigoog_0253.png"; bbox 0 0 3634 5240; ppageno 0'>
   <div class='ocr_carea' id='block_1_1' title="bbox 940 347 981 409">
    <p class='ocr_par' dir='ltr' id='par_1_1' title="bbox 940 347 981 409">
     <span class='ocr_line' id='line_1_1' title="bbox 940 347 981 409; baseline 0 0"><span class='ocrx_word' id='word_1_1' title='bbox 940 347 981 409; x_wconf 83' lang='lat'><strong><em>64</em></strong></span> 
     </span>
    </p>
   </div>
   <div class='ocr_carea' id='block_1_2' title="bbox 345 555 1656 4170">
    <p class='ocr_par' dir='ltr' id='par_1_2' title="bbox 345 555 1656 863">
     <span class='ocr_line' id='line_1_2' title="bbox 346 555 1656 656; baseline -0.003 -22"><span class='ocrx_word' id='word_1_2' title='bbox 346 564 474 656; x_wconf 75' lang='grc' dir='ltr'><em>λέγοιτο</em></span> <span class='ocrx_word' id='word_1_3' title='bbox 503 561 532 635; x_wconf 76' lang='grc' dir='ltr'><strong><em>δ’</em></strong></span> <span class='ocrx_word' id='word_1_4' title='bbox 565 561 607 635; x_wconf 79' lang='grc' dir='ltr'><strong><em>δν</em></strong></span> <span class='ocrx_word' id='word_1_5' title='bbox 632 563 715 648; x_wconf 72' lang='grc' dir='ltr'><strong><em>ἴσως</em></strong></span> <span class='ocrx_word' id='word_1_6' title='bbox 745 560 815 635; x_wconf 74' lang='grc' dir='ltr'><strong><em>κατ’</em></strong></span> <span class='ocrx_word' id='word_1_7' title='bbox 846 564 996 635; x_wconf 71' lang='grc' dir='ltr'><strong><em>ἐνόπλιον</em></strong></span> <span class='ocrx_word' id='word_1_8' title='bbox 1027 559 1084 633; x_wconf 80' lang='grc' dir='ltr'><strong><em>διὰ</em></strong></span> <span class='ocrx_word' id='word_1_9' title='bbox 1113 563 1152 633; x_wconf 90' lang='grc' dir='ltr'><strong><em>τδ</em></strong></span> <span class='ocrx_word' id='word_1_10' title='bbox 1180 564 1324 654; x_wconf 75' lang='grc' dir='ltr'><strong><em>πρέπειν</em></strong></span> <span class='ocrx_word' id='word_1_11' title='bbox 1353 563 1413 650; x_wconf 85' lang='grc' dir='ltr'><strong><em>μέν</em></strong></span> <span class='ocrx_word' id='word_1_12' title='bbox 1444 555 1570 652; x_wconf 80' lang='grc' dir='ltr'><strong><em>ῥυθμὸν</em></strong></span> <span class='ocrx_word' id='word_1_13' title='bbox 1648 563 1656 574; x_wconf 79' lang='grc'>’</span> 
     </span>
     <span class='ocr_line' id='line_1_3' title="bbox 345 663 1570 755; baseline -0.004 -18"><span class='ocrx_word' id='word_1_14' title='bbox 345 676 492 740; x_wconf 86' lang='grc' dir='ltr'><strong><em>τοιοῖτον</em></strong></span> <span class='ocrx_word' id='word_1_15' title='bbox 515 671 570 739; x_wconf 83' lang='grc' dir='ltr'><strong><em>καὶ</em></strong></span> <span class='ocrx_word' id='word_1_16' title='bbox 597 677 668 753; x_wconf 86' lang='grc' dir='ltr'><strong><em>τοῖς</em></strong></span> <span class='ocrx_word' id='word_1_17' title='bbox 695 667 806 751; x_wconf 71' lang='grc' dir='ltr'><strong><em>ἄλλοις</em></strong></span> <span class='ocrx_word' id='word_1_18' title='bbox 831 669 1032 755; x_wconf 78' lang='grc' dir='ltr'><strong><em>κινουμένοις</em></strong></span> <span class='ocrx_word' id='word_1_19' title='bbox 1052 663 1135 755; x_wconf 86' lang='grc' dir='ltr'><strong><em>μετὰ</em></strong></span> <span class='ocrx_word' id='word_1_20' title='bbox 1162 665 1349 751; x_wconf 78' lang='grc' dir='ltr'><strong><em>συντονίας,</em></strong></span> <span class='ocrx_word' id='word_1_21' title='bbox 1385 663 1444 733; x_wconf 85' lang='grc' dir='ltr'><strong><em>ἐπί</em></strong></span> <span class='ocrx_word' id='word_1_22' title='bbox 1471 665 1570 733; x_wconf 85' lang='grc' dir='ltr'><strong><em>πλέον</em></strong></span> 
     </span>
     <span class='ocr_line' id='line_1_4' title="bbox 348 767 1478 863; baseline -0.004 -23"><span class='ocrx_word' id='word_1_23' title='bbox 348 773 386 841; x_wconf 90' lang='grc' dir='ltr'><strong><em>δέ</em></strong></span> <span class='ocrx_word' id='word_1_24' title='bbox 408 779 477 856; x_wconf 91' lang='grc' dir='ltr'><strong><em>τοῖς</em></strong></span> <span class='ocrx_word' id='word_1_25' title='bbox 498 768 576 860; x_wconf 66' lang='grc' dir='ltr'><strong><em>μεθ’</em></strong></span> <span class='ocrx_word' id='word_1_26' title='bbox 599 770 712 842; x_wconf 87' lang='grc' dir='ltr'><strong><em>ὅπλων</em></strong></span> <span class='ocrx_word' id='word_1_27' title='bbox 737 778 861 860; x_wconf 82' lang='grc' dir='ltr'><strong><em>σεμνῶς</em></strong></span> <span class='ocrx_word' id='word_1_28' title='bbox 884 773 1013 862; x_wconf 81' lang='grc' dir='ltr'><strong><em>πηδῶσι</em></strong></span> <span class='ocrx_word' id='word_1_29' title='bbox 1037 773 1092 840; x_wconf 84' lang='grc' dir='ltr'><strong><em>καί</em></strong></span> <span class='ocrx_word' id='word_1_30' title='bbox 1114 777 1218 861; x_wconf 74' lang='grc' dir='ltr'><strong><em>κοῦφα</em></strong></span> <span class='ocrx_word' id='word_1_31' title='bbox 1241 767 1478 863; x_wconf 87' lang='grc' dir='ltr'><strong><em>πυρριχίζουσι.</em></strong></span> 
     </span>
    </p>

    <p class='ocr_par' dir='ltr' id='par_1_3' title="bbox 347 872 1578 4068">
     <span class='ocr_line' id='line_1_5' title="bbox 433 872 1571 966; baseline -0.004 -22"><span class='ocrx_word' id='word_1_32' title='bbox 433 881 511 946; x_wconf 82' lang='lat' dir='ltr'>Aliis</span> <span class='ocrx_word' id='word_1_33' title='bbox 534 883 641 946; x_wconf 92' lang='lat' dir='ltr'>tamen</span> <span class='ocrx_word' id='word_1_34' title='bbox 663 881 739 946; x_wconf 84' lang='lat' dir='ltr'>locis</span> <span class='ocrx_word' id='word_1_35' title='bbox 755 879 920 945; x_wconf 84' lang='lat' dir='ltr'>Eustathio</span> <span class='ocrx_word' id='word_1_36' title='bbox 944 877 1060 962; x_wconf 75' lang='lat' dir='ltr'>dactyli</span> <span class='ocrx_word' id='word_1_37' title='bbox 1083 878 1159 944; x_wconf 90' lang='lat' dir='ltr'>adeo</span> <span class='ocrx_word' id='word_1_38' title='bbox 1181 897 1244 944; x_wconf 91' lang='lat' dir='ltr'><strong><em>non</em></strong></span> <span class='ocrx_word' id='word_1_39' title='bbox 1264 872 1442 966; x_wconf 83' lang='grc' dir='ltr'><strong><em>πηδητικοί</em></strong></span> <span class='ocrx_word' id='word_1_40' title='bbox 1462 877 1571 943; x_wconf 85' lang='lat' dir='ltr'>viden·</span> 
     </span>
     <span class='ocr_line' id='line_1_6' title="bbox 348 982 1571 1068; baseline -0.003 -20"><span class='ocrx_word' id='word_1_41' title='bbox 348 986 408 1062; x_wconf 90' lang='lat' dir='ltr'>tur,</span> <span class='ocrx_word' id='word_1_42' title='bbox 437 987 474 1050; x_wconf 92' lang='lat' dir='ltr'><strong><em>ut</em></strong></span> <span class='ocrx_word' id='word_1_43' title='bbox 496 984 591 1050; x_wconf 89' lang='lat' dir='ltr'>etiam</span> <span class='ocrx_word' id='word_1_44' title='bbox 615 984 777 1068; x_wconf 78' lang='lat' dir='ltr'>praestent</span> <span class='ocrx_word' id='word_1_45' title='bbox 800 983 952 1064; x_wconf 85' lang='lat' dir='ltr'>dignitate</span> <span class='ocrx_word' id='word_1_46' title='bbox 974 982 1116 1047; x_wconf 87' lang='lat' dir='ltr'>versibus</span> <span class='ocrx_word' id='word_1_47' title='bbox 1144 1001 1260 1047; x_wconf 52' lang='lat' dir='ltr'><strong><em>omnes⁴</em></strong></span> <span class='ocrx_word' id='word_1_48' title='bbox 1276 983 1327 1048; x_wconf 82' lang='lat' dir='ltr'>vel</span> <span class='ocrx_word' id='word_1_49' title='bbox 1349 982 1456 1066; x_wconf 91' lang='lat' dir='ltr'>plures</span> <span class='ocrx_word' id='word_1_50' title='bbox 1479 999 1571 1064; x_wconf 87' lang='lat' dir='ltr'>spon·</span> 
     </span>
     <span class='ocr_line' id='line_1_7' title="bbox 348 1078 1570 1173; baseline -0.003 -22"><span class='ocrx_word' id='word_1_51' title='bbox 348 1088 421 1152; x_wconf 89' lang='lat' dir='ltr'>deos</span> <span class='ocrx_word' id='word_1_52' title='bbox 445 1088 780 1173; x_wconf 80' lang='lat' dir='ltr'>comprehendentibus</span> <span class='ocrx_word' id='word_1_53' title='bbox 803 1079 833 1149; x_wconf 79' lang='lat' dir='ltr'><strong><em>ci</em></strong></span> <span class='ocrx_word' id='word_1_54' title='bbox 857 1078 1075 1164; x_wconf 86' lang='grc' dir='ltr'><strong><em>ὁλοδάκτυλοι,</em></strong></span> <span class='ocrx_word' id='word_1_55' title='bbox 1099 1086 1213 1168; x_wconf 93' lang='lat' dir='ltr'>quippe</span> <span class='ocrx_word' id='word_1_56' title='bbox 1237 1104 1370 1168; x_wconf 90' lang='lat' dir='ltr'>qnorum</span> <span class='ocrx_word' id='word_1_57' title='bbox 1385 1083 1570 1167; x_wconf 86' lang='lat' dir='ltr'>magnitudo</span> 
     </span>
     <span class='ocr_line' id='line_1_8' title="bbox 347 1176 1569 1277; baseline -0.005 -21"><span class='ocrx_word' id='word_1_58' title='bbox 347 1210 414 1256; x_wconf 91' lang='lat' dir='ltr'>rem</span> <span class='ocrx_word' id='word_1_59' title='bbox 438 1191 576 1275; x_wconf 87' lang='lat' dir='ltr'>aliquam</span> <span class='ocrx_word' id='word_1_60' title='bbox 598 1209 748 1275; x_wconf 84' lang='lat' dir='ltr'>magnam</span> <span class='ocrx_word' id='word_1_61' title='bbox 770 1190 885 1277; x_wconf 83' lang='lat' dir='ltr'>imitari</span> <span class='ocrx_word' id='word_1_62' title='bbox 907 1189 1064 1254; x_wconf 82' lang='lat' dir='ltr'>uideatur:</span> <span class='ocrx_word' id='word_1_63' title='bbox 1098 1188 1168 1253; x_wconf 85' lang='lat' dir='ltr'>vide</span> <span class='ocrx_word' id='word_1_64' title='bbox 1191 1209 1221 1272; x_wconf 92' lang='lat' dir='ltr'><strong><em>p.</em></strong></span> <span class='ocrx_word' id='word_1_65' title='bbox 1247 1189 1340 1267; x_wconf 87' lang='grc'>1086,</span> <span class='ocrx_word' id='word_1_66' title='bbox 1364 1190 1399 1252; x_wconf 83' lang='lat'><strong><em>9:</em></strong></span> <span class='ocrx_word' id='word_1_67' title='bbox 1429 1176 1479 1266; x_wconf 82' lang='grc' dir='ltr'><strong><em>οἷς</em></strong></span> <span class='ocrx_word' id='word_1_68' title='bbox 1512 1186 1569 1269; x_wconf 91' lang='lat' dir='ltr'>(so.</span> 
     </span>
     <span class='ocr_line' id='line_1_9' title="bbox 347 1283 1568 1379; baseline -0.005 -19"><span class='ocrx_word' id='word_1_69' title='bbox 347 1295 489 1361; x_wconf 86' lang='lat' dir='ltr'>versibus</span> <span class='ocrx_word' id='word_1_70' title='bbox 513 1299 551 1359; x_wconf 91' lang='grc' dir='ltr'><strong>Π</strong></span> <span class='ocrx_word' id='word_1_71' title='bbox 571 1295 751 1377; x_wconf 89' lang='grc'><strong><em>772-774)</em></strong></span> <span class='ocrx_word' id='word_1_72' title='bbox 779 1287 895 1378; x_wconf 86' lang='grc' dir='ltr'><strong><em>ἐπάγει</em></strong></span> <span class='ocrx_word' id='word_1_73' title='bbox 920 1285 937 1358; x_wconf 84' lang='grc' dir='ltr'><em>ὃ</em></span> <span class='ocrx_word' id='word_1_74' title='bbox 961 1287 1100 1379; x_wconf 74' lang='grc' dir='ltr'><strong><em>ποιητὴς</em></strong></span> <span class='ocrx_word' id='word_1_75' title='bbox 1121 1286 1217 1376; x_wconf 93' lang='grc' dir='ltr'><strong><em>λόγον</em></strong></span> <span class='ocrx_word' id='word_1_76' title='bbox 1246 1283 1348 1378; x_wconf 79' lang='grc' dir='ltr'><strong><em>ἠρέμα</em></strong></span> <span class='ocrx_word' id='word_1_77' title='bbox 1370 1284 1568 1377; x_wconf 67' lang='grc' dir='ltr'><strong><em>παθητικόν,</em></strong></span> 
     </span>
     <span class='ocr_line' id='line_1_10' title="bbox 348 1388 1571 1486; baseline -0.002 -24"><span class='ocrx_word' id='word_1_78' title='bbox 348 1388 388 1464; x_wconf 82' lang='grc' dir='ltr'><strong><em>τὸ</em></strong></span> <span class='ocrx_word' id='word_1_79' title='bbox 410 1391 451 1478; x_wconf 78' lang='lat' dir='ltr'><strong><em>„d</em></strong></span> <span class='ocrx_word' id='word_1_80' title='bbox 478 1395 515 1462; x_wconf 87' lang='grc' dir='ltr'><strong><em>δέ</em></strong></span> <span class='ocrx_word' id='word_1_81' title='bbox 539 1393 750 1486; x_wconf 78' lang='grc' dir='ltr'><strong><em>στροφάλιγγι</em></strong></span> <span class='ocrx_word' id='word_1_82' title='bbox 777 1392 886 1483; x_wconf 86' lang='grc' dir='ltr'><strong><em>κονίης</em></strong></span> <span class='ocrx_word' id='word_1_83' title='bbox 908 1398 994 1461; x_wconf 86' lang='grc' dir='ltr'><strong><em>κεῖτο</em></strong></span> <span class='ocrx_word' id='word_1_84' title='bbox 1020 1392 1122 1481; x_wconf 90' lang='grc' dir='ltr'><strong><em>μέγας</em></strong></span> <span class='ocrx_word' id='word_1_85' title='bbox 1143 1389 1342 1480; x_wconf 89' lang='grc' dir='ltr'><strong><em>μεγαλωστί,</em></strong></span> <span class='ocrx_word' id='word_1_86' title='bbox 1376 1390 1571 1477; x_wconf 77' lang='grc' dir='ltr'><strong><em>λελασμένος</em></strong></span> 
     </span>
     <span class='ocr_line' id='line_1_11' title="bbox 350 1490 1571 1588; baseline -0.005 -22"><span class='ocrx_word' id='word_1_87' title='bbox 350 1495 586 1567; x_wconf 76' lang='grc' dir='ltr'><strong><em>λπποσυνάων“</em></strong></span> <span class='ocrx_word' id='word_1_88' title='bbox 609 1506 658 1581; x_wconf 86' lang='grc' dir='ltr'><strong><em>(Π</em></strong></span> <span class='ocrx_word' id='word_1_89' title='bbox 678 1503 739 1564; x_wconf 92' lang='grc'><strong><em>775</em></strong></span> <span class='ocrx_word' id='word_1_90' title='bbox 752 1501 822 1585; x_wconf 91' lang='lat' dir='ltr'>sq.).</span> <span class='ocrx_word' id='word_1_91' title='bbox 845 1497 899 1565; x_wconf 84' lang='grc' dir='ltr'><strong><em>καί</em></strong></span> <span class='ocrx_word' id='word_1_92' title='bbox 924 1493 983 1588; x_wconf 82' lang='grc' dir='ltr'><strong><em>ὅρα</em></strong></span> <span class='ocrx_word' id='word_1_93' title='bbox 1005 1491 1043 1564; x_wconf 85' lang='grc' dir='ltr'><strong><em>τὸ</em></strong></span> <span class='ocrx_word' id='word_1_94' title='bbox 1065 1501 1121 1564; x_wconf 77' lang='grc' dir='ltr'><strong><em>τοῖν</em></strong></span> <span class='ocrx_word' id='word_1_95' title='bbox 1145 1494 1257 1580; x_wconf 88' lang='grc' dir='ltr'><strong><em>στίχου</em></strong></span> <span class='ocrx_word' id='word_1_96' title='bbox 1278 1494 1389 1563; x_wconf 79' lang='grc' dir='ltr'><strong><em>τούτου</em></strong></span> <span class='ocrx_word' id='word_1_97' title='bbox 1411 1490 1571 1563; x_wconf 87' lang='grc' dir='ltr'><strong><em>ὁλοδάκ·</em></strong></span> 
     </span>
     <span class='ocr_line' id='line_1_12' title="bbox 349 1593 1572 1692; baseline -0.005 -23"><span class='ocrx_word' id='word_1_98' title='bbox 349 1603 475 1686; x_wconf 90' lang='grc' dir='ltr'><strong><em>τυλον,</em></strong></span> <span class='ocrx_word' id='word_1_99' title='bbox 487 1601 629 1691; x_wconf 74' lang='grc' dir='ltr'><strong><em>μέγεθος</em></strong></span> <span class='ocrx_word' id='word_1_100' title='bbox 639 1599 765 1688; x_wconf 73' lang='grc' dir='ltr'><strong><em>ἔχοντος</em></strong></span> <span class='ocrx_word' id='word_1_101' title='bbox 773 1599 922 1692; x_wconf 82' lang='grc' dir='ltr'><strong><em>μετρικδν</em></strong></span> <span class='ocrx_word' id='word_1_102' title='bbox 929 1605 950 1686; x_wconf 88' lang='lat'><strong><em>¹)</em></strong></span> <span class='ocrx_word' id='word_1_103' title='bbox 956 1599 1011 1668; x_wconf 83' lang='grc' dir='ltr'><strong><em>καὶ</em></strong></span> <span class='ocrx_word' id='word_1_104' title='bbox 1023 1599 1346 1685; x_wconf 87' lang='grc' dir='ltr'><strong><em>συνεπεκτεινομένου</em></strong></span> <span class='ocrx_word' id='word_1_105' title='bbox 1356 1603 1403 1688; x_wconf 80' lang='grc' dir='ltr'><strong><em>τῷ</em></strong></span> <span class='ocrx_word' id='word_1_106' title='bbox 1412 1593 1572 1686; x_wconf 82' lang='grc' dir='ltr'><strong><em>μεγαλείηι</em></strong></span> 
     </span>
     <span class='ocr_line' id='line_1_13' title="bbox 348 1696 1572 1792; baseline -0.006 -20"><span class='ocrx_word' id='word_1_107' title='bbox 348 1711 406 1774; x_wconf 80' lang='grc' dir='ltr'><strong><em>τοῦ</em></strong></span> <span class='ocrx_word' id='word_1_108' title='bbox 428 1705 574 1792; x_wconf 81' lang='grc' dir='ltr'><strong><em>κειμένου</em></strong></span> <span class='ocrx_word' id='word_1_109' title='bbox 589 1704 642 1773; x_wconf 82' lang='grc' dir='ltr'><strong><em>καί</em></strong></span> <span class='ocrx_word' id='word_1_110' title='bbox 660 1703 962 1791; x_wconf 84' lang='grc' dir='ltr'><strong><em>συνεξομοιουμένου</em></strong></span> <span class='ocrx_word' id='word_1_111' title='bbox 984 1699 1029 1785; x_wconf 84' lang='grc' dir='ltr'><strong><em>ῶς</em></strong></span> <span class='ocrx_word' id='word_1_112' title='bbox 1052 1697 1120 1772; x_wconf 85' lang='grc' dir='ltr'><strong><em>οἷόν</em></strong></span> <span class='ocrx_word' id='word_1_113' title='bbox 1141 1728 1184 1770; x_wconf 88' lang='grc' dir='ltr'><strong><em>τε.</em></strong></span> <span class='ocrx_word' id='word_1_114' title='bbox 1203 1756 1210 1770; x_wconf 93' lang='grc'><strong><em>.</em></strong></span> <span class='ocrx_word' id='word_1_115' title='bbox 1229 1755 1236 1769; x_wconf 94' lang='grc'><strong><em>.</em></strong></span> <span class='ocrx_word' id='word_1_116' title='bbox 1254 1755 1260 1769; x_wconf 94' lang='grc'><strong><em>.</em></strong></span> <span class='ocrx_word' id='word_1_117' title='bbox 1276 1700 1381 1792; x_wconf 85' lang='grc' dir='ltr'><strong><em>τοίτῳ</em></strong></span> <span class='ocrx_word' id='word_1_118' title='bbox 1397 1702 1434 1770; x_wconf 84' lang='grc' dir='ltr'><strong><em>δέ</em></strong></span> <span class='ocrx_word' id='word_1_119' title='bbox 1450 1696 1572 1787; x_wconf 87' lang='grc' dir='ltr'><strong><em>ὁμοίως</em></strong></span> 
     </span>
     <span class='ocr_line' id='line_1_14' title="bbox 350 1805 1573 1898; baseline -0.005 -22"><span class='ocrx_word' id='word_1_120' title='bbox 350 1805 609 1877; x_wconf 86' lang='grc' dir='ltr'><strong><em>όλοδάκτυλοι</em></strong></span> <span class='ocrx_word' id='word_1_121' title='bbox 630 1809 686 1876; x_wconf 83' lang='grc' dir='ltr'><strong><em>’καί</em></strong></span> <span class='ocrx_word' id='word_1_122' title='bbox 709 1806 738 1877; x_wconf 76' lang='grc' dir='ltr'><strong><em>ολ</em></strong></span> <span class='ocrx_word' id='word_1_123' title='bbox 763 1809 877 1898; x_wconf 76' lang='grc' dir='ltr'><strong><em>ἐφεξῆς</em></strong></span> <span class='ocrx_word' id='word_1_124' title='bbox 898 1805 955 1875; x_wconf 79' lang='grc' dir='ltr'><strong><em>δίο</em></strong></span> <span class='ocrx_word' id='word_1_125' title='bbox 977 1805 1083 1891; x_wconf 88' lang='grc' dir='ltr'><strong><em>στίχοι</em></strong></span> <span class='ocrx_word' id='word_1_126' title='bbox 1095 1811 1168 1890; x_wconf 93' lang='grc'><strong><em>(777</em></strong></span> <span class='ocrx_word' id='word_1_127' title='bbox 1182 1811 1249 1893; x_wconf 89' lang='lat' dir='ltr'>sq.)‚</span> <span class='ocrx_word' id='word_1_128' title='bbox 1275 1809 1573 1893; x_wconf 81' lang='grc' dir='ltr'><strong><em>συνεπικουροῶντες</em></strong></span> 
     </span>
     <span class='ocr_line' id='line_1_15' title="bbox 350 1909 1571 2004; baseline -0.007 -25"><span class='ocrx_word' id='word_1_129' title='bbox 350 1909 396 1993; x_wconf 81' lang='grc' dir='ltr'><strong><em>εἷς</em></strong></span> <span class='ocrx_word' id='word_1_130' title='bbox 425 1911 526 1980; x_wconf 86' lang='grc' dir='ltr'><strong><em>πλέον</em></strong></span> <span class='ocrx_word' id='word_1_131' title='bbox 553 1917 594 2003; x_wconf 75' lang='grc' dir='ltr'><strong><em>τῇ</em></strong></span> <span class='ocrx_word' id='word_1_132' title='bbox 622 1916 785 2004; x_wconf 74' lang='grc' dir='ltr'><strong><em>ηραστικῇ</em></strong></span> <span class='ocrx_word' id='word_1_133' title='bbox 814 1909 985 2000; x_wconf 88' lang='grc' dir='ltr'><strong><em>σεμνότητι</em></strong></span> <span class='ocrx_word' id='word_1_134' title='bbox 1009 1911 1042 1979; x_wconf 87' lang='grc' dir='ltr'><strong><em>ἐν</em></strong></span> <span class='ocrx_word' id='word_1_135' title='bbox 1063 1915 1103 2001; x_wconf 72' lang='grc' dir='ltr'><strong><em>τῇ</em></strong></span> <span class='ocrx_word' id='word_1_136' title='bbox 1123 1909 1309 2001; x_wconf 78' lang='grc' dir='ltr'><strong><em>μακροτέρη</em></strong></span> <span class='ocrx_word' id='word_1_137' title='bbox 1335 1912 1571 1998; x_wconf 71' lang='grc' dir='ltr'><strong><em>διατριβῇ...</em></strong></span> 
     </span>
     <span class='ocr_line' id='line_1_16' title="bbox 349 2001 1572 2108; baseline -0.006 -26"><span class='ocrx_word' id='word_1_138' title='bbox 349 2019 417 2101; x_wconf 77' lang='grc'><strong><em>(23)</em></strong></span> <span class='ocrx_word' id='word_1_139' title='bbox 444 2016 498 2083; x_wconf 84' lang='grc' dir='ltr'><strong><em>καί</em></strong></span> <span class='ocrx_word' id='word_1_140' title='bbox 527 2012 609 2083; x_wconf 61' lang='lat' dir='ltr'>odam</span> <span class='ocrx_word' id='word_1_141' title='bbox 630 2017 690 2102; x_wconf 88' lang='grc' dir='ltr'><strong><em>μέν</em></strong></span> <span class='ocrx_word' id='word_1_142' title='bbox 717 2012 761 2098; x_wconf 86' lang='grc' dir='ltr'><strong><em>ῶς</em></strong></span> <span class='ocrx_word' id='word_1_143' title='bbox 788 2017 907 2108; x_wconf 80' lang='grc' dir='ltr'><strong><em>ἐρρέθη</em></strong></span> <span class='ocrx_word' id='word_1_144' title='bbox 935 2008 1106 2101; x_wconf 85' lang='grc' dir='ltr'><strong><em>σεμνὸνέν</em></strong></span> <span class='ocrx_word' id='word_1_145' title='bbox 1134 2018 1202 2094; x_wconf 83' lang='grc' dir='ltr'><strong><em>τοῖς</em></strong></span> <span class='ocrx_word' id='word_1_146' title='bbox 1224 2019 1356 2106; x_wconf 65' lang='grc' dir='ltr'><strong><em>ῥηθεῖσι</em></strong></span> <span class='ocrx_word' id='word_1_147' title='bbox 1386 2009 1512 2096; x_wconf 79' lang='grc' dir='ltr'><strong><em>στίχοις</em></strong></span> <span class='ocrx_word' id='word_1_148' title='bbox 1533 2001 1572 2076; x_wconf 84' lang='grc' dir='ltr'><strong><em>τὸ</em></strong></span> 
     </span>
     <span class='ocr_line' id='line_1_17' title="bbox 351 2111 1572 2209; baseline -0.006 -23"><span class='ocrx_word' id='word_1_149' title='bbox 351 2114 617 2187; x_wconf 86' lang='grc' dir='ltr'><strong><em>όλοδάκτυλον.</em></strong></span> <span class='ocrx_word' id='word_1_150' title='bbox 665 2115 703 2186; x_wconf 87' lang='grc' dir='ltr'><strong><em>τὸ</em></strong></span> <span class='ocrx_word' id='word_1_151' title='bbox 724 2119 835 2206; x_wconf 88' lang='grc' dir='ltr'><strong><em>μέντοι</em></strong></span> <span class='ocrx_word' id='word_1_152' title='bbox 861 2119 893 2186; x_wconf 84' lang='grc' dir='ltr'><strong><em>ἐν</em></strong></span> <span class='ocrx_word' id='word_1_153' title='bbox 914 2113 1085 2209; x_wconf 80' lang='grc' dir='ltr'><strong><em>Ὀδυσσείᾳ</em></strong></span> <span class='ocrx_word' id='word_1_154' title='bbox 1107 2111 1176 2203; x_wconf 71' lang='grc' dir='ltr'><strong><em>,τῶ</em></strong></span> <span class='ocrx_word' id='word_1_155' title='bbox 1199 2111 1228 2185; x_wconf 76' lang='grc' dir='ltr'><strong><em>δ’</em></strong></span> <span class='ocrx_word' id='word_1_156' title='bbox 1251 2117 1284 2184; x_wconf 86' lang='grc' dir='ltr'><strong><em>ἐν</em></strong></span> <span class='ocrx_word' id='word_1_157' title='bbox 1307 2114 1467 2206; x_wconf 78' lang='grc' dir='ltr'><strong><em>Μεσσήνη</em></strong></span> <span class='ocrx_word' id='word_1_158' title='bbox 1491 2117 1572 2198; x_wconf 81' lang='grc' dir='ltr'><strong><em>ξυμ-</em></strong></span> 
     </span>
     <span class='ocr_line' id='line_1_18' title="bbox 347 2215 1573 2314; baseline -0.005 -25"><span class='ocrx_word' id='word_1_159' title='bbox 347 2221 467 2314; x_wconf 83' lang='grc' dir='ltr'><strong><em>βλήτην</em></strong></span> <span class='ocrx_word' id='word_1_160' title='bbox 488 2217 673 2311; x_wconf 56' lang='lat' dir='ltr'><strong><em>duplorum</em></strong></span> <span class='ocrx_word' id='word_1_161' title='bbox 693 2228 730 2312; x_wconf 85' lang='grc' dir='ltr'><strong><em>(φ</em></strong></span> <span class='ocrx_word' id='word_1_162' title='bbox 741 2228 791 2304; x_wconf 86' lang='grc'><strong><em>15)</em></strong></span> <span class='ocrx_word' id='word_1_163' title='bbox 815 2215 930 2309; x_wconf 83' lang='grc' dir='ltr'><strong><em>σεμνὸν</em></strong></span> <span class='ocrx_word' id='word_1_164' title='bbox 944 2223 1005 2309; x_wconf 82' lang='grc' dir='ltr'><strong><em>μέν</em></strong></span> <span class='ocrx_word' id='word_1_165' title='bbox 1019 2221 1075 2290; x_wconf 86' lang='grc' dir='ltr'><strong><em>διὰ</em></strong></span> <span class='ocrx_word' id='word_1_166' title='bbox 1092 2216 1166 2304; x_wconf 82' lang='grc' dir='ltr'><strong><em>τοὺς</em></strong></span> <span class='ocrx_word' id='word_1_167' title='bbox 1181 2218 1382 2302; x_wconf 84' lang='grc' dir='ltr'><strong><em>σπονδείους,</em></strong></span> <span class='ocrx_word' id='word_1_168' title='bbox 1399 2217 1573 2307; x_wconf 80' lang='grc' dir='ltr'><strong><em>ἐπίτροχον</em></strong></span> 
     </span>
     <span class='ocr_line' id='line_1_19' title="bbox 350 2319 1574 2415; baseline -0.007 -22"><span class='ocrx_word' id='word_1_169' title='bbox 350 2325 387 2393; x_wconf 86' lang='grc' dir='ltr'><strong><em>δέ</em></strong></span> <span class='ocrx_word' id='word_1_170' title='bbox 415 2320 471 2393; x_wconf 83' lang='grc' dir='ltr'><strong><em>διὰ</em></strong></span> <span class='ocrx_word' id='word_1_171' title='bbox 501 2321 540 2393; x_wconf 83' lang='grc' dir='ltr'><strong><em>τὸ</em></strong></span> <span class='ocrx_word' id='word_1_172' title='bbox 569 2319 827 2415; x_wconf 79' lang='grc' dir='ltr'><strong><em>ὀλιγοσόλλαβον.</em></strong></span> <span class='ocrx_word' id='word_1_173' title='bbox 864 2326 918 2394; x_wconf 83' lang='grc' dir='ltr'><strong><em>καί</em></strong></span> <span class='ocrx_word' id='word_1_174' title='bbox 948 2324 1039 2394; x_wconf 72' lang='grc' dir='ltr'><strong><em>ἐστιν</em></strong></span> <span class='ocrx_word' id='word_1_175' title='bbox 1067 2323 1186 2394; x_wconf 81' lang='grc' dir='ltr'><strong><em>οἷκεῖον</em></strong></span> <span class='ocrx_word' id='word_1_176' title='bbox 1216 2321 1476 2414; x_wconf 76' lang='grc' dir='ltr'><strong><em>ἐπιφωνούμενον</em></strong></span> <span class='ocrx_word' id='word_1_177' title='bbox 1509 2319 1574 2386; x_wconf 81' lang='grc' dir='ltr'><strong><em>ἐκεῖ</em></strong></span> 
     </span>
     <span class='ocr_line' id='line_1_20' title="bbox 347 2422 1573 2520; baseline -0.004 -25"><span class='ocrx_word' id='word_1_178' title='bbox 347 2428 432 2510; x_wconf 85' lang='grc' dir='ltr'><strong><em>νέοις</em></strong></span> <span class='ocrx_word' id='word_1_179' title='bbox 464 2422 548 2496; x_wconf 80' lang='grc' dir='ltr'><strong><em>κατὰ</em></strong></span> <span class='ocrx_word' id='word_1_180' title='bbox 581 2425 730 2520; x_wconf 79' lang='grc' dir='ltr'><strong><em>σπουδὴν</em></strong></span> <span class='ocrx_word' id='word_1_181' title='bbox 763 2427 939 2508; x_wconf 85' lang='grc' dir='ltr'><strong><em>ὁδεύουσιν;</em></strong></span> <span class='ocrx_word' id='word_1_182' title='bbox 961 2454 991 2517; x_wconf 91' lang='lat' dir='ltr'><strong><em>p.</em></strong></span> <span class='ocrx_word' id='word_1_183' title='bbox 1023 2433 1095 2511; x_wconf 84' lang='lat'><strong>836,</strong></span> <span class='ocrx_word' id='word_1_184' title='bbox 1121 2434 1175 2496; x_wconf 88' lang='grc'><strong><em>]7;</em></strong></span> <span class='ocrx_word' id='word_1_185' title='bbox 1213 2428 1288 2510; x_wconf 87' lang='grc' dir='ltr'><strong><em>τοίς</em></strong></span> <span class='ocrx_word' id='word_1_186' title='bbox 1320 2453 1356 2517; x_wconf 90' lang='grc' dir='ltr'><strong><em>γε</em></strong></span> <span class='ocrx_word' id='word_1_187' title='bbox 1387 2426 1451 2514; x_wconf 85' lang='grc' dir='ltr'><strong><em>μὴν</em></strong></span> <span class='ocrx_word' id='word_1_188' title='bbox 1484 2422 1573 2491; x_wconf 77' lang='lat' dir='ltr'>tto-</span> 
     </span>
     <span class='ocr_line' id='line_1_21' title="bbox 349 2525 1572 2623; baseline -0.007 -23"><span class='ocrx_word' id='word_1_189' title='bbox 349 2530 560 2613; x_wconf 82' lang='grc' dir='ltr'><strong><em>δακτύλους</em></strong></span> <span class='ocrx_word' id='word_1_190' title='bbox 596 2525 618 2622; x_wconf 76' lang='grc' dir='ltr'><strong><em>ἐ)</em></strong></span> <span class='ocrx_word' id='word_1_191' title='bbox 652 2532 913 2615; x_wconf 84' lang='grc' dir='ltr'><strong><em>πολυδακτέλους</em></strong></span> <span class='ocrx_word' id='word_1_192' title='bbox 945 2531 1307 2623; x_wconf 89' lang='grc' dir='ltr'><strong><em>μεγαλοπρεπεστέρους</em></strong></span> <span class='ocrx_word' id='word_1_193' title='bbox 1339 2529 1483 2623; x_wconf 87' lang='grc' dir='ltr'><strong><em>κρίνουσι</em></strong></span> <span class='ocrx_word' id='word_1_194' title='bbox 1517 2532 1572 2611; x_wconf 84' lang='lat' dir='ltr'>(se.</span> 
     </span>
     <span class='ocr_line' id='line_1_22' title="bbox 349 2627 1575 2728; baseline -0.006 -26"><span class='ocrx_word' id='word_1_195' title='bbox 349 2640 413 2703; x_wconf 90' lang='grc' dir='ltr'><strong><em>τῶν</em></strong></span> <span class='ocrx_word' id='word_1_196' title='bbox 435 2631 706 2722; x_wconf 86' lang='grc' dir='ltr'><strong><em>ὁλοσπονδείων);</em></strong></span> <span class='ocrx_word' id='word_1_197' title='bbox 735 2661 763 2724; x_wconf 93' lang='lat' dir='ltr'><strong><em>p.</em></strong></span> <span class='ocrx_word' id='word_1_198' title='bbox 789 2641 880 2718; x_wconf 83' lang='grc'><strong><em>1734,</em></strong></span> <span class='ocrx_word' id='word_1_199' title='bbox 905 2641 960 2703; x_wconf 87' lang='lat'><strong><em>30:</em></strong></span> <span class='ocrx_word' id='word_1_200' title='bbox 983 2635 1194 2728; x_wconf 86' lang='grc' dir='ltr'><strong><em>(σημείωσαι)</em></strong></span> <span class='ocrx_word' id='word_1_201' title='bbox 1218 2634 1268 2704; x_wconf 83' lang='grc' dir='ltr'><strong><em>δτι</em></strong></span> <span class='ocrx_word' id='word_1_202' title='bbox 1292 2627 1410 2721; x_wconf 82' lang='grc' dir='ltr'><strong><em>σεμνὸς</em></strong></span> <span class='ocrx_word' id='word_1_203' title='bbox 1432 2631 1575 2698; x_wconf 72' lang='grc' dir='ltr'><strong><em>ἐνταῦθα</em></strong></span> 
     </span>
     <span class='ocr_line' id='line_1_23' title="bbox 350 2725 1575 2830; baseline -0.005 -24"><span class='ocrx_word' id='word_1_204' title='bbox 350 2736 460 2823; x_wconf 85' lang='grc' dir='ltr'><strong><em>στίχος</em></strong></span> <span class='ocrx_word' id='word_1_205' title='bbox 481 2732 565 2806; x_wconf 78' lang='grc' dir='ltr'><strong><em>κατὰ</em></strong></span> <span class='ocrx_word' id='word_1_206' title='bbox 586 2732 625 2808; x_wconf 88' lang='grc' dir='ltr'><strong><em>τὸ</em></strong></span> <span class='ocrx_word' id='word_1_207' title='bbox 648 2735 911 2827; x_wconf 78' lang='grc' dir='ltr'><strong><em>ὁλοδυίκτυλον</em></strong></span> <span class='ocrx_word' id='word_1_208' title='bbox 932 2735 971 2809; x_wconf 87' lang='grc' dir='ltr'><strong><em>τὸ</em></strong></span> <span class='ocrx_word' id='word_1_209' title='bbox 993 2741 1056 2830; x_wconf 70' lang='grc' dir='ltr'><strong><em>,δὴ</em></strong></span> <span class='ocrx_word' id='word_1_210' title='bbox 1078 2738 1153 2809; x_wconf 88' lang='grc' dir='ltr'><strong><em>τότε</em></strong></span> <span class='ocrx_word' id='word_1_211' title='bbox 1175 2734 1203 2828; x_wconf 89' lang='grc' dir='ltr'><strong><em>γ’</em></strong></span> <span class='ocrx_word' id='word_1_212' title='bbox 1225 2735 1367 2829; x_wconf 82' lang='grc' dir='ltr'><strong><em>άτρέμας</em></strong></span> <span class='ocrx_word' id='word_1_213' title='bbox 1390 2725 1461 2804; x_wconf 78' lang='grc' dir='ltr'><strong><em>εὗδε</em></strong></span> <span class='ocrx_word' id='word_1_214' title='bbox 1481 2735 1575 2801; x_wconf 81' lang='grc' dir='ltr'><strong><em>λελα-</em></strong></span> 
     </span>
     <span class='ocr_line' id='line_1_24' title="bbox 350 2828 1575 2929; baseline -0.008 -18"><span class='ocrx_word' id='word_1_215' title='bbox 350 2843 466 2929; x_wconf 85' lang='grc' dir='ltr'><strong><em>σμένος</em></strong></span> <span class='ocrx_word' id='word_1_216' title='bbox 487 2835 559 2912; x_wconf 83' lang='grc' dir='ltr'><strong><em>όσσ’</em></strong></span> <span class='ocrx_word' id='word_1_217' title='bbox 576 2841 783 2911; x_wconf 71' lang='grc' dir='ltr'><strong><em>ἐπεπόνθει“</em></strong></span> <span class='ocrx_word' id='word_1_218' title='bbox 799 2848 830 2929; x_wconf 84' lang='grc' dir='ltr'><strong><em>(ν</em></strong></span> <span class='ocrx_word' id='word_1_219' title='bbox 843 2846 908 2929; x_wconf 86' lang='grc'><strong><em>92),</em></strong></span> <span class='ocrx_word' id='word_1_220' title='bbox 934 2840 1051 2912; x_wconf 83' lang='grc' dir='ltr'><strong><em>ὁποῖον</em></strong></span> <span class='ocrx_word' id='word_1_221' title='bbox 1073 2839 1258 2924; x_wconf 67' lang='lat' dir='ltr'>civitatee</span> <span class='ocrx_word' id='word_1_222' title='bbox 1279 2844 1332 2910; x_wconf 84' lang='grc' dir='ltr'><strong><em>καί</em></strong></span> <span class='ocrx_word' id='word_1_223' title='bbox 1358 2841 1390 2910; x_wconf 83' lang='grc' dir='ltr'><strong><em>ἐν</em></strong></span> <span class='ocrx_word' id='word_1_224' title='bbox 1404 2835 1515 2908; x_wconf 81' lang='grc' dir='ltr'><strong><em>Ἰλιάδι</em></strong></span> <span class='ocrx_word' id='word_1_225' title='bbox 1536 2828 1575 2902; x_wconf 87' lang='grc' dir='ltr'><strong><em>τὸ</em></strong></span> 
     </span>
     <span class='ocr_line' id='line_1_25' title="bbox 350 2945 1575 3034; baseline -0.005 -22"><span class='ocrx_word' id='word_1_226' title='bbox 350 2951 461 3030; x_wconf 71' lang='grc' dir='ltr'><strong><em>,κεῖτο</em></strong></span> <span class='ocrx_word' id='word_1_227' title='bbox 481 2945 582 3034; x_wconf 90' lang='grc' dir='ltr'><strong><em>μέγας</em></strong></span> <span class='ocrx_word' id='word_1_228' title='bbox 604 2949 693 3014; x_wconf 87' lang='grc' dir='ltr'><strong><em>κτλ.“</em></strong></span> <span class='ocrx_word' id='word_1_229' title='bbox 717 2951 769 3032; x_wconf 85' lang='lat' dir='ltr'><strong><em>(ll</em></strong></span> <span class='ocrx_word' id='word_1_230' title='bbox 791 2950 876 3031; x_wconf 89' lang='grc'><strong><em>776).</em></strong></span> <span class='ocrx_word' id='word_1_231' title='bbox 929 2952 1008 3014; x_wconf 83' lang='lat' dir='ltr'>llam</span> <span class='ocrx_word' id='word_1_232' title='bbox 1030 2953 1131 3034; x_wconf 84' lang='lat' dir='ltr'><strong>ipsam</strong></span> <span class='ocrx_word' id='word_1_233' title='bbox 1154 2951 1326 3016; x_wconf 81' lang='lat' dir='ltr'>hexametri</span> <span class='ocrx_word' id='word_1_234' title='bbox 1347 2945 1575 3031; x_wconf 84' lang='lat' dir='ltr'>longitudinem</span> 
     </span>
     <span class='ocr_line' id='line_1_26' title="bbox 351 3041 1576 3137; baseline -0.003 -21"><span class='ocrx_word' id='word_1_235' title='bbox 351 3071 480 3117; x_wconf 87' lang='lat' dir='ltr'>causam</span> <span class='ocrx_word' id='word_1_236' title='bbox 503 3071 581 3130; x_wconf 87' lang='lat' dir='ltr'>esse,</span> <span class='ocrx_word' id='word_1_237' title='bbox 605 3072 660 3117; x_wconf 90' lang='lat' dir='ltr'><strong><em>cur</em></strong></span> <span class='ocrx_word' id='word_1_238' title='bbox 683 3053 813 3117; x_wconf 88' lang='lat' dir='ltr'>heroum</span> <span class='ocrx_word' id='word_1_239' title='bbox 837 3053 921 3117; x_wconf 83' lang='lat' dir='ltr'>facto</span> <span class='ocrx_word' id='word_1_240' title='bbox 937 3057 1008 3137; x_wconf 91' lang='lat' dir='ltr'>apte</span> <span class='ocrx_word' id='word_1_241' title='bbox 1031 3073 1066 3118; x_wconf 93' lang='lat' dir='ltr'>eo</span> <span class='ocrx_word' id='word_1_242' title='bbox 1083 3058 1183 3120; x_wconf 91' lang='lat' dir='ltr'>metro</span> <span class='ocrx_word' id='word_1_243' title='bbox 1199 3054 1415 3119; x_wconf 74' lang='lat' dir='ltr'>describantur</span> <span class='ocrx_word' id='word_1_244' title='bbox 1430 3041 1576 3137; x_wconf 84' lang='grc' dir='ltr'><strong><em>(ὀγκηρὸν</em></strong></span> 
     </span>
     <span class='ocr_line' id='line_1_27' title="bbox 351 3146 1577 3240; baseline -0.002 -22"><span class='ocrx_word' id='word_1_245' title='bbox 351 3146 411 3240; x_wconf 84' lang='grc' dir='ltr'><strong><em>γὰρ</em></strong></span> <span class='ocrx_word' id='word_1_246' title='bbox 434 3157 530 3219; x_wconf 83' lang='grc' dir='ltr'><strong><em>πᾶσα</em></strong></span> <span class='ocrx_word' id='word_1_247' title='bbox 553 3148 683 3234; x_wconf 80' lang='grc' dir='ltr'><strong><em>έκτασις</em></strong></span> <span class='ocrx_word' id='word_1_248' title='bbox 706 3157 723 3237; x_wconf 98' lang='lat'>5</span> <span class='ocrx_word' id='word_1_249' title='bbox 748 3157 833 3236; x_wconf 77' lang='grc'><strong><em>207),</em></strong></span> <span class='ocrx_word' id='word_1_250' title='bbox 861 3159 969 3221; x_wconf 88' lang='lat' dir='ltr'>censet</span> <span class='ocrx_word' id='word_1_251' title='bbox 992 3157 1173 3222; x_wconf 88' lang='lat' dir='ltr'>Demetrius</span> <span class='ocrx_word' id='word_1_252' title='bbox 1197 3157 1234 3221; x_wconf 92' lang='lat' dir='ltr'>de</span> <span class='ocrx_word' id='word_1_253' title='bbox 1259 3158 1333 3222; x_wconf 91' lang='lat' dir='ltr'>cloc.</span> <span class='ocrx_word' id='word_1_254' title='bbox 1356 3158 1374 3238; x_wconf 90' lang='lat'>5</span> <span class='ocrx_word' id='word_1_255' title='bbox 1399 3159 1435 3219; x_wconf 89' lang='lat'><strong><em>5:</em></strong></span> <span class='ocrx_word' id='word_1_256' title='bbox 1464 3149 1577 3236; x_wconf 86' lang='grc' dir='ltr'><strong><em>σχεδὸν</em></strong></span> 
     </span>
     <span class='ocr_line' id='line_1_28' title="bbox 351 3247 1575 3346; baseline 0 -26"><span class='ocrx_word' id='word_1_257' title='bbox 351 3247 412 3343; x_wconf 81' lang='grc' dir='ltr'><strong><em>γὰρ</em></strong></span> <span class='ocrx_word' id='word_1_258' title='bbox 434 3259 480 3344; x_wconf 78' lang='grc' dir='ltr'><strong><em>τῶ</em></strong></span> <span class='ocrx_word' id='word_1_259' title='bbox 501 3255 634 3344; x_wconf 78' lang='grc' dir='ltr'><strong><em>μεγέθει</em></strong></span> <span class='ocrx_word' id='word_1_260' title='bbox 656 3261 713 3323; x_wconf 81' lang='grc' dir='ltr'><strong><em>τοῐ1</em></strong></span> <span class='ocrx_word' id='word_1_261' title='bbox 736 3255 838 3323; x_wconf 87' lang='grc' dir='ltr'><strong><em>κιόλου</em></strong></span> <span class='ocrx_word' id='word_1_262' title='bbox 860 3261 1050 3346; x_wconf 76' lang='grc' dir='ltr'><strong><em>συνεξῄρται</em></strong></span> <span class='ocrx_word' id='word_1_263' title='bbox 1073 3257 1127 3324; x_wconf 80' lang='grc' dir='ltr'><strong><em>καί</em></strong></span> <span class='ocrx_word' id='word_1_264' title='bbox 1151 3251 1169 3323; x_wconf 86' lang='grc' dir='ltr'>ὁ</span> <span class='ocrx_word' id='word_1_265' title='bbox 1191 3254 1293 3344; x_wconf 83' lang='grc' dir='ltr'><strong><em>λόγος.</em></strong></span> <span class='ocrx_word' id='word_1_266' title='bbox 1326 3251 1382 3324; x_wconf 82' lang='grc' dir='ltr'><strong><em>διὰ</em></strong></span> <span class='ocrx_word' id='word_1_267' title='bbox 1405 3261 1498 3324; x_wconf 70' lang='grc' dir='ltr'><strong><em>τοῖ’το</em></strong></span> <span class='ocrx_word' id='word_1_268' title='bbox 1521 3253 1575 3321; x_wconf 78' lang='grc' dir='ltr'><strong><em>καί</em></strong></span> 
     </span>
     <span class='ocr_line' id='line_1_29' title="bbox 352 3353 1575 3449; baseline 0.001 -26"><span class='ocrx_word' id='word_1_269' title='bbox 352 3353 523 3448; x_wconf 69' lang='grc' dir='ltr'><strong><em>ἑξάμετρον</em></strong></span> <span class='ocrx_word' id='word_1_270' title='bbox 538 3353 642 3448; x_wconf 76' lang='grc' dir='ltr'><strong><em>ἡρῷόν</em></strong></span> <span class='ocrx_word' id='word_1_271' title='bbox 659 3383 699 3424; x_wconf 86' lang='grc' dir='ltr'><strong><em>τε</em></strong></span> <span class='ocrx_word' id='word_1_272' title='bbox 715 3353 906 3445; x_wconf 84' lang='grc' dir='ltr'><strong><em>ὀνομάζεται</em></strong></span> <span class='ocrx_word' id='word_1_273' title='bbox 924 3354 990 3428; x_wconf 68' lang='grc' dir='ltr'><strong><em>ὑπὸ</em></strong></span> <span class='ocrx_word' id='word_1_274' title='bbox 1013 3365 1070 3427; x_wconf 74' lang='grc' dir='ltr'><strong><em>τοῦ</em></strong></span> <span class='ocrx_word' id='word_1_275' title='bbox 1083 3359 1204 3449; x_wconf 74' lang='grc' dir='ltr'><strong><em>μήκους</em></strong></span> <span class='ocrx_word' id='word_1_276' title='bbox 1224 3361 1279 3427; x_wconf 84' lang='grc' dir='ltr'><strong><em>καὶ</em></strong></span> <span class='ocrx_word' id='word_1_277' title='bbox 1296 3358 1426 3449; x_wconf 84' lang='grc' dir='ltr'><strong><em>πρέπον</em></strong></span> <span class='ocrx_word' id='word_1_278' title='bbox 1442 3357 1575 3448; x_wconf 70' lang='grc' dir='ltr'><strong><em>ἥρωσιν·</em></strong></span> 
     </span>
     <span class='ocr_line' id='line_1_30' title="bbox 351 3455 1578 3555; baseline 0.001 -28"><span class='ocrx_word' id='word_1_279' title='bbox 351 3461 406 3528; x_wconf 85' lang='grc' dir='ltr'><strong><em>καί</em></strong></span> <span class='ocrx_word' id='word_1_280' title='bbox 438 3455 493 3528; x_wconf 81' lang='grc' dir='ltr'><strong><em>οὐκ</em></strong></span> <span class='ocrx_word' id='word_1_281' title='bbox 526 3455 564 3528; x_wconf 75' lang='grc' dir='ltr'><strong><em>δν</em></strong></span> <span class='ocrx_word' id='word_1_282' title='bbox 596 3456 654 3550; x_wconf 70' lang='grc' dir='ltr'><strong><em>τὴν</em></strong></span> <span class='ocrx_word' id='word_1_283' title='bbox 686 3455 822 3550; x_wconf 81' lang='grc' dir='ltr'><strong><em>Ὁμήρου</em></strong></span> <span class='ocrx_word' id='word_1_284' title='bbox 853 3456 977 3530; x_wconf 80' lang='grc' dir='ltr'><strong><em>Ἰλιάδα</em></strong></span> <span class='ocrx_word' id='word_1_285' title='bbox 1012 3463 1203 3553; x_wconf 88' lang='grc' dir='ltr'><strong><em>πρεπόντως</em></strong></span> <span class='ocrx_word' id='word_1_286' title='bbox 1235 3489 1287 3544; x_wconf 89' lang='grc' dir='ltr'><strong><em>τις</em></strong></span> <span class='ocrx_word' id='word_1_287' title='bbox 1320 3463 1474 3555; x_wconf 76' lang='grc' dir='ltr'><strong><em>γράψειεν</em></strong></span> <span class='ocrx_word' id='word_1_288' title='bbox 1506 3465 1578 3542; x_wconf 89' lang='grc' dir='ltr'><strong><em>τοῖς</em></strong></span> 
     </span>
     <span class='ocr_line' id='line_1_31' title="bbox 350 3557 1577 3654; baseline -0.001 -23"><span class='ocrx_word' id='word_1_289' title='bbox 350 3557 539 3652; x_wconf 77' lang='grc' dir='ltr'><strong><em>Ἀρχιλόχου</em></strong></span> <span class='ocrx_word' id='word_1_290' title='bbox 571 3563 754 3654; x_wconf 83' lang='grc' dir='ltr'><strong><em>βραχέσιν.</em></strong></span> <span class='ocrx_word' id='word_1_291' title='bbox 778 3616 784 3630; x_wconf 95' lang='grc'><strong><em>.</em></strong></span> <span class='ocrx_word' id='word_1_292' title='bbox 808 3591 834 3642; x_wconf 91' lang='grc'><strong><em>.;</em></strong></span> <span class='ocrx_word' id='word_1_293' title='bbox 868 3587 926 3632; x_wconf 92' lang='lat' dir='ltr'>nec</span> <span class='ocrx_word' id='word_1_294' title='bbox 960 3571 1169 3653; x_wconf 87' lang='lat' dir='ltr'>discrepantia</span> <span class='ocrx_word' id='word_1_295' title='bbox 1205 3571 1290 3635; x_wconf 93' lang='lat' dir='ltr'>idem</span> <span class='ocrx_word' id='word_1_296' title='bbox 1324 3571 1420 3636; x_wconf 85' lang='lat' dir='ltr'>refert</span> <span class='ocrx_word' id='word_1_297' title='bbox 1457 3571 1474 3651; x_wconf 97' lang='lat'>5</span> <span class='ocrx_word' id='word_1_298' title='bbox 1505 3569 1577 3632; x_wconf 88' lang='grc'><strong><em>204.</em></strong></span> 
     </span>
     <span class='ocr_line' id='line_1_32' title="bbox 352 3669 1577 3752; baseline 0 -18"><span class='ocrx_word' id='word_1_299' title='bbox 352 3669 423 3734; x_wconf 87' lang='lat' dir='ltr'><strong><em>Non</em></strong></span> <span class='ocrx_word' id='word_1_300' title='bbox 437 3671 529 3752; x_wconf 86' lang='lat' dir='ltr'>longe</span> <span class='ocrx_word' id='word_1_301' title='bbox 546 3673 584 3735; x_wconf 89' lang='lat' dir='ltr'><strong><em>ab</em></strong></span> <span class='ocrx_word' id='word_1_302' title='bbox 600 3673 660 3735; x_wconf 90' lang='lat' dir='ltr'><strong><em>bac</em></strong></span> <span class='ocrx_word' id='word_1_303' title='bbox 675 3671 833 3736; x_wconf 88' lang='lat' dir='ltr'>sententia</span> <span class='ocrx_word' id='word_1_304' title='bbox 848 3671 964 3736; x_wconf 90' lang='lat' dir='ltr'>absunt</span> <span class='ocrx_word' id='word_1_305' title='bbox 980 3673 1074 3738; x_wconf 86' lang='lat' dir='ltr'>verba</span> <span class='ocrx_word' id='word_1_306' title='bbox 1089 3673 1265 3738; x_wconf 80' lang='lat' dir='ltr'>Aristotelis</span> <span class='ocrx_word' id='word_1_307' title='bbox 1281 3674 1366 3739; x_wconf 87' lang='lat' dir='ltr'>Poet.</span> <span class='ocrx_word' id='word_1_308' title='bbox 1384 3675 1403 3736; x_wconf 84' lang='lat'>4</span> <span class='ocrx_word' id='word_1_309' title='bbox 1424 3673 1528 3736; x_wconf 65' lang='grc'>1449*</span> <span class='ocrx_word' id='word_1_310' title='bbox 1544 3674 1577 3735; x_wconf 85' lang='lat'><strong><em>5:</em></strong></span> 
     </span>
     <span class='ocr_line' id='line_1_33' title="bbox 353 3763 1577 3861; baseline 0.002 -25"><span class='ocrx_word' id='word_1_311' title='bbox 353 3767 383 3837; x_wconf 77' lang='grc' dir='ltr'><strong><em>οἳ</em></strong></span> <span class='ocrx_word' id='word_1_312' title='bbox 406 3770 443 3837; x_wconf 85' lang='grc' dir='ltr'><strong><em>δέ</em></strong></span> <span class='ocrx_word' id='word_1_313' title='bbox 465 3763 538 3837; x_wconf 83' lang='grc' dir='ltr'><strong><em>άντί</em></strong></span> <span class='ocrx_word' id='word_1_314' title='bbox 557 3776 622 3838; x_wconf 89' lang='grc' dir='ltr'><strong><em>τῶν</em></strong></span> <span class='ocrx_word' id='word_1_315' title='bbox 644 3769 734 3837; x_wconf 88' lang='grc' dir='ltr'><strong><em>ἐπῶν</em></strong></span> <span class='ocrx_word' id='word_1_316' title='bbox 757 3772 1100 3861; x_wconf 80' lang='grc' dir='ltr'><strong><em>τραγῳδοδιδάσκαλον</em></strong></span> <span class='ocrx_word' id='word_1_317' title='bbox 1122 3771 1290 3860; x_wconf 80' lang='grc' dir='ltr'><strong><em>(ἐγένοντο)</em></strong></span> <span class='ocrx_word' id='word_1_318' title='bbox 1315 3768 1371 3840; x_wconf 89' lang='grc' dir='ltr'><strong><em>διὰ</em></strong></span> <span class='ocrx_word' id='word_1_319' title='bbox 1391 3768 1429 3840; x_wconf 89' lang='grc' dir='ltr'><strong><em>τὸ</em></strong></span> <span class='ocrx_word' id='word_1_320' title='bbox 1451 3770 1577 3859; x_wconf 86' lang='grc' dir='ltr'><strong><em>μείζω</em></strong></span> 
     </span>
     <span class='ocr_line' id='line_1_34' title="bbox 353 3868 1578 3967; baseline 0.002 -27"><span class='ocrx_word' id='word_1_321' title='bbox 353 3873 407 3940; x_wconf 79' lang='grc' dir='ltr'><strong><em>καί</em></strong></span> <span class='ocrx_word' id='word_1_322' title='bbox 443 3873 676 3964; x_wconf 82' lang='grc' dir='ltr'><strong><em>ἐντιμότερα</em></strong></span> <span class='ocrx_word' id='word_1_323' title='bbox 707 3868 750 3940; x_wconf 84' lang='grc' dir='ltr'><strong><em>τὰ</em></strong></span> <span class='ocrx_word' id='word_1_324' title='bbox 783 3872 932 3962; x_wconf 78' lang='grc' dir='ltr'><strong><em>σχήματα</em></strong></span> <span class='ocrx_word' id='word_1_325' title='bbox 959 3869 1038 3943; x_wconf 79' lang='grc' dir='ltr'><strong><em>εἶναι</em></strong></span> <span class='ocrx_word' id='word_1_326' title='bbox 1067 3882 1170 3943; x_wconf 82' lang='grc' dir='ltr'><strong><em>ταῦτα</em></strong></span> <span class='ocrx_word' id='word_1_327' title='bbox 1202 3871 1256 3957; x_wconf 84' lang='grc' dir='ltr'><strong><em>(τὰ</em></strong></span> <span class='ocrx_word' id='word_1_328' title='bbox 1285 3873 1350 3967; x_wconf 81' lang='grc' dir='ltr'><strong><em>έπη</em></strong></span> <span class='ocrx_word' id='word_1_329' title='bbox 1385 3882 1404 3944; x_wconf 90' lang='lat' dir='ltr'><strong><em>i.</em></strong></span> <span class='ocrx_word' id='word_1_330' title='bbox 1427 3899 1452 3944; x_wconf 91' lang='lat' dir='ltr'>e.</span> <span class='ocrx_word' id='word_1_331' title='bbox 1475 3879 1578 3962; x_wconf 84' lang='lat' dir='ltr'>epicos</span> 
     </span>
     <span class='ocr_line' id='line_1_35' title="bbox 352 3973 901 4068; baseline 0.004 -23"><span class='ocrx_word' id='word_1_332' title='bbox 352 3981 475 4061; x_wconf 86' lang='lat' dir='ltr'>versus)</span> <span class='ocrx_word' id='word_1_333' title='bbox 497 3974 626 4044; x_wconf 77' lang='grc' dir='ltr'><strong><em>ἐκείνων</em></strong></span> <span class='ocrx_word' id='word_1_334' title='bbox 648 3981 724 4061; x_wconf 89' lang='grc' dir='ltr'><strong><em>(τῶν</em></strong></span> <span class='ocrx_word' id='word_1_335' title='bbox 747 3973 901 4068; x_wconf 77' lang='grc' dir='ltr'><strong><em>ἰάμβων).</em></strong></span> 
     </span>
    </p>

    <p class='ocr_par' dir='ltr' id='par_1_4' title="bbox 441 4083 1579 4170">
     <span class='ocr_line' id='line_1_36' title="bbox 441 4083 1579 4170; baseline 0.001 -22"><span class='ocrx_word' id='word_1_336' title='bbox 441 4083 504 4148; x_wconf 83' lang='lat' dir='ltr'>Sed</span> <span class='ocrx_word' id='word_1_337' title='bbox 533 4084 681 4166; x_wconf 90' lang='lat' dir='ltr'>quoniam</span> <span class='ocrx_word' id='word_1_338' title='bbox 708 4104 770 4149; x_wconf 91' lang='lat' dir='ltr'><strong><em>non</em></strong></span> <span class='ocrx_word' id='word_1_339' title='bbox 798 4086 836 4150; x_wconf 93' lang='lat' dir='ltr'>de</span> <span class='ocrx_word' id='word_1_340' title='bbox 865 4105 1026 4166; x_wconf 87' lang='lat' dir='ltr'>versuum,</span> <span class='ocrx_word' id='word_1_341' title='bbox 1060 4107 1169 4152; x_wconf 87' lang='lat' dir='ltr'>verum</span> <span class='ocrx_word' id='word_1_342' title='bbox 1199 4087 1236 4152; x_wconf 89' lang='lat' dir='ltr'>de</span> <span class='ocrx_word' id='word_1_343' title='bbox 1260 4088 1455 4170; x_wconf 73' lang='lat' dir='ltr'>syllabarum</span> <span class='ocrx_word' id='word_1_344' title='bbox 1479 4086 1579 4168; x_wconf 85' lang='lat' dir='ltr'>longi-</span> 
     </span>
    </p>
   </div>
   <div class='ocr_carea' id='block_1_3' title="bbox 355 4269 1580 4691">
    <p class='ocr_par' dir='ltr' id='par_1_5' title="bbox 355 4269 1580 4691">
     <span class='ocr_line' id='line_1_37' title="bbox 425 4269 1579 4344; baseline 0.002 -18"><span class='ocrx_word' id='word_1_345' title='bbox 425 4272 444 4336; x_wconf 86' lang='grc'><strong><em>1)</em></strong></span> <span class='ocrx_word' id='word_1_346' title='bbox 463 4271 524 4326; x_wconf 85' lang='lat' dir='ltr'><strong><em>Non</em></strong></span> <span class='ocrx_word' id='word_1_347' title='bbox 542 4276 657 4340; x_wconf 87' lang='lat' dir='ltr'>propter</span> <span class='ocrx_word' id='word_1_348' title='bbox 676 4269 872 4326; x_wconf 80' lang='grc' dir='ltr'><strong><em>ὁλοδακτλλιυν</em></strong></span> <span class='ocrx_word' id='word_1_349' title='bbox 889 4275 1097 4344; x_wconf 85' lang='lat' dir='ltr'>proceritatem,</span> <span class='ocrx_word' id='word_1_350' title='bbox 1125 4275 1173 4329; x_wconf 81' lang='lat' dir='ltr'>sed</span> <span class='ocrx_word' id='word_1_351' title='bbox 1193 4275 1262 4344; x_wconf 88' lang='lat' dir='ltr'>quod</span> <span class='ocrx_word' id='word_1_352' title='bbox 1281 4293 1362 4330; x_wconf 90' lang='lat' dir='ltr'>unum</span> <span class='ocrx_word' id='word_1_353' title='bbox 1382 4275 1503 4344; x_wconf 84' lang='lat' dir='ltr'>quodque</span> <span class='ocrx_word' id='word_1_354' title='bbox 1524 4288 1579 4328; x_wconf 83' lang='lat' dir='ltr'>me-</span> 
     </span>
     <span class='ocr_line' id='line_1_38' title="bbox 356 4357 1580 4430; baseline 0.003 -20"><span class='ocrx_word' id='word_1_355' title='bbox 356 4361 426 4410; x_wconf 87' lang='lat' dir='ltr'>trum</span> <span class='ocrx_word' id='word_1_356' title='bbox 452 4357 567 4411; x_wconf 84' lang='lat' dir='ltr'>maxime</span> <span class='ocrx_word' id='word_1_357' title='bbox 592 4359 628 4412; x_wconf 88' lang='lat' dir='ltr'><strong><em>sit</em></strong></span> <span class='ocrx_word' id='word_1_358' title='bbox 651 4358 790 4422; x_wconf 85' lang='lat' dir='ltr'>decorum,</span> <span class='ocrx_word' id='word_1_359' title='bbox 818 4359 840 4412; x_wconf 87' lang='lat' dir='ltr'><strong><em>ui</em></strong></span> <span class='ocrx_word' id='word_1_360' title='bbox 868 4359 977 4428; x_wconf 91' lang='lat' dir='ltr'>proprio</span> <span class='ocrx_word' id='word_1_361' title='bbox 1002 4361 1129 4416; x_wconf 83' lang='lat' dir='ltr'>decurrat</span> <span class='ocrx_word' id='word_1_362' title='bbox 1156 4363 1240 4430; x_wconf 88' lang='lat' dir='ltr'>pede,</span> <span class='ocrx_word' id='word_1_363' title='bbox 1269 4361 1439 4417; x_wconf 84' lang='lat' dir='ltr'>hexametros</span> <span class='ocrx_word' id='word_1_364' title='bbox 1465 4360 1580 4429; x_wconf 82' lang='lat' dir='ltr'>qrrinque</span> 
     </span>
     <span class='ocr_line' id='line_1_39' title="bbox 355 4441 1579 4518; baseline 0.005 -24"><span class='ocrx_word' id='word_1_365' title='bbox 355 4441 478 4512; x_wconf 71' lang='lat' dir='ltr'>dactylos</span> <span class='ocrx_word' id='word_1_366' title='bbox 500 4443 670 4499; x_wconf 85' lang='lat' dir='ltr'>continentes</span> <span class='ocrx_word' id='word_1_367' title='bbox 693 4444 789 4499; x_wconf 77' lang='lat' dir='ltr'>laudat</span> <span class='ocrx_word' id='word_1_368' title='bbox 811 4445 1097 4515; x_wconf 86' lang='lat' dir='ltr'>Pseudo-Hephaestio</span> <span class='ocrx_word' id='word_1_369' title='bbox 1124 4447 1139 4518; x_wconf 86' lang='lat'>5</span> <span class='ocrx_word' id='word_1_370' title='bbox 1163 4449 1216 4501; x_wconf 65' lang='lat'><strong><em>43⁸</em></strong></span> <span class='ocrx_word' id='word_1_371' title='bbox 1238 4463 1265 4515; x_wconf 87' lang='lat' dir='ltr'><strong><em>p.</em></strong></span> <span class='ocrx_word' id='word_1_372' title='bbox 1284 4449 1318 4502; x_wconf 85' lang='lat'><strong><em>82</em></strong></span> <span class='ocrx_word' id='word_1_373' title='bbox 1347 4448 1416 4516; x_wconf 87' lang='lat' dir='ltr'>(lere</span> <span class='ocrx_word' id='word_1_374' title='bbox 1435 4473 1466 4490; x_wconf 88' lang='lat'>=</span> <span class='ocrx_word' id='word_1_375' title='bbox 1486 4447 1579 4502; x_wconf 87' lang='lat' dir='ltr'>Tract.</span> 
     </span>
     <span class='ocr_line' id='line_1_40' title="bbox 355 4527 1580 4605; baseline 0.003 -25"><span class='ocrx_word' id='word_1_376' title='bbox 355 4527 429 4581; x_wconf 81' lang='lat' dir='ltr'>Harl.</span> <span class='ocrx_word' id='word_1_377' title='bbox 448 4544 473 4596; x_wconf 89' lang='lat' dir='ltr'><strong><em>p.</em></strong></span> <span class='ocrx_word' id='word_1_378' title='bbox 492 4529 626 4597; x_wconf 77' lang='grc' dir='ltr'><strong><em>324,15)ι</em></strong></span> <span class='ocrx_word' id='word_1_379' title='bbox 649 4529 682 4584; x_wconf 86' lang='grc' dir='ltr'><strong><em>τό</em></strong></span> <span class='ocrx_word' id='word_1_380' title='bbox 700 4529 822 4604; x_wconf 79' lang='grc' dir='ltr'><strong><em>ἡρωϊκόν</em></strong></span> <span class='ocrx_word' id='word_1_381' title='bbox 837 4535 939 4605; x_wconf 85' lang='grc' dir='ltr'><strong><em>μέτρον</em></strong></span> <span class='ocrx_word' id='word_1_382' title='bbox 957 4576 962 4585; x_wconf 97' lang='grc'><strong><em>.</em></strong></span> <span class='ocrx_word' id='word_1_383' title='bbox 982 4575 988 4586; x_wconf 96' lang='grc'><strong><em>.</em></strong></span> <span class='ocrx_word' id='word_1_384' title='bbox 1009 4575 1014 4586; x_wconf 96' lang='grc'><strong><em>.</em></strong></span> <span class='ocrx_word' id='word_1_385' title='bbox 1034 4529 1183 4586; x_wconf 83' lang='grc' dir='ltr'><strong><em>κάλλιστον</em></strong></span> <span class='ocrx_word' id='word_1_386' title='bbox 1207 4537 1265 4586; x_wconf 74' lang='grc' dir='ltr'><strong><em>ἐστὶ</em></strong></span> <span class='ocrx_word' id='word_1_387' title='bbox 1285 4535 1432 4586; x_wconf 73' lang='grc' dir='ltr'><strong><em>συνθεῖναι</em></strong></span> <span class='ocrx_word' id='word_1_388' title='bbox 1451 4530 1484 4586; x_wconf 75' lang='grc' dir='ltr'><strong><em>δι’</em></strong></span> <span class='ocrx_word' id='word_1_389' title='bbox 1505 4529 1580 4586; x_wconf 72' lang='lat' dir='ltr'><strong><em>tima</em></strong></span> 
     </span>
     <span class='ocr_line' id='line_1_41' title="bbox 355 4608 1394 4691; baseline 0.01 -28"><span class='ocrx_word' id='word_1_390' title='bbox 355 4608 505 4678; x_wconf 77' lang='grc' dir='ltr'><strong><em>δακτύλιον,</em></strong></span> <span class='ocrx_word' id='word_1_391' title='bbox 524 4610 619 4684; x_wconf 84' lang='grc' dir='ltr'><strong><em>ῶσπερ</em></strong></span> <span class='ocrx_word' id='word_1_392' title='bbox 638 4621 683 4668; x_wconf 83' lang='grc' dir='ltr'><strong><em>καὶ</em></strong></span> <span class='ocrx_word' id='word_1_393' title='bbox 702 4616 736 4669; x_wconf 80' lang='grc' dir='ltr'><strong><em>τά</em></strong></span> <span class='ocrx_word' id='word_1_394' title='bbox 756 4613 825 4670; x_wconf 72' lang='grc' dir='ltr'><strong><em>ἄλλα</em></strong></span> <span class='ocrx_word' id='word_1_395' title='bbox 843 4617 933 4691; x_wconf 85' lang='grc' dir='ltr'><strong><em>μέτρα</em></strong></span> <span class='ocrx_word' id='word_1_396' title='bbox 953 4614 997 4672; x_wconf 78' lang='grc' dir='ltr'><strong><em>διά</em></strong></span> <span class='ocrx_word' id='word_1_397' title='bbox 1017 4619 1075 4671; x_wconf 85' lang='grc' dir='ltr'><strong><em>τῶν</em></strong></span> <span class='ocrx_word' id='word_1_398' title='bbox 1094 4619 1274 4673; x_wconf 81' lang='grc' dir='ltr'><strong><em>οἰκειοτάτων</em></strong></span> <span class='ocrx_word' id='word_1_399' title='bbox 1292 4618 1394 4675; x_wconf 86' lang='grc' dir='ltr'><strong><em>ποδῶν.</em></strong></span> 
     </span>
    </p>
   </div>
   <div class='ocr_carea' id='block_1_4' title="bbox 0 0 1833 5240">
    <p class='ocr_par' dir='ltr' id='par_1_6' title="bbox 0 0 1833 5240">
     <span class='ocr_line' id='line_1_42' title="bbox 0 0 1833 5240; baseline 0 0"><span class='ocrx_word' id='word_1_400' title='bbox 0 0 1833 5240; x_wconf 95' lang='lat' dir='ltr'><strong><em> </em></strong></span> 
     </span>
    </p>
   </div>
  </div>
 </body>
</html>
