<?xml version="1.0" encoding="UTF-8"?>
<!DOCTYPE html PUBLIC "-//W3C//DTD XHTML 1.0 Transitional//EN"
    "http://www.w3.org/TR/xhtml1/DTD/xhtml1-transitional.dtd">
<html xmlns="http://www.w3.org/1999/xhtml" xml:lang="en" lang="en">
 <head>
  <title>
</title>
<meta http-equiv="Content-Type" content="text/html;charset=utf-8" />
  <meta name='ocr-system' content='tesseract 3.04.00' />
  <meta name='ocr-capabilities' content='ocr_page ocr_carea ocr_par ocr_line ocrx_word'/>
</head>
<body>
  <div class='ocr_page' id='page_1' title='image "./destoicorumstud00strigoog_0707.png"; bbox 0 0 3514 5244; ppageno 0'>
   <div class='ocr_carea' id='block_1_1' title="bbox 964 408 984 470">
    <p class='ocr_par' dir='ltr' id='par_1_1' title="bbox 964 408 984 470">
     <span class='ocr_line' id='line_1_1' title="bbox 964 408 984 470; baseline 0 0"><span class='ocrx_word' id='word_1_1' title='bbox 964 408 984 470; x_wconf 91' lang='grc'>4</span> 
     </span>
    </p>
   </div>
   <div class='ocr_carea' id='block_1_2' title="bbox 866 495 1077 505">
    <p class='ocr_par' dir='ltr' id='par_1_2' title="bbox 866 495 1077 505">
     <span class='ocr_line' id='line_1_2' title="bbox 866 495 1077 505; baseline -0.005 0"><span class='ocrx_word' id='word_1_2' title='bbox 866 495 1077 505; x_wconf 68' lang='grc' dir='ltr'><strong>ι-...-----</strong></span> 
     </span>
    </p>
   </div>
   <div class='ocr_carea' id='block_1_3' title="bbox 354 597 1594 1111">
    <p class='ocr_par' dir='ltr' id='par_1_3' title="bbox 354 597 1594 1111">
     <span class='ocr_line' id='line_1_3' title="bbox 355 597 1594 686; baseline 0.003 -24"><span class='ocrx_word' id='word_1_3' title='bbox 355 597 611 686; x_wconf 60' lang='lat' dir='ltr'><strong>llenkpnemffi),</strong></span> <span class='ocrx_word' id='word_1_4' title='bbox 641 599 865 686; x_wconf 79' lang='lat' dir='ltr'><strong>hlbrioum¹⁴),</strong></span> <span class='ocrx_word' id='word_1_5' title='bbox 894 601 978 666; x_wconf 90' lang='lat' dir='ltr'><strong>alios</strong></span> <span class='ocrx_word' id='word_1_6' title='bbox 1002 601 1205 666; x_wconf 88' lang='lat' dir='ltr'><strong>saeculorum</strong></span> <span class='ocrx_word' id='word_1_7' title='bbox 1229 600 1411 666; x_wconf 79' lang='lat' dir='ltr'><strong>duodecimi</strong></span> <span class='ocrx_word' id='word_1_8' title='bbox 1440 609 1473 668; x_wconf 94' lang='lat' dir='ltr'><strong>et</strong></span> <span class='ocrx_word' id='word_1_9' title='bbox 1502 603 1594 668; x_wconf 88' lang='lat' dir='ltr'><strong>tertii</strong></span> 
     </span>
     <span class='ocr_line' id='line_1_4' title="bbox 355 704 1592 790; baseline 0.005 -22"><span class='ocrx_word' id='word_1_10' title='bbox 355 704 472 770; x_wconf 83' lang='lat' dir='ltr'>decimi</span> <span class='ocrx_word' id='word_1_11' title='bbox 501 705 675 790; x_wconf 82' lang='lat' dir='ltr'>scriptores</span> <span class='ocrx_word' id='word_1_12' title='bbox 713 713 1009 773; x_wconf 80' lang='lat' dir='ltr'><strong>commemorantur.</strong></span> <span class='ocrx_word' id='word_1_13' title='bbox 1038 728 1078 772; x_wconf 86' lang='lat' dir='ltr'><strong>ex</strong></span> <span class='ocrx_word' id='word_1_14' title='bbox 1105 706 1267 773; x_wconf 88' lang='lat' dir='ltr'><strong>indicibus</strong></span> <span class='ocrx_word' id='word_1_15' title='bbox 1297 715 1405 774; x_wconf 88' lang='lat' dir='ltr'><strong>autem</strong></span> <span class='ocrx_word' id='word_1_16' title='bbox 1433 708 1592 774; x_wconf 90' lang='lat' dir='ltr'><strong>librorum</strong></span> 
     </span>
     <span class='ocr_line' id='line_1_5' title="bbox 357 813 1594 900; baseline 0.006 -25"><span class='ocrx_word' id='word_1_17' title='bbox 357 813 436 896; x_wconf 83' lang='lat' dir='ltr'><strong>eius,</strong></span> <span class='ocrx_word' id='word_1_18' title='bbox 467 833 548 896; x_wconf 90' lang='lat' dir='ltr'><strong>quos</strong></span> <span class='ocrx_word' id='word_1_19' title='bbox 570 813 711 878; x_wconf 88' lang='lat' dir='ltr'><strong>Ioannes</strong></span> <span class='ocrx_word' id='word_1_20' title='bbox 735 819 768 879; x_wconf 94' lang='lat' dir='ltr'><strong>et</strong></span> <span class='ocrx_word' id='word_1_21' title='bbox 791 813 980 880; x_wconf 80' lang='lat' dir='ltr'><strong>Vincentius</strong></span> <span class='ocrx_word' id='word_1_22' title='bbox 1013 821 1276 900; x_wconf 87' lang='lat' dir='ltr'><strong>composuerunt,</strong></span> <span class='ocrx_word' id='word_1_23' title='bbox 1305 835 1417 881; x_wconf 88' lang='lat' dir='ltr'><strong>omnes</strong></span> <span class='ocrx_word' id='word_1_24' title='bbox 1441 815 1594 882; x_wconf 79' lang='lat' dir='ltr'><strong>Senecae</strong></span> 
     </span>
     <span class='ocr_line' id='line_1_6' title="bbox 354 918 1592 1005; baseline 0.004 -24"><span class='ocrx_word' id='word_1_25' title='bbox 354 919 456 985; x_wconf 89' lang='lat' dir='ltr'><strong>libros</strong></span> <span class='ocrx_word' id='word_1_26' title='bbox 472 920 625 1004; x_wconf 89' lang='lat' dir='ltr'><strong>integros,</strong></span> <span class='ocrx_word' id='word_1_27' title='bbox 649 919 704 1002; x_wconf 89' lang='lat' dir='ltr'><strong>qui</strong></span> <span class='ocrx_word' id='word_1_28' title='bbox 718 918 816 985; x_wconf 88' lang='lat' dir='ltr'><strong>hodie</strong></span> <span class='ocrx_word' id='word_1_29' title='bbox 831 925 951 1003; x_wconf 86' lang='lat' dir='ltr'><strong>extant,</strong></span> <span class='ocrx_word' id='word_1_30' title='bbox 967 927 1096 1005; x_wconf 91' lang='lat' dir='ltr'><strong>praeter</strong></span> <span class='ocrx_word' id='word_1_31' title='bbox 1111 921 1261 1004; x_wconf 82' lang='lat' dir='ltr'><strong>dialogor</strong></span> <span class='ocrx_word' id='word_1_32' title='bbox 1278 927 1353 988; x_wconf 90' lang='lat' dir='ltr'><strong>tunc</strong></span> <span class='ocrx_word' id='word_1_33' title='bbox 1367 922 1401 986; x_wconf 95' lang='lat' dir='ltr'><strong>in</strong></span> <span class='ocrx_word' id='word_1_34' title='bbox 1415 923 1592 988; x_wconf 81' lang='lat' dir='ltr'><strong>Britannia</strong></span> 
     </span>
     <span class='ocr_line' id='line_1_7' title="bbox 355 1027 990 1111; baseline 0 -19"><span class='ocrx_word' id='word_1_35' title='bbox 355 1037 388 1092; x_wconf 90' lang='lat' dir='ltr'><strong>et</strong></span> <span class='ocrx_word' id='word_1_36' title='bbox 411 1027 521 1092; x_wconf 83' lang='lat' dir='ltr'><strong>Gallia</strong></span> <span class='ocrx_word' id='word_1_37' title='bbox 543 1034 638 1092; x_wconf 90' lang='lat' dir='ltr'><strong>notos</strong></span> <span class='ocrx_word' id='word_1_38' title='bbox 662 1027 763 1092; x_wconf 86' lang='lat' dir='ltr'><strong>fuisse</strong></span> <span class='ocrx_word' id='word_1_39' title='bbox 786 1027 990 1111; x_wconf 81' lang='lat' dir='ltr'><strong>perspicitur.</strong></span> 
     </span>
    </p>
   </div>
   <div class='ocr_carea' id='block_1_4' title="bbox 351 1152 1593 2626">
    <p class='ocr_par' dir='ltr' id='par_1_4' title="bbox 351 1152 1593 2626">
     <span class='ocr_line' id='line_1_8' title="bbox 443 1152 1593 1238; baseline 0.002 -22"><span class='ocrx_word' id='word_1_40' title='bbox 443 1152 507 1216; x_wconf 92' lang='lat' dir='ltr'><strong>iam</strong></span> <span class='ocrx_word' id='word_1_41' title='bbox 522 1172 599 1218; x_wconf 91' lang='lat' dir='ltr'><strong>vero</strong></span> <span class='ocrx_word' id='word_1_42' title='bbox 619 1152 668 1236; x_wconf 90' lang='lat' dir='ltr'><strong>iis,</strong></span> <span class='ocrx_word' id='word_1_43' title='bbox 692 1172 776 1234; x_wconf 88' lang='lat' dir='ltr'><strong>quae</strong></span> <span class='ocrx_word' id='word_1_44' title='bbox 800 1152 948 1218; x_wconf 88' lang='lat' dir='ltr'><strong>insecuta</strong></span> <span class='ocrx_word' id='word_1_45' title='bbox 972 1159 1054 1236; x_wconf 91' lang='lat' dir='ltr'><strong>sunt,</strong></span> <span class='ocrx_word' id='word_1_46' title='bbox 1077 1153 1276 1238; x_wconf 81' lang='lat' dir='ltr'><strong>temporibus</strong></span> <span class='ocrx_word' id='word_1_47' title='bbox 1297 1161 1329 1220; x_wconf 90' lang='lat' dir='ltr'><strong>et</strong></span> <span class='ocrx_word' id='word_1_48' title='bbox 1348 1155 1593 1220; x_wconf 87' lang='lat' dir='ltr'><strong>renascentium</strong></span> 
     </span>
     <span class='ocr_line' id='line_1_9' title="bbox 354 1258 1589 1346; baseline 0.001 -23"><span class='ocrx_word' id='word_1_49' title='bbox 354 1259 536 1324; x_wconf 87' lang='lat' dir='ltr'><strong>litterarum</strong></span> <span class='ocrx_word' id='word_1_50' title='bbox 560 1265 670 1325; x_wconf 89' lang='lat' dir='ltr'><strong>aetate</strong></span> <span class='ocrx_word' id='word_1_51' title='bbox 694 1258 804 1324; x_wconf 88' lang='lat' dir='ltr'><strong>studia</strong></span> <span class='ocrx_word' id='word_1_52' title='bbox 820 1261 999 1325; x_wconf 79' lang='lat' dir='ltr'><strong>Annaeana</strong></span> <span class='ocrx_word' id='word_1_53' title='bbox 1023 1280 1140 1324; x_wconf 90' lang='lat' dir='ltr'><strong>novum</strong></span> <span class='ocrx_word' id='word_1_54' title='bbox 1164 1261 1396 1327; x_wconf 88' lang='lat' dir='ltr'><strong>incrementum</strong></span> <span class='ocrx_word' id='word_1_55' title='bbox 1419 1271 1589 1346; x_wconf 84' lang='lat' dir='ltr'><strong>ceperunt</strong></span> 
     </span>
     <span class='ocr_line' id='line_1_10' title="bbox 360 1366 1593 1452; baseline 0 -22"><span class='ocrx_word' id='word_1_56' title='bbox 360 1383 555 1450; x_wconf 88' lang='lat' dir='ltr'><strong>quamquam</strong></span> <span class='ocrx_word' id='word_1_57' title='bbox 592 1372 700 1430; x_wconf 89' lang='lat' dir='ltr'><strong>autem</strong></span> <span class='ocrx_word' id='word_1_58' title='bbox 738 1366 841 1430; x_wconf 89' lang='lat' dir='ltr'><strong>oratio</strong></span> <span class='ocrx_word' id='word_1_59' title='bbox 879 1367 1030 1432; x_wconf 91' lang='lat' dir='ltr'><strong>librorum</strong></span> <span class='ocrx_word' id='word_1_60' title='bbox 1069 1367 1262 1451; x_wconf 89' lang='lat' dir='ltr'><strong>saepissime</strong></span> <span class='ocrx_word' id='word_1_61' title='bbox 1291 1366 1531 1452; x_wconf 87' lang='lat' dir='ltr'><strong>descriptorum</strong></span> <span class='ocrx_word' id='word_1_62' title='bbox 1560 1375 1593 1433; x_wconf 87' lang='lat' dir='ltr'><strong>et</strong></span> 
     </span>
     <span class='ocr_line' id='line_1_11' title="bbox 353 1471 1591 1559; baseline -0.001 -21"><span class='ocrx_word' id='word_1_63' title='bbox 353 1491 505 1557; x_wconf 90' lang='lat' dir='ltr'><strong>perverso</strong></span> <span class='ocrx_word' id='word_1_64' title='bbox 530 1471 724 1538; x_wconf 91' lang='lat' dir='ltr'><strong>emendandi</strong></span> <span class='ocrx_word' id='word_1_65' title='bbox 749 1472 856 1538; x_wconf 91' lang='lat' dir='ltr'><strong>studio</strong></span> <span class='ocrx_word' id='word_1_66' title='bbox 880 1481 1069 1539; x_wconf 83' lang='lat' dir='ltr'><strong>vexatorum</strong></span> <span class='ocrx_word' id='word_1_67' title='bbox 1093 1473 1253 1539; x_wconf 91' lang='lat' dir='ltr'><strong>interdum</strong></span> <span class='ocrx_word' id='word_1_68' title='bbox 1282 1481 1450 1559; x_wconf 84' lang='lat' dir='ltr'><strong>tantopere</strong></span> <span class='ocrx_word' id='word_1_69' title='bbox 1473 1475 1591 1538; x_wconf 90' lang='lat' dir='ltr'><strong>immu-</strong></span> 
     </span>
     <span class='ocr_line' id='line_1_12' title="bbox 354 1579 1590 1666; baseline 0 -21"><span class='ocrx_word' id='word_1_70' title='bbox 354 1589 423 1645; x_wconf 88' lang='lat' dir='ltr'><strong>tata</strong></span> <span class='ocrx_word' id='word_1_71' title='bbox 448 1588 505 1664; x_wconf 84' lang='lat' dir='ltr'><strong>est,</strong></span> <span class='ocrx_word' id='word_1_72' title='bbox 529 1581 584 1644; x_wconf 81' lang='lat' dir='ltr'><strong>vix</strong></span> <span class='ocrx_word' id='word_1_73' title='bbox 607 1587 642 1644; x_wconf 92' lang='lat' dir='ltr'><strong>ut</strong></span> <span class='ocrx_word' id='word_1_74' title='bbox 667 1581 825 1645; x_wconf 84' lang='lat' dir='ltr'><strong>Senecam</strong></span> <span class='ocrx_word' id='word_1_75' title='bbox 849 1601 1020 1665; x_wconf 89' lang='lat' dir='ltr'><strong>agnoscas,</strong></span> <span class='ocrx_word' id='word_1_76' title='bbox 1045 1579 1176 1663; x_wconf 90' lang='lat' dir='ltr'><strong>qnidam</strong></span> <span class='ocrx_word' id='word_1_77' title='bbox 1200 1601 1318 1666; x_wconf 90' lang='lat' dir='ltr'><strong>eorum,</strong></span> <span class='ocrx_word' id='word_1_78' title='bbox 1345 1581 1433 1647; x_wconf 91' lang='lat' dir='ltr'><strong>velut</strong></span> <span class='ocrx_word' id='word_1_79' title='bbox 1460 1579 1590 1662; x_wconf 82' lang='lat' dir='ltr'><strong>dialogi</strong></span> 
     </span>
     <span class='ocr_line' id='line_1_13' title="bbox 354 1685 1588 1772; baseline -0.003 -19"><span class='ocrx_word' id='word_1_80' title='bbox 354 1694 386 1753; x_wconf 88' lang='lat' dir='ltr'><strong>et</strong></span> <span class='ocrx_word' id='word_1_81' title='bbox 419 1686 711 1772; x_wconf 90' lang='lat' dir='ltr'><strong>apocolocyntosis,</strong></span> <span class='ocrx_word' id='word_1_82' title='bbox 743 1694 841 1753; x_wconf 88' lang='lat' dir='ltr'><strong>antea</strong></span> <span class='ocrx_word' id='word_1_83' title='bbox 865 1687 979 1772; x_wconf 90' lang='lat' dir='ltr'><strong>paucis</strong></span> <span class='ocrx_word' id='word_1_84' title='bbox 1012 1688 1133 1770; x_wconf 82' lang='lat' dir='ltr'><strong>cogniti</strong></span> <span class='ocrx_word' id='word_1_85' title='bbox 1165 1695 1241 1752; x_wconf 90' lang='lat' dir='ltr'><strong>tunc</strong></span> <span class='ocrx_word' id='word_1_86' title='bbox 1274 1686 1401 1752; x_wconf 89' lang='lat' dir='ltr'><strong>demum</strong></span> <span class='ocrx_word' id='word_1_87' title='bbox 1434 1686 1466 1751; x_wconf 92' lang='lat' dir='ltr'><strong>in</strong></span> <span class='ocrx_word' id='word_1_88' title='bbox 1494 1685 1588 1768; x_wconf 90' lang='lat' dir='ltr'><strong>vulgi</strong></span> 
     </span>
     <span class='ocr_line' id='line_1_14' title="bbox 352 1793 1589 1879; baseline -0.002 -20"><span class='ocrx_word' id='word_1_89' title='bbox 352 1795 500 1859; x_wconf 86' lang='lat' dir='ltr'><strong>notitiam</strong></span> <span class='ocrx_word' id='word_1_90' title='bbox 523 1803 746 1879; x_wconf 90' lang='lat' dir='ltr'><strong>pervenerunt.</strong></span> <span class='ocrx_word' id='word_1_91' title='bbox 792 1795 975 1879; x_wconf 85' lang='lat' dir='ltr'><strong>peculiares</strong></span> <span class='ocrx_word' id='word_1_92' title='bbox 998 1793 1073 1859; x_wconf 92' lang='lat' dir='ltr'><strong>huic</strong></span> <span class='ocrx_word' id='word_1_93' title='bbox 1087 1795 1198 1877; x_wconf 90' lang='lat' dir='ltr'><strong>aetati,</strong></span> <span class='ocrx_word' id='word_1_94' title='bbox 1215 1813 1409 1877; x_wconf 91' lang='lat' dir='ltr'><strong>quamquam</strong></span> <span class='ocrx_word' id='word_1_95' title='bbox 1426 1793 1589 1876; x_wconf 77' lang='lat' dir='ltr'><strong>quosdam</strong></span> 
     </span>
     <span class='ocr_line' id='line_1_15' title="bbox 353 1900 1589 1986; baseline 0 -22"><span class='ocrx_word' id='word_1_96' title='bbox 353 1902 417 1966; x_wconf 91' lang='lat' dir='ltr'><strong>iam</strong></span> <span class='ocrx_word' id='word_1_97' title='bbox 442 1903 573 1968; x_wconf 90' lang='lat' dir='ltr'><strong>saeculo</strong></span> <span class='ocrx_word' id='word_1_98' title='bbox 597 1900 721 1966; x_wconf 91' lang='lat' dir='ltr'><strong>decimo</strong></span> <span class='ocrx_word' id='word_1_99' title='bbox 746 1903 841 1968; x_wconf 91' lang='lat' dir='ltr'><strong>tertio</strong></span> <span class='ocrx_word' id='word_1_100' title='bbox 867 1909 1018 1968; x_wconf 86' lang='lat' dir='ltr'><strong>exaratos</strong></span> <span class='ocrx_word' id='word_1_101' title='bbox 1042 1921 1116 1967; x_wconf 89' lang='lat' dir='ltr'><strong>esse</strong></span> <span class='ocrx_word' id='word_1_102' title='bbox 1145 1907 1286 1986; x_wconf 89' lang='lat' dir='ltr'><strong>constat,</strong></span> <span class='ocrx_word' id='word_1_103' title='bbox 1314 1902 1423 1984; x_wconf 90' lang='lat' dir='ltr'><strong>magni</strong></span> <span class='ocrx_word' id='word_1_104' title='bbox 1452 1901 1589 1984; x_wconf 89' lang='lat' dir='ltr'><strong>quidam</strong></span> 
     </span>
     <span class='ocr_line' id='line_1_16' title="bbox 353 2007 1588 2092; baseline -0.002 -20"><span class='ocrx_word' id='word_1_105' title='bbox 353 2016 427 2073; x_wconf 84' lang='lat' dir='ltr'><strong>sunt</strong></span> <span class='ocrx_word' id='word_1_106' title='bbox 458 2009 630 2074; x_wconf 89' lang='lat' dir='ltr'><strong>voluminis</strong></span> <span class='ocrx_word' id='word_1_107' title='bbox 664 2007 806 2092; x_wconf 89' lang='lat' dir='ltr'><strong>codices,</strong></span> <span class='ocrx_word' id='word_1_108' title='bbox 840 2009 957 2092; x_wconf 89' lang='lat' dir='ltr'><strong>quibus</strong></span> <span class='ocrx_word' id='word_1_109' title='bbox 990 2028 1100 2074; x_wconf 91' lang='lat' dir='ltr'><strong>omnes</strong></span> <span class='ocrx_word' id='word_1_110' title='bbox 1134 2014 1191 2072; x_wconf 89' lang='lat' dir='ltr'><strong>aut</strong></span> <span class='ocrx_word' id='word_1_111' title='bbox 1221 2028 1317 2090; x_wconf 88' lang='lat' dir='ltr'><strong>quarn</strong></span> <span class='ocrx_word' id='word_1_112' title='bbox 1349 2009 1478 2091; x_wconf 91' lang='lat' dir='ltr'><strong>plurimi</strong></span> <span class='ocrx_word' id='word_1_113' title='bbox 1511 2007 1588 2072; x_wconf 92' lang='lat' dir='ltr'><strong>libri</strong></span> 
     </span>
     <span class='ocr_line' id='line_1_17' title="bbox 352 2113 1588 2199; baseline -0.001 -21"><span class='ocrx_word' id='word_1_114' title='bbox 352 2116 523 2180; x_wconf 84' lang='lat' dir='ltr'><strong>Annaeani</strong></span> <span class='ocrx_word' id='word_1_115' title='bbox 554 2114 914 2199; x_wconf 88' lang='lat' dir='ltr'><strong>comprehendebantur.</strong></span> <span class='ocrx_word' id='word_1_116' title='bbox 971 2113 1031 2180; x_wconf 95' lang='lat' dir='ltr'><strong>hoc</strong></span> <span class='ocrx_word' id='word_1_117' title='bbox 1063 2115 1161 2198; x_wconf 91' lang='lat' dir='ltr'><strong>igitur</strong></span> <span class='ocrx_word' id='word_1_118' title='bbox 1193 2113 1288 2179; x_wconf 93' lang='lat' dir='ltr'><strong>modo</strong></span> <span class='ocrx_word' id='word_1_119' title='bbox 1312 2113 1518 2198; x_wconf 78' lang='lat' dir='ltr'><strong>factumest,</strong></span> <span class='ocrx_word' id='word_1_120' title='bbox 1543 2121 1588 2195; x_wconf 86' lang='lat' dir='ltr'><strong>ut,</strong></span> 
     </span>
     <span class='ocr_line' id='line_1_18' title="bbox 352 2221 1587 2308; baseline -0.002 -22"><span class='ocrx_word' id='word_1_121' title='bbox 352 2221 499 2305; x_wconf 87' lang='lat' dir='ltr'><strong>quamvis</strong></span> <span class='ocrx_word' id='word_1_122' title='bbox 531 2222 687 2308; x_wconf 88' lang='lat' dir='ltr'><strong>plurimos</strong></span> <span class='ocrx_word' id='word_1_123' title='bbox 720 2223 923 2306; x_wconf 88' lang='lat' dir='ltr'><strong>optimosque</strong></span> <span class='ocrx_word' id='word_1_124' title='bbox 955 2222 1085 2287; x_wconf 89' lang='lat' dir='ltr'><strong>codices</strong></span> <span class='ocrx_word' id='word_1_125' title='bbox 1118 2229 1194 2288; x_wconf 90' lang='lat' dir='ltr'><strong>ante</strong></span> <span class='ocrx_word' id='word_1_126' title='bbox 1231 2221 1313 2286; x_wconf 91' lang='lat' dir='ltr'><strong>haec</strong></span> <span class='ocrx_word' id='word_1_127' title='bbox 1349 2221 1412 2285; x_wconf 90' lang='lat' dir='ltr'><strong>tria</strong></span> <span class='ocrx_word' id='word_1_128' title='bbox 1450 2221 1587 2287; x_wconf 89' lang='lat' dir='ltr'><strong>saecula</strong></span> 
     </span>
     <span class='ocr_line' id='line_1_19' title="bbox 351 2327 1586 2414; baseline -0.002 -19"><span class='ocrx_word' id='word_1_129' title='bbox 351 2329 489 2413; x_wconf 88' lang='lat' dir='ltr'><strong>periisse</strong></span> <span class='ocrx_word' id='word_1_130' title='bbox 522 2336 660 2412; x_wconf 89' lang='lat' dir='ltr'><strong>constet,</strong></span> <span class='ocrx_word' id='word_1_131' title='bbox 693 2329 748 2392; x_wconf 88' lang='lat' dir='ltr'><strong>vix</strong></span> <span class='ocrx_word' id='word_1_132' title='bbox 781 2329 848 2394; x_wconf 94' lang='lat' dir='ltr'><strong>ulla</strong></span> <span class='ocrx_word' id='word_1_133' title='bbox 878 2329 920 2394; x_wconf 92' lang='lat' dir='ltr'><strong>sit</strong></span> <span class='ocrx_word' id='word_1_134' title='bbox 943 2349 1001 2414; x_wconf 89' lang='lat' dir='ltr'><strong>per</strong></span> <span class='ocrx_word' id='word_1_135' title='bbox 1025 2328 1240 2411; x_wconf 86' lang='lat' dir='ltr'><strong>Germaniam,</strong></span> <span class='ocrx_word' id='word_1_136' title='bbox 1265 2328 1415 2413; x_wconf 81' lang='lat' dir='ltr'><strong>Galbam,</strong></span> <span class='ocrx_word' id='word_1_137' title='bbox 1443 2327 1586 2408; x_wconf 85' lang='lat' dir='ltr'><strong>ltaliam,</strong></span> 
     </span>
     <span class='ocr_line' id='line_1_20' title="bbox 351 2435 1586 2520; baseline -0.002 -20"><span class='ocrx_word' id='word_1_138' title='bbox 351 2436 562 2520; x_wconf 85' lang='lat' dir='ltr'><strong>Britanniam,</strong></span> <span class='ocrx_word' id='word_1_139' title='bbox 590 2435 784 2520; x_wconf 87' lang='lat' dir='ltr'><strong>Hispaniam</strong></span> <span class='ocrx_word' id='word_1_140' title='bbox 814 2435 1012 2500; x_wconf 90' lang='lat' dir='ltr'><strong>bibliotheca</strong></span> <span class='ocrx_word' id='word_1_141' title='bbox 1039 2435 1149 2519; x_wconf 91' lang='lat' dir='ltr'><strong>paullo</strong></span> <span class='ocrx_word' id='word_1_142' title='bbox 1177 2435 1348 2518; x_wconf 90' lang='lat' dir='ltr'><strong>vetustior,</strong></span> <span class='ocrx_word' id='word_1_143' title='bbox 1381 2435 1458 2518; x_wconf 89' lang='lat' dir='ltr'><strong>quin</strong></span> <span class='ocrx_word' id='word_1_144' title='bbox 1485 2455 1586 2500; x_wconf 90' lang='lat' dir='ltr'><strong>unum</strong></span> 
     </span>
     <span class='ocr_line' id='line_1_21' title="bbox 352 2541 1382 2626; baseline 0.003 -19"><span class='ocrx_word' id='word_1_145' title='bbox 352 2549 439 2608; x_wconf 88' lang='lat' dir='ltr'><strong>certe</strong></span> <span class='ocrx_word' id='word_1_146' title='bbox 463 2548 520 2606; x_wconf 91' lang='lat' dir='ltr'><strong>aut</strong></span> <span class='ocrx_word' id='word_1_147' title='bbox 541 2541 652 2626; x_wconf 90' lang='lat' dir='ltr'><strong>plores</strong></span> <span class='ocrx_word' id='word_1_148' title='bbox 677 2542 821 2607; x_wconf 87' lang='lat' dir='ltr'><strong>Senecae</strong></span> <span class='ocrx_word' id='word_1_149' title='bbox 846 2542 945 2607; x_wconf 90' lang='lat' dir='ltr'><strong>libros</strong></span> <span class='ocrx_word' id='word_1_150' title='bbox 969 2561 1066 2606; x_wconf 92' lang='lat' dir='ltr'><strong>manu</strong></span> <span class='ocrx_word' id='word_1_151' title='bbox 1090 2541 1229 2626; x_wconf 88' lang='lat' dir='ltr'><strong>scriptos</strong></span> <span class='ocrx_word' id='word_1_152' title='bbox 1253 2541 1382 2609; x_wconf 91' lang='lat' dir='ltr'><strong>habeat.</strong></span> 
     </span>
    </p>
   </div>
   <div class='ocr_carea' id='block_1_5' title="bbox 330 2665 1586 4464">
    <p class='ocr_par' dir='ltr' id='par_1_5' title="bbox 330 2665 1586 4464">
     <span class='ocr_line' id='line_1_22' title="bbox 441 2665 1585 2752; baseline -0.001 -21"><span class='ocrx_word' id='word_1_153' title='bbox 441 2673 579 2752; x_wconf 90' lang='lat' dir='ltr'><strong>apparet</strong></span> <span class='ocrx_word' id='word_1_154' title='bbox 611 2667 674 2731; x_wconf 89' lang='lat' dir='ltr'><strong>iam</strong></span> <span class='ocrx_word' id='word_1_155' title='bbox 710 2687 749 2731; x_wconf 79' lang='lat' dir='ltr'><strong>ex</strong></span> <span class='ocrx_word' id='word_1_156' title='bbox 782 2666 833 2732; x_wconf 94' lang='lat' dir='ltr'><strong>his</strong></span> <span class='ocrx_word' id='word_1_157' title='bbox 866 2667 1018 2732; x_wconf 92' lang='lat' dir='ltr'><strong>librorum</strong></span> <span class='ocrx_word' id='word_1_158' title='bbox 1043 2667 1188 2732; x_wconf 84' lang='lat' dir='ltr'><strong>Senecae</strong></span> <span class='ocrx_word' id='word_1_159' title='bbox 1226 2665 1312 2750; x_wconf 87' lang='lat' dir='ltr'><strong>fatis,</strong></span> <span class='ocrx_word' id='word_1_160' title='bbox 1351 2686 1435 2749; x_wconf 90' lang='lat' dir='ltr'><strong>quae</strong></span> <span class='ocrx_word' id='word_1_161' title='bbox 1471 2667 1585 2750; x_wconf 90' lang='lat' dir='ltr'><strong>primis</strong></span> 
     </span>
     <span class='ocr_line' id='line_1_23' title="bbox 354 2772 1585 2858; baseline -0.002 -20"><span class='ocrx_word' id='word_1_162' title='bbox 354 2782 477 2840; x_wconf 90' lang='lat' dir='ltr'><strong>tantum</strong></span> <span class='ocrx_word' id='word_1_163' title='bbox 527 2773 621 2838; x_wconf 87' lang='lat' dir='ltr'><strong>lineis</strong></span> <span class='ocrx_word' id='word_1_164' title='bbox 675 2772 952 2857; x_wconf 86' lang='lat' dir='ltr'><strong>adumbravimus,</strong></span> <span class='ocrx_word' id='word_1_165' title='bbox 1001 2793 1116 2857; x_wconf 90' lang='lat' dir='ltr'><strong>parum</strong></span> <span class='ocrx_word' id='word_1_166' title='bbox 1165 2773 1376 2858; x_wconf 89' lang='lat' dir='ltr'><strong>probabiliter</strong></span> <span class='ocrx_word' id='word_1_167' title='bbox 1425 2773 1585 2856; x_wconf 89' lang='lat' dir='ltr'><strong>quosdam</strong></span> 
     </span>
     <span class='ocr_line' id='line_1_24' title="bbox 352 2881 1586 2966; baseline 0 -21"><span class='ocrx_word' id='word_1_168' title='bbox 352 2881 448 2945; x_wconf 90' lang='lat' dir='ltr'><strong>hodie</strong></span> <span class='ocrx_word' id='word_1_169' title='bbox 497 2881 624 2966; x_wconf 93' lang='lat' dir='ltr'><strong>opinari</strong></span> <span class='ocrx_word' id='word_1_170' title='bbox 671 2888 773 2946; x_wconf 91' lang='lat' dir='ltr'><strong>artem</strong></span> <span class='ocrx_word' id='word_1_171' title='bbox 819 2881 963 2946; x_wconf 89' lang='lat' dir='ltr'><strong>criticam</strong></span> <span class='ocrx_word' id='word_1_172' title='bbox 1005 2882 1048 2946; x_wconf 91' lang='lat' dir='ltr'><strong>ad</strong></span> <span class='ocrx_word' id='word_1_173' title='bbox 1091 2901 1215 2965; x_wconf 91' lang='lat' dir='ltr'><strong>paucos</strong></span> <span class='ocrx_word' id='word_1_174' title='bbox 1257 2881 1415 2964; x_wconf 88' lang='lat' dir='ltr'><strong>quosdam</strong></span> <span class='ocrx_word' id='word_1_175' title='bbox 1452 2881 1586 2946; x_wconf 88' lang='lat' dir='ltr'><strong>codices</strong></span> 
     </span>
     <span class='ocr_line' id='line_1_25' title="bbox 354 2987 1584 3072; baseline 0 -21"><span class='ocrx_word' id='word_1_176' title='bbox 354 2995 510 3070; x_wconf 88' lang='lat' dir='ltr'><strong>vetustos,</strong></span> <span class='ocrx_word' id='word_1_177' title='bbox 557 2987 611 3070; x_wconf 92' lang='lat' dir='ltr'><strong>qui</strong></span> <span class='ocrx_word' id='word_1_178' title='bbox 659 2987 701 3052; x_wconf 92' lang='lat' dir='ltr'><strong>ad</strong></span> <span class='ocrx_word' id='word_1_179' title='bbox 748 2995 889 3052; x_wconf 87' lang='lat' dir='ltr'><strong>aetatem</strong></span> <span class='ocrx_word' id='word_1_180' title='bbox 934 2995 1078 3054; x_wconf 88' lang='lat' dir='ltr'><strong>nostram</strong></span> <span class='ocrx_word' id='word_1_181' title='bbox 1119 2989 1333 3072; x_wconf 87' lang='lat' dir='ltr'><strong>pervenerint,</strong></span> <span class='ocrx_word' id='word_1_182' title='bbox 1378 2988 1584 3071; x_wconf 91' lang='lat' dir='ltr'><strong>dirigendam</strong></span> 
     </span>
     <span class='ocr_line' id='line_1_26' title="bbox 352 3093 1584 3180; baseline -0.002 -21"><span class='ocrx_word' id='word_1_183' title='bbox 352 3115 433 3180; x_wconf 84' lang='lat' dir='ltr'><strong>esse,</strong></span> <span class='ocrx_word' id='word_1_184' title='bbox 457 3093 654 3160; x_wconf 87' lang='lat' dir='ltr'><strong>recentiores</strong></span> <span class='ocrx_word' id='word_1_185' title='bbox 677 3115 763 3179; x_wconf 89' lang='lat' dir='ltr'><strong>vero,</strong></span> <span class='ocrx_word' id='word_1_186' title='bbox 789 3095 908 3180; x_wconf 85' lang='lat' dir='ltr'><strong>quippe</strong></span> <span class='ocrx_word' id='word_1_187' title='bbox 938 3096 992 3178; x_wconf 89' lang='lat' dir='ltr'><strong>qui</strong></span> <span class='ocrx_word' id='word_1_188' title='bbox 1026 3115 1065 3160; x_wconf 87' lang='lat' dir='ltr'><strong>ex</strong></span> <span class='ocrx_word' id='word_1_189' title='bbox 1098 3095 1163 3159; x_wconf 92' lang='lat' dir='ltr'><strong>illis</strong></span> <span class='ocrx_word' id='word_1_190' title='bbox 1191 3093 1244 3159; x_wconf 93' lang='lat' dir='ltr'><strong>vel</strong></span> <span class='ocrx_word' id='word_1_191' title='bbox 1272 3093 1444 3161; x_wconf 90' lang='lat' dir='ltr'><strong>simillimis</strong></span> <span class='ocrx_word' id='word_1_192' title='bbox 1473 3115 1584 3160; x_wconf 90' lang='lat' dir='ltr'><strong>eorum</strong></span> 
     </span>
     <span class='ocr_line' id='line_1_27' title="bbox 352 3199 1584 3288; baseline -0.001 -23"><span class='ocrx_word' id='word_1_193' title='bbox 352 3200 394 3265; x_wconf 91' lang='lat' dir='ltr'><strong>ad</strong></span> <span class='ocrx_word' id='word_1_194' title='bbox 418 3221 514 3266; x_wconf 90' lang='lat' dir='ltr'><strong>onum</strong></span> <span class='ocrx_word' id='word_1_195' title='bbox 539 3221 649 3267; x_wconf 88' lang='lat' dir='ltr'><strong>omnes</strong></span> <span class='ocrx_word' id='word_1_196' title='bbox 674 3200 812 3268; x_wconf 90' lang='lat' dir='ltr'><strong>derivati</strong></span> <span class='ocrx_word' id='word_1_197' title='bbox 837 3201 914 3286; x_wconf 90' lang='lat' dir='ltr'><strong>sint,</strong></span> <span class='ocrx_word' id='word_1_198' title='bbox 945 3199 1142 3267; x_wconf 90' lang='lat' dir='ltr'><strong>abiciendos.</strong></span> <span class='ocrx_word' id='word_1_199' title='bbox 1194 3201 1245 3266; x_wconf 91' lang='lat' dir='ltr'><strong>cui</strong></span> <span class='ocrx_word' id='word_1_200' title='bbox 1274 3201 1417 3286; x_wconf 91' lang='lat' dir='ltr'><strong>opinioni</strong></span> <span class='ocrx_word' id='word_1_201' title='bbox 1443 3202 1584 3288; x_wconf 86' lang='lat' dir='ltr'><strong>patroci-</strong></span> 
     </span>
     <span class='ocr_line' id='line_1_28' title="bbox 351 3307 1582 3393; baseline 0.002 -21"><span class='ocrx_word' id='word_1_202' title='bbox 351 3315 461 3372; x_wconf 89' lang='lat' dir='ltr'><strong>natum</strong></span> <span class='ocrx_word' id='word_1_203' title='bbox 485 3307 624 3391; x_wconf 90' lang='lat' dir='ltr'><strong>quodam</strong></span> <span class='ocrx_word' id='word_1_204' title='bbox 649 3307 745 3374; x_wconf 92' lang='lat' dir='ltr'><strong>modo</strong></span> <span class='ocrx_word' id='word_1_205' title='bbox 770 3315 820 3374; x_wconf 91' lang='lat' dir='ltr'><strong>est</strong></span> <span class='ocrx_word' id='word_1_206' title='bbox 844 3309 1009 3392; x_wconf 86' lang='lat' dir='ltr'><strong>exemplar</strong></span> <span class='ocrx_word' id='word_1_207' title='bbox 1031 3307 1283 3393; x_wconf 80' lang='lat' dir='ltr'><strong>Fickertianum,</strong></span> <span class='ocrx_word' id='word_1_208' title='bbox 1315 3309 1348 3372; x_wconf 90' lang='lat' dir='ltr'><strong>in</strong></span> <span class='ocrx_word' id='word_1_209' title='bbox 1378 3329 1440 3390; x_wconf 92' lang='lat' dir='ltr'><strong>quo</strong></span> <span class='ocrx_word' id='word_1_210' title='bbox 1471 3329 1582 3391; x_wconf 86' lang='lat' dir='ltr'><strong>quam·</strong></span> 
     </span>
     <span class='ocr_line' id='line_1_29' title="bbox 352 3414 1584 3499; baseline -0.002 -19"><span class='ocrx_word' id='word_1_211' title='bbox 352 3435 448 3498; x_wconf 90' lang='lat' dir='ltr'><strong>quam</strong></span> <span class='ocrx_word' id='word_1_212' title='bbox 471 3415 577 3499; x_wconf 91' lang='lat' dir='ltr'><strong>prima</strong></span> <span class='ocrx_word' id='word_1_213' title='bbox 600 3416 707 3481; x_wconf 93' lang='lat' dir='ltr'><strong>iustae</strong></span> <span class='ocrx_word' id='word_1_214' title='bbox 721 3415 920 3480; x_wconf 89' lang='lat' dir='ltr'><strong>recensionis</strong></span> <span class='ocrx_word' id='word_1_215' title='bbox 935 3414 1146 3480; x_wconf 86' lang='lat' dir='ltr'><strong>fundamenta</strong></span> <span class='ocrx_word' id='word_1_216' title='bbox 1159 3415 1247 3479; x_wconf 89' lang='lat' dir='ltr'><strong>iacta</strong></span> <span class='ocrx_word' id='word_1_217' title='bbox 1262 3422 1344 3499; x_wconf 85' lang='lat' dir='ltr'><strong>sunt,</strong></span> <span class='ocrx_word' id='word_1_218' title='bbox 1364 3435 1436 3480; x_wconf 92' lang='lat' dir='ltr'><strong>oum</strong></span> <span class='ocrx_word' id='word_1_219' title='bbox 1450 3415 1584 3498; x_wconf 86' lang='lat' dir='ltr'><strong>farrago</strong></span> 
     </span>
     <span class='ocr_line' id='line_1_30' title="bbox 353 3520 1582 3604; baseline -0.001 -18"><span class='ocrx_word' id='word_1_220' title='bbox 353 3522 491 3587; x_wconf 90' lang='lat' dir='ltr'><strong>omnium</strong></span> <span class='ocrx_word' id='word_1_221' title='bbox 515 3521 619 3586; x_wconf 91' lang='lat' dir='ltr'><strong>omnis</strong></span> <span class='ocrx_word' id='word_1_222' title='bbox 644 3521 774 3604; x_wconf 86' lang='lat' dir='ltr'><strong>generis</strong></span> <span class='ocrx_word' id='word_1_223' title='bbox 799 3528 832 3586; x_wconf 91' lang='lat' dir='ltr'><strong>et</strong></span> <span class='ocrx_word' id='word_1_224' title='bbox 855 3522 974 3587; x_wconf 88' lang='lat' dir='ltr'><strong>aetatis</strong></span> <span class='ocrx_word' id='word_1_225' title='bbox 992 3521 1145 3587; x_wconf 79' lang='lat' dir='ltr'><strong>&#39;codicum</strong></span> <span class='ocrx_word' id='word_1_226' title='bbox 1167 3521 1380 3604; x_wconf 82' lang='lat' dir='ltr'><strong>neglegenter</strong></span> <span class='ocrx_word' id='word_1_227' title='bbox 1398 3520 1465 3588; x_wconf 87' lang='lat' dir='ltr'><strong>fere</strong></span> <span class='ocrx_word' id='word_1_228' title='bbox 1484 3522 1582 3586; x_wconf 90' lang='lat' dir='ltr'><strong>colla-</strong></span> 
     </span>
     <span class='ocr_line' id='line_1_31' title="bbox 351 3627 1580 3713; baseline 0.001 -21"><span class='ocrx_word' id='word_1_229' title='bbox 351 3636 454 3693; x_wconf 89' lang='lat' dir='ltr'><strong>torum</strong></span> <span class='ocrx_word' id='word_1_230' title='bbox 480 3636 636 3712; x_wconf 89' lang='lat' dir='ltr'><strong>congesta</strong></span> <span class='ocrx_word' id='word_1_231' title='bbox 661 3629 704 3694; x_wconf 91' lang='lat' dir='ltr'><strong>sit</strong></span> <span class='ocrx_word' id='word_1_232' title='bbox 727 3636 759 3692; x_wconf 93' lang='lat' dir='ltr'><strong>et</strong></span> <span class='ocrx_word' id='word_1_233' title='bbox 783 3647 883 3713; x_wconf 88' lang='lat' dir='ltr'><strong>saepe</strong></span> <span class='ocrx_word' id='word_1_234' title='bbox 908 3628 1057 3712; x_wconf 82' lang='lat' dir='ltr'><strong>genuinis</strong></span> <span class='ocrx_word' id='word_1_235' title='bbox 1081 3627 1291 3693; x_wconf 89' lang='lat' dir='ltr'><strong>vetustiorum</strong></span> <span class='ocrx_word' id='word_1_236' title='bbox 1315 3627 1467 3694; x_wconf 89' lang='lat' dir='ltr'><strong>librorum</strong></span> <span class='ocrx_word' id='word_1_237' title='bbox 1482 3629 1580 3713; x_wconf 86' lang='lat' dir='ltr'><strong>scrip·</strong></span> 
     </span>
     <span class='ocr_line' id='line_1_32' title="bbox 350 3734 1581 3820; baseline 0 -21"><span class='ocrx_word' id='word_1_238' title='bbox 350 3735 430 3800; x_wconf 90' lang='lat' dir='ltr'><strong>turis</strong></span> <span class='ocrx_word' id='word_1_239' title='bbox 454 3735 667 3800; x_wconf 89' lang='lat' dir='ltr'><strong>recentiorum</strong></span> <span class='ocrx_word' id='word_1_240' title='bbox 691 3734 958 3820; x_wconf 87' lang='lat' dir='ltr'><strong>interpolationes</strong></span> <span class='ocrx_word' id='word_1_241' title='bbox 981 3735 1161 3820; x_wconf 88' lang='lat' dir='ltr'><strong>praelatae,</strong></span> <span class='ocrx_word' id='word_1_242' title='bbox 1181 3735 1251 3800; x_wconf 88' lang='lat' dir='ltr'><strong>fieri</strong></span> <span class='ocrx_word' id='word_1_243' title='bbox 1265 3756 1330 3799; x_wconf 92' lang='lat' dir='ltr'><strong>non</strong></span> <span class='ocrx_word' id='word_1_244' title='bbox 1343 3743 1480 3820; x_wconf 84' lang='lat' dir='ltr'><strong>poterat,</strong></span> <span class='ocrx_word' id='word_1_245' title='bbox 1505 3735 1581 3820; x_wconf 91' lang='lat' dir='ltr'><strong>quin</strong></span> 
     </span>
     <span class='ocr_line' id='line_1_33' title="bbox 350 3841 1579 3928; baseline -0.002 -21"><span class='ocrx_word' id='word_1_246' title='bbox 350 3862 450 3926; x_wconf 88' lang='lat' dir='ltr'><strong>saepe</strong></span> <span class='ocrx_word' id='word_1_247' title='bbox 475 3863 545 3907; x_wconf 93' lang='lat' dir='ltr'><strong>cum</strong></span> <span class='ocrx_word' id='word_1_248' title='bbox 569 3841 679 3926; x_wconf 90' lang='lat' dir='ltr'><strong>pravis</strong></span> <span class='ocrx_word' id='word_1_249' title='bbox 705 3861 814 3906; x_wconf 87' lang='lat' dir='ltr'><strong>eorum</strong></span> <span class='ocrx_word' id='word_1_250' title='bbox 838 3841 1030 3907; x_wconf 88' lang='lat' dir='ltr'><strong>lectionibus</strong></span> <span class='ocrx_word' id='word_1_251' title='bbox 1059 3848 1287 3928; x_wconf 82' lang='lat' dir='ltr'><strong>rpemerentur</strong></span> <span class='ocrx_word' id='word_1_252' title='bbox 1309 3842 1409 3907; x_wconf 91' lang='lat' dir='ltr'><strong>etiam</strong></span> <span class='ocrx_word' id='word_1_253' title='bbox 1431 3843 1579 3927; x_wconf 90' lang='lat' dir='ltr'><strong>optimae.</strong></span> 
     </span>
     <span class='ocr_line' id='line_1_34' title="bbox 330 3948 1580 4034; baseline -0.002 -20"><span class='ocrx_word' id='word_1_254' title='bbox 330 3959 332 3964; x_wconf 85' lang='lat'>&#39;</span> <span class='ocrx_word' id='word_1_255' title='bbox 440 3968 516 4032; x_wconf 91' lang='lat' dir='ltr'><strong>ergo</strong></span> <span class='ocrx_word' id='word_1_256' title='bbox 540 3949 760 4014; x_wconf 87' lang='lat' dir='ltr'><strong>necessarium</strong></span> <span class='ocrx_word' id='word_1_257' title='bbox 776 3955 854 4033; x_wconf 90' lang='lat' dir='ltr'><strong>erat,</strong></span> <span class='ocrx_word' id='word_1_258' title='bbox 874 3957 909 4013; x_wconf 90' lang='lat' dir='ltr'><strong>ut</strong></span> <span class='ocrx_word' id='word_1_259' title='bbox 924 3948 1028 4015; x_wconf 91' lang='lat' dir='ltr'><strong>denuo</strong></span> <span class='ocrx_word' id='word_1_260' title='bbox 1045 3949 1262 4015; x_wconf 87' lang='lat' dir='ltr'><strong>bibliothecae</strong></span> <span class='ocrx_word' id='word_1_261' title='bbox 1275 3951 1580 4034; x_wconf 86' lang='lat' dir='ltr'><strong>pervestigarentur,</strong></span> 
     </span>
     <span class='ocr_line' id='line_1_35' title="bbox 351 4056 1580 4142; baseline -0.001 -22"><span class='ocrx_word' id='word_1_262' title='bbox 351 4076 425 4121; x_wconf 90' lang='lat' dir='ltr'><strong>num</strong></span> <span class='ocrx_word' id='word_1_263' title='bbox 450 4056 580 4122; x_wconf 88' lang='lat' dir='ltr'><strong>codices</strong></span> <span class='ocrx_word' id='word_1_264' title='bbox 603 4057 798 4122; x_wconf 89' lang='lat' dir='ltr'><strong>vetustiores</strong></span> <span class='ocrx_word' id='word_1_265' title='bbox 822 4057 929 4122; x_wconf 90' lang='lat' dir='ltr'><strong>adhuc</strong></span> <span class='ocrx_word' id='word_1_266' title='bbox 956 4057 1112 4140; x_wconf 89' lang='lat' dir='ltr'><strong>incogniti</strong></span> <span class='ocrx_word' id='word_1_267' title='bbox 1145 4077 1185 4122; x_wconf 82' lang='lat' dir='ltr'><strong>ex</strong></span> <span class='ocrx_word' id='word_1_268' title='bbox 1212 4057 1253 4122; x_wconf 93' lang='lat' dir='ltr'><strong>iis</strong></span> <span class='ocrx_word' id='word_1_269' title='bbox 1280 4057 1425 4142; x_wconf 90' lang='lat' dir='ltr'><strong>protrahi</strong></span> <span class='ocrx_word' id='word_1_270' title='bbox 1446 4063 1580 4142; x_wconf 89' lang='lat' dir='ltr'><strong>possent</strong></span> 
     </span>
     <span class='ocr_line' id='line_1_36' title="bbox 350 4161 1578 4250; baseline 0.002 -24"><span class='ocrx_word' id='word_1_271' title='bbox 350 4170 381 4226; x_wconf 93' lang='lat' dir='ltr'><strong>et</strong></span> <span class='ocrx_word' id='word_1_272' title='bbox 420 4163 616 4229; x_wconf 88' lang='lat' dir='ltr'><strong>recentiores</strong></span> <span class='ocrx_word' id='word_1_273' title='bbox 654 4161 855 4249; x_wconf 87' lang='lat' dir='ltr'><strong>diligentius,</strong></span> <span class='ocrx_word' id='word_1_274' title='bbox 893 4185 989 4247; x_wconf 87' lang='lat' dir='ltr'><strong>quam</strong></span> <span class='ocrx_word' id='word_1_275' title='bbox 1027 4171 1103 4230; x_wconf 92' lang='lat' dir='ltr'><strong>ante</strong></span> <span class='ocrx_word' id='word_1_276' title='bbox 1141 4163 1261 4229; x_wconf 86' lang='lat' dir='ltr'><strong>factum</strong></span> <span class='ocrx_word' id='word_1_277' title='bbox 1297 4172 1375 4250; x_wconf 84' lang='lat' dir='ltr'><strong>erat,</strong></span> <span class='ocrx_word' id='word_1_278' title='bbox 1418 4164 1578 4228; x_wconf 87' lang='lat' dir='ltr'><strong>examina-</strong></span> 
     </span>
     <span class='ocr_line' id='line_1_37' title="bbox 352 4255 1578 4357; baseline 0.001 -23"><span class='ocrx_word' id='word_1_279' title='bbox 352 4278 469 4335; x_wconf 91' lang='lat' dir='ltr'><strong>rentur.</strong></span> <span class='ocrx_word' id='word_1_280' title='bbox 516 4269 602 4353; x_wconf 91' lang='lat' dir='ltr'><strong>quod</strong></span> <span class='ocrx_word' id='word_1_281' title='bbox 625 4271 790 4354; x_wconf 90' lang='lat' dir='ltr'><strong>negotium</strong></span> <span class='ocrx_word' id='word_1_282' title='bbox 813 4255 1009 4356; x_wconf 85' lang='lat' dir='ltr'><strong>quamquam</strong></span> <span class='ocrx_word' id='word_1_283' title='bbox 1031 4271 1216 4337; x_wconf 88' lang='lat' dir='ltr'><strong>incohatum</strong></span> <span class='ocrx_word' id='word_1_284' title='bbox 1239 4291 1259 4335; x_wconf 91' lang='lat' dir='ltr'><strong>a</strong></span> <span class='ocrx_word' id='word_1_285' title='bbox 1282 4292 1333 4337; x_wconf 91' lang='lat' dir='ltr'><strong>me</strong></span> <span class='ocrx_word' id='word_1_286' title='bbox 1356 4271 1578 4357; x_wconf 86' lang='lat' dir='ltr'><strong>potiusquam</strong></span> 
     </span>
     <span class='ocr_line' id='line_1_38' title="bbox 349 4377 1580 4464; baseline -0.001 -22"><span class='ocrx_word' id='word_1_287' title='bbox 349 4377 392 4442; x_wconf 92' lang='lat' dir='ltr'><strong>ad</strong></span> <span class='ocrx_word' id='word_1_288' title='bbox 416 4378 512 4443; x_wconf 87' lang='lat' dir='ltr'><strong>finem</strong></span> <span class='ocrx_word' id='word_1_289' title='bbox 536 4377 724 4463; x_wconf 90' lang='lat' dir='ltr'><strong>perductum</strong></span> <span class='ocrx_word' id='word_1_290' title='bbox 754 4398 828 4444; x_wconf 88' lang='lat' dir='ltr'><strong>esse</strong></span> <span class='ocrx_word' id='word_1_291' title='bbox 858 4377 946 4443; x_wconf 91' lang='lat' dir='ltr'><strong>haud</strong></span> <span class='ocrx_word' id='word_1_292' title='bbox 979 4378 1106 4464; x_wconf 88' lang='lat' dir='ltr'><strong>ignoro,</strong></span> <span class='ocrx_word' id='word_1_293' title='bbox 1134 4385 1251 4463; x_wconf 90' lang='lat' dir='ltr'><strong>tamen,</strong></span> <span class='ocrx_word' id='word_1_294' title='bbox 1284 4398 1368 4461; x_wconf 85' lang='lat' dir='ltr'><strong>qua-e</strong></span> <span class='ocrx_word' id='word_1_295' title='bbox 1396 4379 1580 4462; x_wconf 84' lang='lat' dir='ltr'><strong>repperisse</strong></span> 
     </span>
    </p>
   </div>
   <div class='ocr_carea' id='block_1_6' title="bbox 441 4589 725 4750">
    <p class='ocr_par' dir='ltr' id='par_1_6' title="bbox 441 4589 725 4750">
     <span class='ocr_line' id='line_1_39' title="bbox 441 4589 685 4660; baseline -0.004 -15"><span class='ocrx_word' id='word_1_296' title='bbox 441 4589 475 4654; x_wconf 73' lang='lat'><strong>¹³)</strong></span> <span class='ocrx_word' id='word_1_297' title='bbox 494 4591 561 4645; x_wconf 71' lang='lat' dir='ltr'><strong>rora.</strong></span> <span class='ocrx_word' id='word_1_298' title='bbox 580 4609 606 4660; x_wconf 80' lang='lat' dir='ltr'><strong>p.</strong></span> <span class='ocrx_word' id='word_1_299' title='bbox 626 4592 685 4646; x_wconf 73' lang='lat' dir='ltr'><strong>aar.</strong></span> 
     </span>
     <span class='ocr_line' id='line_1_40' title="bbox 441 4681 725 4750; baseline -0.007 -14"><span class='ocrx_word' id='word_1_300' title='bbox 441 4681 476 4748; x_wconf 72' lang='lat'><strong>¹⁴)</strong></span> <span class='ocrx_word' id='word_1_301' title='bbox 495 4681 561 4736; x_wconf 72' lang='lat' dir='ltr'><strong>into.</strong></span> <span class='ocrx_word' id='word_1_302' title='bbox 581 4699 644 4750; x_wconf 71' lang='lat' dir='ltr'><strong>pag.</strong></span> <span class='ocrx_word' id='word_1_303' title='bbox 665 4681 725 4735; x_wconf 82' lang='lat' dir='ltr'><strong>ros.</strong></span> 
     </span>
    </p>
   </div>
   <div class='ocr_carea' id='block_1_7' title="bbox 0 0 1762 5244">
    <p class='ocr_par' dir='ltr' id='par_1_7' title="bbox 0 0 1762 5244">
     <span class='ocr_line' id='line_1_41' title="bbox 0 0 1762 5244; baseline 0 2"><span class='ocrx_word' id='word_1_304' title='bbox 0 0 1762 5244; x_wconf 95' lang='lat' dir='ltr'><strong> </strong></span> 
     </span>
    </p>
   </div>
  </div>
 </body>
</html>
