3480 5230
223 1624 283 1736 De
311 1671 340 1736 ri
371 1674 466 1754 atque
498 1671 602 1735 indole
629 1671 849 1755 rhythmorum
883 1669 957 1753 quid
991 1673 1111 1735 veteres
1145 1671 1358 1749 indicaverint,

140 1791 212 1836 eum
235 1772 404 1838 nemodum
427 1774 532 1838 dedita
554 1792 648 1856 opera
670 1774 866 1854 quaesiverit,
889 1773 1114 1840 AUGUSTUS
1137 1773 1359 1840 ROSSBAUH

139 1876 171 1938 et
193 1874 437 1940 GUILELMUS
461 1875 723 1942 STUDEMUND
751 1878 783 1941 et
812 1879 955 1941 auotores
981 1877 1059 1942 mihi
1087 1878 1288 1953 exstiterunt,
1323 1879 1360 1939 nt

139 1997 174 2042 eo
197 1997 259 2060 quo
282 1977 341 2042 leei
362 1979 453 2042 modo
474 1978 688 2061 quaestionem
711 1978 913 2060 aggrederer,
939 1999 997 2044 nee
1023 1980 1197 2045 consulenti
1220 1979 1297 2044 mihi
1320 1978 1358 2043 de

138 2081 233 2145 rebus
255 2081 358 2144 dubiis
381 2099 533 2163 nmquam
556 2081 664 2146 deesse
686 2081 861 2146 voluerunt.

224 2183 374 2248 Veterum
401 2183 440 2247 de
466 2183 621 2266 rhythmis
643 2183 758 2248 indicia
780 2184 928 2266 quoniam
950 2205 986 2249 er
1010 2186 1054 2250 eis
1077 2186 1265 2269 ser-iptorum
1287 2184 1359 2248 reli·

140 2287 220 2368 quiis
243 2285 438 2352 enucleanda
468 2287 556 2364 sunt,
588 2305 667 2368 quae
691 2285 773 2350 feliei
796 2305 870 2352 oasu
893 2287 933 2352 ad
960 2290 1099 2352 nostram
1120 2289 1260 2352 servatae
1285 2291 1361 2352 sunt

139 2391 332 2467 memoriam,
356 2408 418 2453 uno
439 2389 698 2472 eomprehendam
714 2393 882 2473 eonspeetn
897 2391 1031 2473 potiores
1043 2409 1150 2455 eorum
1162 2391 1358 2474 scriptorum,

140 2511 272 2573 quorum
300 2492 376 2556 fides
406 2494 499 2573 atque
527 2492 695 2556 auotoritas
724 2495 860 2574 quantae
888 2494 967 2571 sint,
1001 2494 1079 2557 seire
1106 2493 1216 2558 refert:
1249 2493 1280 2556 id
1310 2493 1359 2556 est

138 2599 315 2679 poetarum,
349 2594 618 2680 philosophorum,
650 2613 758 2660 earum
790 2597 906 2661 artium
939 2596 1138 2680 seriptorum,
1171 2597 1204 2659 in
1245 2595 1359 2677 quibus

139 2693 280 2781 rhythmi
302 2699 420 2781 aliquid
443 2699 556 2776 valent,
578 2699 725 2776 musidae,
747 2698 897 2781 poetioae,
920 2698 1101 2763 rhetorioae.

223 2805 269 2867 Ao
292 2789 425 2886 poetae
449 2801 574 2883 quidem
596 2820 651 2885 per
672 2820 709 2866 ea
730 2803 865 2879 saeonla,
888 2802 1002 2884 quibus
1025 2802 1126 2865 artem
1148 2800 1359 2884 rhythmicam

140 2905 220 2990 apud
245 2904 380 2971 Graeeos
406 2904 547 2968 demisse
570 2905 700 2980 eonsmt,
727 2904 947 2987 rhythmorum
969 2904 1082 2986 quibus
1109 2905 1242 2968 utuntur
1270 2924 1359 2969 men-

138 3010 255 3074 tionem
277 3026 340 3073 non
362 3007 491 3084 iaoiunt,
514 3007 575 3070 nisi
598 3005 680 3088 qnod
703 3006 929 3090 Aristophanes
952 3009 1138 3090 anapaestos
1160 3008 1194 3071 in
1214 3009 1359 3090 parabasi

139 3129 213 3176 ase
243 3113 408 3194 usurpatos
427 3111 499 3194 plns
528 3110 626 3174 semel
652 3112 877 3174 commemorat
897 3109 1044 3192 (hohern.
1067 3111 1140 3173 627.
1173 3111 1253 3192 Equ.
1285 3111 1358 3173 504.

139 3215 212 3279 Pae.
240 3215 311 3278 735.
343 3217 401 3279 Ay.
430 3213 516 3297 684).
566 3211 676 3295 Neque
710 3215 817 3277 tamen
849 3211 1023 3296 praeiraete
1050 3213 1230 3295 negaverim
1257 3213 1359 3276 ullum

139 3319 243 3384 oeulos
266 3336 353 3382 meos
376 3316 492 3400 fugisse
518 3315 701 3398 vestigium,
731 3315 814 3380 unde
837 3315 934 3380 oonioi
957 3316 1069 3399 possit,
1105 3316 1178 3398 quid
1201 3315 1359 3399 rhythmis

138 3424 248 3506 poetae
271 3420 444 3503 signifieare
467 3418 631 3483 voluerint.

225 3523 342 3590 Contra
362 3521 548 3607 posteriores
570 3523 679 3604 poetae
701 3520 787 3586 haud
808 3521 909 3605 pauei,
933 3540 969 3586 ae
991 3520 1125 3586 maxime
1147 3521 1358 3600 Alexandrini,
1454 3521 1458 3531 ⁴

139 3647 212 3693 oum
239 3646 302 3692 non
328 3628 394 3690 tarn
421 3625 451 3688 id
480 3626 642 3708 appetant,
677 3627 714 3689 nt
740 3624 784 3690 rei
810 3625 1030 3690 eonvenientes
1057 3643 1204 3689 numeros
1233 3625 1359 3706 eligant,

139 3750 235 3814 qnam
259 3732 294 3794 nt
321 3727 494 3793 artificiosis
522 3729 554 3792 et
575 3727 662 3793 novis
691 3728 801 3792 metris
827 3728 1000 3809 legentium
1029 3727 1267 3792 admirationem
1294 3746 1360 3790 mo-

138 3835 246 3911 veant,
273 3851 337 3896 non
360 3831 507 3915 pulehros
530 3849 580 3910 se,
603 3831 658 3896 sed
680 3831 824 3895 insolitos
848 3831 981 3896 edidisse
1003 3849 1149 3896 numeros
1172 3830 1358 3912 gloriantur:

138 3937 225 4002 velut
250 3937 332 4000 teste
353 3934 586 4018 Hephaestione
612 3954 642 4018 p.
665 3935 758 4012 32,1
795 3933 857 4016 [ed.
880 3933 1059 4017 Westphal]
1092 3937 1188 3998 τοῦτο
1222 3931 1299 4017 (soil.
1320 3920 1359 3996 τὸ

139 4035 313 4126 ἑξάμετρον
334 4033 557 4126 χοριαμβικόν)
569 4086 576 4102 .
589 4086 616 4102 ..
633 4029 861 4116 &indormierat
882 4029 1044 4123 εὑρηκέναι
1064 4031 1226 4112 (vitreos
1247 4029 1359 4118 λέγων·

240 4137 454 4228 καινογράφου
471 4137 656 4218 συνθέσεως
671 4145 730 4228 τῆς
750 4135 894 4220 Uritano,
914 4132 1143 4224 γραμματικοί,
1168 4137 1254 4222 δῶρα
1271 4132 1359 4223 φέρω

141 4351 258 4416 Similis
290 4354 339 4416 est
368 4348 601 4432 vaniloquentia
627 4347 768 4424 Boleoi,
803 4265 1041 4428 dztegfmvlffia
1068 4343 1165 4410 refert
1192 4342 1274 4427 apud
1296 4343 1361 4407 Ru-

139 4455 239 4520 finum
262 4454 301 4519 de
322 4453 432 4519 metris
455 4452 643 4518 eomieorum
665 4470 695 4534 p.
721 4451 783 4513 564
804 4449 866 4534 [ed.
889 4449 977 4534 Keil]
1000 4450 1056 4532 (=
1077 4448 1175 4513 Iubae
1192 4447 1302 4529 fragm.
1319 4446 1360 4509 80

139 4559 188 4626 ed.
212 4558 286 4625 Otto
308 4557 413 4623 Hense
447 4556 510 4640 [‘de
532 4555 612 4620 lube
634 4554 821 4638 artigrapho*
851 4553 1048 4620 innotarum
1078 4550 1235 4618 societatis
1262 4549 1362 4636 philo·

138 4663 228 4748 logae
248 4662 418 4749 Lipsiensis
441 4663 527 4728 tomo
547 4659 593 4726 1v
618 4678 646 4724 a.
670 4657 803 4744 1875]):

1134 4760 1148 4813 1
