3514 5244
742 377 786 440 49

37 617 41 658 ,ι
137 573 201 638 vel
227 590 266 638 ex
289 571 493 638 multitudiue
516 571 628 636 borum
644 571 874 656 exemplarium
890 591 989 655 saepe
1003 571 1103 636 multo
1119 591 1179 638 usu
1195 569 1377 636 attritorum

37 727 41 740 .
139 681 255 744 elucet
281 715 316 726 -
345 678 486 744 saeculis
518 677 708 744 duodecimo
743 685 774 742 et
806 678 900 743 tertio
934 677 1058 743 decima
1091 685 1221 763 praeter
1252 683 1378 742 ceteros

37 837 39 877 3
141 787 296 851 Senecae
324 785 423 851 libros
453 785 662 870 epistularum
691 785 842 850 volumen
869 786 959 869 prius
987 785 1084 850 etiam
1114 784 1258 850 crebrius
1282 803 1377 866 quam

37 947 39 960 ,
139 894 280 958 ineunte
303 891 410 958 medio
434 911 516 957 aevo
534 892 697 976 legeretur
714 899 746 956 et
765 899 966 976 tractaretur,
991 892 1185 974 factumest,
1205 898 1240 956 ut
1254 890 1378 956 librarii

142 1007 180 1064 et
214 999 361 1064 ludorum
393 998 629 1064 monachalium
663 999 839 1083 magistelli
869 999 938 1064 sive
967 1018 1008 1064 ex
1039 997 1171 1082 iugenio
1204 997 1272 1064 sive
1303 997 1379 1062 aliis

144 1105 317 1173 codicibus
338 1105 542 1186 adbibitis⁸⁴l
565 1106 655 1171 locos
679 1113 846 1190 corruptos
870 1113 968 1188 atquc
992 1105 1090 1171 etiam
1114 1105 1246 1190 saepius
1271 1124 1379 1189 sanos,

37 1287 38 1302 ,
142 1232 230 1294 quos
258 1232 322 1277 non
349 1212 595 1296 intellegebant,
624 1212 797 1278 emendare
826 1220 1026 1279 conarentur.
1073 1212 1222 1294 quicum
1246 1211 1379 1295 linguae

37 1307 38 1400 J
141 1319 286 1385 Latinae
310 1327 342 1384 et
365 1319 495 1386 dicendi
518 1321 647 1402 generis
670 1321 837 1385 Annaeani
862 1319 1046 1404 cognitione
1075 1339 1230 1404 perquam
1259 1319 1378 1401 exigua

37 1495 38 1520 ,
143 1433 179 1490 et
214 1425 381 1492 doctrinae
413 1425 618 1493 adminiculis
650 1427 857 1512 paucissimis
889 1426 1038 1493 instructi
1071 1433 1181 1492 essent
1208 1445 1311 1508 neque
1343 1424 1379 1489 id

37 1615 38 1626 ἵ
143 1542 310 1618 curarent,
337 1542 373 1599 ut
395 1533 522 1600 lenibus
545 1533 697 1600 remediis
721 1533 888 1618 scriptoris
912 1535 1012 1600 verba
1035 1533 1289 1615 restituerentur,
1318 1531 1377 1598 sed

37 1639 38 1696 ἶ
143 1648 182 1705 ut
206 1639 329 1723 aliquid
353 1649 526 1726 poneretur
549 1639 634 1724 quod
653 1641 718 1726 ipsi
732 1640 968 1724 intellegerent,
993 1639 1057 1704 dici
1072 1641 1127 1704 vix
1141 1647 1258 1725 potest,
1282 1658 1377 1722 quam

144 1748 230 1812 irriti
243 1747 291 1811 illi
307 1754 441 1812 conatus
456 1747 582 1813 luerint.
616 1747 683 1812 alia
702 1747 782 1813 vitia
801 1747 928 1832 peperit
941 1768 1031 1813 mera
1044 1745 1262 1832 interpolandi
1277 1745 1377 1812 libido

37 1837 38 1854 ¹
145 1863 180 1920 et
204 1854 335 1920 insitum
358 1852 446 1918 baud
468 1854 583 1938 paucis
606 1854 748 1919 librariis
772 1853 913 1920 studium
937 1853 1046 1919 taedio
1070 1852 1193 1918 laboris
1217 1860 1321 1918 ortum
1337 1873 1377 1918 ea

145 1981 232 2044 quae
260 1960 488 2026 describebant
516 1961 616 2027 variis
645 1960 751 2026 modis
778 1959 1028 2048 immutandi³⁵)
1075 1958 1242 2025 fatendum
1269 1967 1377 2024 tamen

146 2077 199 2134 est
226 2067 493 2151 interpolationes
520 2067 579 2132 illa
610 2075 720 2134 aetate
747 2068 914 2152 aliquanto
942 2067 1082 2134 rariores
1113 2086 1186 2132 csse
1216 2086 1312 2150 quam
1335 2066 1377 2131 iis

37 2159 39 2178 l
146 2195 232 2258 quae
256 2176 430 2240 subsecuta
454 2183 528 2241 sunt
551 2174 702 2242 saeculis.
749 2175 860 2258 itaque
888 2175 923 2240 iu
952 2175 1066 2259 paucis
1089 2173 1201 2240 borum
1225 2175 1377 2239 librorum

37 2369 38 2374 ἵ
147 2283 219 2349 eius
251 2281 469 2366 interpolandi
502 2282 632 2366 generis
665 2282 814 2367 exempla
847 2281 1140 2367 deprehenduntur,
1178 2301 1241 2364 quo
1277 2281 1378 2345 verba

37 2377 39 2388 ’
147 2387 318 2473 quaedam,
343 2388 459 2472 quibus
484 2389 649 2475 exemplar
672 2388 883 2474 archetypum
907 2389 1048 2472 carebat,
1071 2395 1191 2453 temere
1211 2386 1376 2452 addeban-

37 2509 38 2512 ’
147 2504 207 2562 tur.
262 2495 390 2577 insigne
421 2493 516 2561 huius
555 2493 680 2561 bandis
719 2494 899 2580 exemplum
937 2503 1027 2560 extat
1058 2495 1091 2560 in
1129 2495 1247 2578 Sorb,
1285 2493 1375 2560 ouius

147 2603 307 2686 librarius,
339 2621 411 2667 cum
443 2601 477 2666 in
503 2601 567 2667 fine
595 2602 729 2668 ultimae
762 2603 923 2687 epistulae
950 2599 1177 2668 valedictionis
1207 2600 1377 2666 formulam

37 2727 38 2734 ¹
149 2708 265 2774 deesse
275 2708 617 2794 animadvertisset³⁶),
627 2708 678 2775 his
687 2709 795 2775 verbis
805 2709 943 2775 adiectis
954 2707 1060 2775 iocum
1070 2708 1179 2774 iacere
1193 2707 1376 2790 legentibus

150 2823 284 2881 conatus
300 2825 365 2881 est:
395 2817 468 2881 aare
490 2839 609 2901 seraper
631 2820 792 2882 loricatae
814 2819 938 2898 noble,
975 2819 1059 2882 Doto
1072 2817 1212 2882 kalaadic
1230 2819 1377 2898 captata.

37 2911 39 2952 ⁷
150 2942 222 2986 nam
256 2923 396 3005 genuina
429 2923 511 2988 baec
549 2943 622 2988 esse
658 2943 752 2988 nemo
789 2923 987 3009 opinabitur,
1025 2923 1115 3006 quia,
1155 2943 1225 2988 cum
1262 2922 1376 2986 ultima

240 3133 276 3201 ³⁴)
296 3138 404 3189 constat
427 3135 484 3188 iam
507 3135 615 3189 saeculo
638 3153 709 3189 nouo
732 3137 837 3190 codices
860 3137 983 3190 interae
1007 3136 1122 3190 conferri
1147 3135 1241 3189 solitos
1264 3151 1321 3188 esse
1344 3151 1379 3188 ex

37 3247 39 3260 ÷
151 3223 256 3277 Servati
275 3223 345 3292 Lupi
364 3223 474 3277 abbatis
490 3223 668 3278 Ferrariensis
683 3224 803 3293 epistula
822 3243 839 3279 a
853 3225 885 3280 G.
901 3225 1004 3280 Becker
1020 3228 1143 3294 Catulopr'
1157 3225 1378 3278 bibliothecarum

37 3353 39 3390 ,
152 3315 316 3380 cattqaltb,
338 3313 351 3366 1
373 3315 508 3380 excerpta.

240 3399 275 3468 ³⁸)
298 3400 387 3455 rarius
414 3401 466 3454 hoc
492 3400 678 3469 interpolandi
705 3418 792 3472 genus
820 3401 850 3455 in
877 3402 1040 3472 scriptorum
1063 3406 1187 3456 veterum
1212 3405 1241 3454 et
1264 3405 1377 3469 patrum

37 3545 38 3548 ,
151 3489 277 3545 ecclesiae
300 3489 437 3544 codicibus
457 3494 596 3559 comparet
615 3508 699 3558 quam
717 3491 747 3544 in
770 3490 968 3560 grammaticis,
991 3490 1203 3552 commentariis,
1227 3489 1378 3559 glossariis,

37 3573 38 3606 ³
152 3579 211 3632 aliis
229 3579 314 3634 medii
333 3579 394 3634 aevi
413 3579 489 3633 libris
509 3579 647 3634 cotidiano
666 3585 694 3634 et
713 3581 867 3634 scholarum
890 3581 951 3634 usui
975 3580 1129 3634 destinatis.
1166 3578 1273 3632 librarii
1293 3579 1376 3642 eninr,

152 3687 210 3722 cum
229 3668 337 3723 dicendi
356 3686 443 3737 genus
461 3668 550 3722 multo
569 3669 660 3722 minus
679 3673 806 3723 curarent
821 3687 904 3737 quam
920 3687 961 3723 res
975 3669 1102 3732 traditas,
1121 3669 1206 3724 verba
1218 3668 1377 3732 mutabant,

153 3760 230 3827 prout
240 3758 340 3825 cuique
350 3758 471 3819 lubebat,
486 3761 515 3812 et
525 3758 557 3811 de
567 3775 616 3811 suo
629 3759 763 3812 nonnulla
773 3758 937 3813 adiciebant.
961 3759 1038 3814 cuius
1048 3759 1087 3814 rei
1097 3758 1206 3828 insigne
1219 3757 1377 3827 exemplum

153 3851 191 3900 est
212 3846 285 3900 inter
307 3847 430 3901 carmina
452 3848 518 3901 llius
542 3847 650 3909 latina,
675 3865 759 3916 quam
781 3848 811 3902 iu
835 3848 935 3902 scholi·
959 3848 1114 3904 lectitatam
1140 3866 1196 3902 esse
1219 3847 1319 3901 seimus
1342 3863 1376 3899 ex

154 3935 378 3990 bibliothecarum
393 3939 518 3990 veterum
532 3937 675 4006 catalogis,
690 3937 719 3990 in
734 3954 850 4004 quorum
863 3955 919 3990 uon
932 3937 1027 4006 paucis
1041 3938 1121 4006 plura
1135 3938 1193 3991 eius
1207 3933 1376 4003 exemplaria

153 4023 180 4078 in
194 4025 288 4079 eadem
303 4025 471 4080 bibliotheca
484 4025 630 4080 adservata
643 4031 839 4091 memorantur,
858 4025 932 4080 inter
944 4027 1088 4095 scriptores
1103 4027 1198 4080 Florus
1216 4029 1245 4080 et
1258 4023 1376 4078 historia

154 4113 288 4182 Apollonii
307 4115 380 4184 regis
394 4115 469 4183 Tyri.
501 4114 592 4168 minus
607 4117 703 4168 notum
718 4119 760 4168 est
773 4114 851 4169 tertii
865 4115 1064 4184 mythograpbi
1078 4115 1209 4170 Vaticani
1224 4112 1374 4182 (Alberici),
1446 4179 1449 4187 Α

155 4203 198 4270 qui
226 4219 260 4258 ex
288 4203 417 4271 epitomis
444 4203 639 4272 mythologicis
662 4203 746 4258 medii
772 4203 834 4258 aevi
857 4203 978 4258 marimo
1000 4203 1030 4258 in
1053 4221 1103 4258 usu
1128 4208 1200 4268 erat,
1224 4205 1316 4273 plures
1334 4218 1375 4254 rc·

154 4291 286 4346 tensiones
309 4295 402 4347 extare
421 4295 530 4361 praeter
548 4293 605 4346 alia
623 4293 666 4346 ita
683 4292 757 4346 inter
774 4309 802 4346 se
822 4292 1015 4361 discrepantes,
1039 4297 1071 4348 ut
1093 4311 1142 4362 pro
1165 4294 1262 4349 multis
1285 4297 1376 4351 verbis

154 4398 300 4450 synonyma
318 4381 470 4435 substituta
488 4381 552 4434 siut.

238 4485 273 4554 ⁸⁰)
293 4488 378 4542 etiam
393 4505 426 4543 ea
440 4505 511 4556 quae
525 4487 693 4557 praecedunt
707 4489 791 4542 verba
804 4487 974 4558 interpolata
987 4493 1053 4544 sunt
1067 4489 1097 4543 in
1107 4490 1182 4544 Sorb.
1206 4491 1376 4562 Protagorae

155 4576 221 4631 enim
243 4577 400 4648 philosophi
423 4577 536 4647 ignarus
555 4577 683 4633 librarius
702 4577 822 4646 scripsit:
845 4582 871 4632 ct
889 4581 1018 4648 Pr'tcpore
1036 4579 1191 4648 (proewm
1209 4581 1231 4634 P
1250 4585 1278 4636 et
1299 4582 1339 4636 Pr.
1347 4583 1376 4652 b)

155 4669 232 4720 credo.
269 4665 399 4721 similiter
412 4667 559 4735 phitagore
577 4667 663 4722 habet
681 4666 710 4720 L.

1196 4761 1212 4812 4
