3634 5240
742 399 780 468 11

152 625 239 692 edita
272 626 626 714 abHosrsohelmanno
656 627 689 692 in
717 626 925 694 Studemundi
955 627 1186 696 hneodotomm
1207 627 1373 696 Variorum

77 731 82 772 '⁸
148 731 310 797 volumine
331 731 348 796 I
370 733 410 814 (a
433 732 529 814 1886)
551 752 581 816 p,
604 733 745 808 31-96;

77 843 79 850 ’
237 835 278 900 IL
302 835 437 901 ‘Scholia
467 837 719 920 Hephaeshonea
747 835 793 913 A’‚
827 855 960 917 quorum
981 837 1119 902 recensio
1148 837 1304 920 antiquior
1333 839 1372 904 ad

148 938 218 1004 sola
244 939 347 1023 capita
367 939 456 1004 I-ll
479 940 641 1006 enchiridii
663 938 905 1024 Hephaestionei
932 942 1056 1005 servata
1078 940 1139 1017 est,
1171 940 1211 1004 ad
1238 941 1373 1007 formam

147 1043 183 1106 in
204 1043 361 1109 codicibus
394 1043 520 1126 optimis
547 1043 696 1108 traditam
730 1042 814 1107 edita
851 1061 869 1107 a
901 1042 1118 1109 Studemundo
1151 1044 1266 1110 Anecd.
1299 1045 1372 1112 Ver.

148 1144 166 1209 Ι
194 1145 377 1222 119-152;
409 1147 531 1229 reliqua
552 1147 680 1212 ‘scholia
701 1146 738 1210 A‘
767 1147 920 1226 (nondum
948 1165 1000 1223 ea,
1028 1167 1091 1229 qua
1118 1166 1175 1232 par
1202 1149 1265 1226 est,
1298 1168 1374 1214 oure

77 1265 82 1290 ³
149 1249 251 1332 edita)
279 1251 403 1314 exstant
435 1249 468 1314 in
489 1249 731 1333 Hephaestionis
759 1249 920 1314 enchiridii
947 1250 1133 1316 editionibus
1157 1251 1374 1317 Gaisfordiana

77 1363 82 1405 ἰ
149 1353 251 1416 altera
272 1355 313 1432 (a.
339 1353 435 1436 1855)
458 1355 491 1418 et
512 1353 750 1438 Wsstphaliana
771 1354 812 1432 (a.
840 1353 953 1433 1866);

77 1483 82 1490 ·
236 1454 296 1520 ΙΠ.
324 1456 462 1521 ‘Scholia
483 1457 736 1541 Hephaestionea
756 1455 809 1533 B',
843 1455 928 1520 edita
960 1457 998 1521 ab
1030 1456 1317 1523 Hoerschelmauno
1339 1458 1373 1522 in

77 1575 79 1612 ³
147 1561 381 1641 programmate
413 1560 452 1625 ad
480 1560 644 1625 sollemnia
666 1559 838 1625 Caesareae
860 1559 1081 1626 Universitatis
1097 1559 1300 1644 Dorpatensis
1323 1561 1373 1626 die

146 1661 213 1726 XII
234 1664 352 1727 mensis
372 1663 554 1728 Decembris
581 1683 607 1729 a.
631 1665 713 1727 1882
737 1662 983 1728 concelebranda
1004 1663 1187 1747 conscripto.
1232 1662 1372 1742 Quorum

147 1764 297 1846 equidem
327 1785 404 1831 usus
437 1785 508 1831 sum
540 1767 676 1832 mamma
705 1765 901 1849 paragrapho
933 1766 965 1842 l,
995 1765 1131 1848 Longini
1154 1767 1373 1850 prolegomena

146 1869 339 1946 continente,
361 1872 393 1934 et
415 1870 494 1934 libro
516 1870 554 1945 V,
576 1869 608 1934 in
632 1889 694 1952 quo
717 1887 767 1933 ars
790 1869 921 1932 metnca
941 1868 1118 1952 Byzantina
1139 1868 1256 1934 tradita
1278 1871 1335 1934 est

236 1971 275 2035 Ei
296 1971 356 2055 ipsi
377 1975 484 2038 autern
507 1972 672 2056 scriptores
694 1971 732 2036 de
754 1990 788 2035 re
810 1971 941 2036 metrica
962 1971 1168 2056 Byzantini
1191 1976 1264 2037 ante
1286 1970 1371 2037 huno

77 2133 78 2136 ,
146 2093 270 2138 annum
290 2093 402 2159 parum
424 2076 540 2159 cogniti
562 2077 668 2149 eraut;
691 2094 777 2139 nuno
799 2073 940 2138 omnium
963 2075 1193 2158 exspectatione
1215 2075 1315 2140 maior
1339 2079 1371 2141 et

77 2203 79 2240 2
146 2176 319 2242 utilissima
334 2179 422 2262 copia
436 2178 680 2262 Byzantinorum
697 2178 886 2261 scriptorum
901 2180 956 2242 aut
970 2178 1106 2262 primum
1122 2179 1178 2242 aut
1192 2177 1293 2242 multo
1306 2197 1371 2243 cor-

145 2280 277 2358 rectius,
306 2299 401 2362 quam
424 2283 517 2346 antea
539 2281 659 2346 factum
682 2282 764 2358 erat,
798 2281 913 2365 publici
934 2281 1010 2344 iuris
1037 2280 1122 2345 facta
1147 2282 1197 2345 est
1217 2281 1371 2346 industria

150 2382 362 2448 Studemundi
383 2384 417 2448 in
431 2385 547 2449 hnecd.
563 2384 636 2449 Ver.
653 2385 711 2449 vol.
723 2383 749 2448 Ι.
791 2383 960 2460 lutterhus,
983 2402 1116 2465 quorum
1131 2383 1242 2448 notitia
1257 2383 1370 2449 Stude-

145 2485 266 2550 mundo
288 2486 429 2564 debetur,
452 2489 606 2552 motetus
628 2487 766 2571 primurn
787 2487 930 2552 obtinent
948 2487 1053 2551 locum
1069 2485 1108 2562 ci,
1132 2487 1186 2569 qui
1201 2487 1239 2551 de
1254 2487 1369 2572 pedum

144 2589 327 2655 nominibus
360 2592 473 2672 agunt;
504 2591 712 2674 plurimorum
739 2589 822 2656 enim
844 2590 1010 2656 nominum
1043 2589 1207 2672 explicatio
1240 2592 1370 2675 abipsa

144 2692 370 2775 rhythmorum
391 2693 494 2759 indole
517 2696 585 2758 erat
606 2695 751 2778 petenda.
786 2694 933 2759 Redeunt
954 2695 1072 2769 autem,
1096 2711 1176 2775 quae
1199 2693 1237 2758 de
1260 2694 1321 2758 hac
1335 2713 1369 2758 re

146 2813 166 2858 a
188 2795 371 2878 Byzantinis
398 2797 579 2875 traduntur,
612 2798 761 2882 pleraque
783 2797 888 2863 omnia
909 2797 949 2862 ad
971 2813 1087 2881 paucos
1115 2797 1147 2860 et
1168 2796 1369 2878 gravissimos

146 2899 304 2976 auctores,
339 2919 416 2982 quos
452 2901 492 2965 ad
517 2900 715 2984 reperiendos
746 2901 830 2964 viam
859 2899 996 2965 ostendit
1022 2899 1222 2965 Studemnnd
1244 2900 1265 2962 l.
1288 2919 1313 2964 o.
1337 2920 1366 2984 p.

146 3003 226 3076 222;
256 3002 296 3066 of.
312 3003 408 3068 etism
423 3002 616 3068 Ludorioum
632 3003 721 3068 Voltz
743 3004 789 3068 ‘de
799 3003 892 3068 Helie
903 3003 1066 3081 Massaba,
1080 3003 1190 3068 Isaaco
1205 3003 1368 3081 Monacho‚

145 3104 438 3183 Pseudo-Dracone,
462 3107 663 3190 scriptoribus
685 3107 823 3172 metricis
843 3106 1038 3189 Byzantinis’
1061 3106 1261 3189 Argentorati
1286 3105 1366 3168 1886

146 3208 193 3287 (11
218 3209 352 3273 Dissert.
374 3209 479 3292 philol.
501 3212 629 3293 Argent.
653 3210 759 3274 select.
783 3210 842 3274 vol.
865 3209 924 3292 XI)
945 3231 974 3294 p.
999 3211 1039 3273 22
1063 3228 1109 3292 sq.

234 3311 477 3377 Scholiorum
500 3313 789 3378 Homerioorum
811 3313 992 3378 testimonia
1007 3313 1047 3377 ad
1062 3313 1260 3377 schematum
1275 3312 1369 3376 hera

145 3415 240 3479 metri
255 3415 401 3500 dactylici
414 3416 478 3481 vim
494 3415 682 3500 pertinentia
693 3416 859 3498 diligenter
869 3417 1026 3499 congessit
1038 3416 1189 3498 Georgius
1204 3415 1368 3480 Rausoher

144 3519 177 3582 in
203 3519 465 3584 commentatione
493 3518 541 3584 ‘de
568 3519 694 3583 scholiis
716 3519 892 3585 Homericis
920 3521 959 3585 ad
987 3539 1055 3584 rem
1082 3519 1246 3584 metricam
1274 3517 1368 3602 perti·

144 3622 301 3687 nentibns'
329 3621 529 3705 argentorati
557 3622 638 3686 lsso
669 3621 715 3700 (in
741 3622 873 3688 Dissert.
909 3622 1016 3706 philol.
1038 3622 1235 3705 Argentorat.
1259 3621 1365 3686 select.

143 3725 206 3790 uol.
228 3724 294 3802 XI).

133 3883 135 3888 ,
231 3828 425 3893 Eustathii
458 3827 676 3893 adnotationes
712 3828 751 3893 ad
785 3829 1005 3912 rhythmorum
1038 3828 1103 3894 vim
1137 3827 1241 3910 aliquo
1273 3827 1365 3892 modo

145 3930 340 4015 pertinentes
363 3931 574 4016 suppeditavit
594 3931 672 3995 mihi
695 3931 872 3998 Guilelmus
895 3931 1102 3998 Studemuud.

232 4032 322 4113 Quod
352 4033 392 4098 ad
419 4053 471 4099 eos
495 4034 709 4119 scriptores
730 4036 784 4100 rai
805 4035 985 4100 metricae
1010 4034 1185 4112 Latinos,
1218 4033 1273 4116 qui
1302 4053 1365 4098 non

147 4136 344 4220 disciplinam
366 4136 585 4202 Heliodorcam
609 4140 794 4221 recoquunt,
829 4136 951 4218 attinet,
976 4137 1053 4203 satis
1075 4137 1177 4202 multa
1199 4157 1216 4202 s
1239 4137 1366 4202 Gaesii

145 4239 265 4303 Bassi
287 4241 441 4304 sectatore
462 4239 693 4305 Terentiano
715 4240 844 4306 Mauro
866 4240 969 4322 colligi
988 4240 1131 4324 possunt,
1154 4239 1243 4304 ouius
1259 4238 1365 4304 libello

146 4342 243 4406 etiam
269 4340 427 4407 Mallius
454 4341 673 4408 Theodorus
700 4343 732 4406 in
758 4343 865 4427 primis
902 4344 1050 4425 quattuor
1075 4341 1185 4405 metris
1211 4340 1365 4424 primariis

148 4443 358 4510 describendis
381 4464 458 4510 usus
480 4446 530 4510 est
550 4444 643 4526 (conf.
666 4443 806 4511 Keilium
826 4445 860 4509 iu
881 4443 1166 4511 Grammaticorum
1180 4441 1365 4508 Latinorum

147 4547 207 4611 vol.
229 4545 275 4610 VI
296 4567 326 4631 p.
351 4548 436 4628 583).
479 4547 551 4631 Ipse
579 4567 702 4630 quoque
725 4547 838 4625 Iuba,
861 4549 1029 4631 postquam
1044 4547 1077 4611 in
1093 4547 1161 4612 octo
1178 4546 1263 4610 Artis
1278 4545 1365 4611 libris

149 4651 313 4735 prototypa
336 4650 494 4729 tractavit,
528 4668 602 4716 cnm
628 4648 768 4718 derivata
796 4651 897 4720 metra
924 4650 1068 4720 omittere
1092 4649 1205 4732 nollet,
1233 4649 1367 4720 auotori-
