3546 5236
815 390 878 455 103

180 585 202 651 2
332 579 497 668 ‘oegroto’.
528 603 593 650 non
615 589 725 671 potest
743 583 831 651 istud
845 590 914 650 toto
930 583 1061 652 uaeoulo
1075 583 1162 650 fieri:
1188 591 1245 650 aut
1258 604 1320 668 ego
1335 583 1457 651 febrem

225 690 405 774 relinquam
428 698 485 757 ant
506 691 566 757 illu
588 711 648 758 me.
694 712 824 777 semper
846 712 911 757 nna
934 712 1008 758 esse
1030 711 1096 757 non
1117 711 1301 776 possumus.

331 794 495 882 ‘oegroto'.
532 818 603 864 oum
626 799 738 864 morbo
761 797 840 863 milri
863 819 916 866 res
940 807 1004 866 eet:
1030 807 1087 864 out
1108 799 1255 864 vinoetur
1270 805 1327 864 aut
1340 798 1456 864 vincet.

239 922 308 988 VII
330 921 423 988 ‘mele
447 921 488 988 de
512 929 546 990 te
569 923 742 1008 opinantur
763 920 930 990 homines’.
976 922 1036 990 sed
1057 923 1151 988 mali:
1179 943 1334 1007 moverer,
1364 923 1393 990 si
1416 923 1457 989 de

225 1049 277 1096 me
299 1029 429 1095 Morene
453 1029 544 1114 Cato,
573 1029 602 1096 si
624 1029 758 1096 Laelius
782 1030 923 1116 sopiens,
952 1031 979 1097 ni
1009 1029 1091 1096 ulter
1115 1029 1206 1114 Cato,
1235 1029 1263 1097 oi
1288 1030 1456 1116 Scipiones
1480 1030 1501 1095 5

227 1135 291 1201 duo
323 1136 388 1203 iste
420 1137 642 1220 loquerentur:
680 1157 765 1203 nuno
796 1136 892 1203 mulis
925 1136 1099 1222 displioere
1127 1136 1257 1202 laudari
1290 1144 1348 1204 est.
1395 1156 1458 1202 non

229 1249 338 1327 potest
373 1243 473 1308 ullum
510 1245 736 1310 anctoritatem
773 1243 894 1310 habere
931 1244 1102 1330 sententio,
1141 1245 1196 1310 nbi
1234 1245 1288 1327 qui
1325 1243 1459 1310 damnat

227 1348 431 1416 damnandus
454 1356 514 1416 est.

182 1457 203 1522 2
314 1457 407 1523 ‘mole
439 1457 480 1523 de
512 1463 544 1523 te
576 1457 741 1523 loountur.
796 1478 955 1542 moverer,
988 1459 1017 1525 oi
1049 1457 1111 1524 hoo
1142 1457 1262 1524 iudioio
1296 1457 1456 1525 fenerent:

226 1584 310 1630 nuno
331 1565 442 1629 morbo
466 1564 598 1632 leniunt.
644 1584 708 1630 non
732 1563 1027 1646 denumeratur,
1052 1564 1112 1632 sed
1136 1563 1177 1631 de
1200 1584 1246 1630 ee.
1481 1564 1525 1628 10

331 1669 426 1737 ‘mule
449 1670 491 1738 de
518 1678 551 1737 te
577 1668 746 1738 loonntnr’.
791 1673 874 1738 bene
903 1673 989 1738 enim
1016 1672 1164 1738 nesoinnt
1191 1672 1289 1755 loqui.
1335 1670 1459 1736 fuciunt

226 1797 290 1842 non
313 1776 400 1860 qnod
423 1797 557 1862 mereor,
581 1777 641 1844 sed
665 1777 752 1861 quod
776 1779 890 1845 solent.

226 1901 311 1968 VIII.
331 1899 508 1970 ‘exulabis'.
544 1923 647 1969 erras:
672 1923 744 1968 enm
768 1902 876 1968 omnio
895 1903 1021 1987 seueris,
1044 1903 1184 1988 patrium
1198 1923 1304 1968 meum
1319 1902 1459 1969 mannire

225 2028 290 2075 non
312 2029 454 2094 possum.
477 2010 617 2075 omnium
640 2030 705 2074 unu
729 2017 787 2076 est.
825 2017 917 2076 extre
940 2010 1024 2075 huno
1046 2031 1140 2076 nomo
1163 2009 1266 2096 proioi
1288 2017 1407 2096 potent

330 2113 507 2183 ‘exulabio'.
535 2136 599 2182 non
622 2117 731 2202 putria
752 2116 830 2182 mihi
853 2115 1063 2202 interdicitur,
1088 2116 1147 2184 ned
1170 2115 1270 2184 loeus.
1297 2117 1331 2182 in
1346 2135 1456 2199 qnam·
1482 2114 1523 2179 15

227 2242 362 2306 eumque
385 2232 504 2289 terrum
525 2243 654 2308 venero,
682 2223 715 2288 in
738 2244 844 2290 meum
867 2223 974 2289 venio.
1020 2223 1110 2289 nullu
1132 2230 1221 2289 terra
1244 2224 1376 2289 exilium
1399 2227 1458 2306 ent,

227 2329 331 2395 ultera
354 2329 461 2415 patrio
487 2337 546 2397 eet.
1051 2353 1052 2358 ’

317 2533 373 2586 let
392 2531 409 2584 3
428 2534 523 2600 egroto
546 2526 575 2598 81
605 2529 696 2585 neoulo
719 2528 748 2599 81
775 2545 827 2600 ego
849 2529 999 2600 οοι.Η11«1.1
1021 2530 1108 2586 uilla
1125 2532 1243 2600 scripsi:
1261 2529 1322 2599 ipsu
1342 2527 1458 2598 011qu

227 2637 334 2690 semper
351 2637 408 2676 esse
427 2637 484 2674 unu
501 2619 529 2674 P
545 2637 601 2674 unu
620 2636 635 2688 ο
655 2637 712 2676 eene
737 2622 762 2672 V
776 2620 894 2691 (semper
912 2617 982 2689 011111
1003 2620 1146 2676 3reoistat
1165 2623 1198 2674 ut
1215 2619 1339 2676 uincitur
1357 2617 1386 2686 81
1408 2622 1459 2674 eut

224 2709 298 2764 enim
318 2709 445 2764 uiuoetnr
463 2707 495 2778 Ρ1
522 2709 631 2764 lmulo
650 2707 679 2778 81
709 2709 829 2764 honunio
852 2707 881 2778 81
911 2710 958 2764 sed
984 2709 1067 2764 mulis
1089 2710 1141 2763 PR
1168 2710 1215 2764 sod
1241 2707 1404 2776 maliloquio
1426 2707 1455 2776 Vl

224 2799 347 2854 moberer
365 2796 394 2868 81
415 2798 436 2852 ei
456 2798 490 2852 de
509 2816 553 2853 me
566 2799 675 2854 Murcus
690 2798 759 2854 Cato
777 2818 832 2869 vu:
851 2799 875 2852 ei
893 2798 928 2852 de
946 2815 990 2854 me
1008 2797 1113 2854 murino
1132 2798 1154 2852 si
1174 2801 1236 2852 outo
1256 2798 1279 2853 S
1296 2795 1411 2865 (oioooto
1422 2798 1457 2866 8)

224 2888 276 2941 PR
294 2887 317 2940 ri
336 2887 369 2942 (1ο
387 2903 431 2941 me
450 2889 512 2942 ceto
530 2887 554 2941 ei
572 2888 676 2943 mariue
700 2885 728 2956 1’1
754 2887 871 2942 51eliue
891 2885 919 2958 81
948 2890 1010 2943 outo
1029 2887 1191 2957 suscipionio
1210 2883 1238 2956 81
1268 2887 1284 2938 6
1304 2886 1417 2942 lundure
1437 2887 1461 2941 8

224 2975 365 3031 laudabile
388 2974 416 3046 11
447 2977 462 3030 7
481 2977 589 3032 nullom
608 2977 790 3032 autoritatem
808 2977 910 3032 habere
929 2978 952 3032 S
976 2977 1078 3031 habore
1101 2976 1189 3030 ullum
1208 2976 1405 3030 anctoritatem
1422 2973 1455 3043 ΡΙ

224 3064 340 3120 damnat
361 3067 466 3119 inserui
485 3074 550 3134 pont
573 3066 630 3134 qui,
652 3066 806 3120 Pincianus
830 3068 971 3135 exemplat·
994 3067 1121 3120 Facundi
1143 3074 1167 3120 ot
1186 3065 1328 3120 Primum·
1352 3073 1459 3119 reciduo

219 3157 314 3221 posuit
327 3163 391 3224 port
409 3151 458 3222 eotl
479 3155 496 3208 8
510 3155 702 3224 dampnandus
715 3158 757 3210 est
771 3155 845 3210 mule
859 3155 893 3209 de
907 3159 935 3210 te
949 3154 1080 3224 loquitur.
1100 3171 1225 3209 monerer
1239 3155 1290 3208 PR
1305 3154 1455 3224 dampnen-

224 3243 274 3296 dus
293 3246 334 3298 eet
353 3243 433 3298 dete
451 3242 525 3298 mule
544 3243 676 3312 loquitur.
699 3244 772 3299 mule
795 3244 828 3299 de
852 3248 880 3299 te
904 3245 1064 3312 loquuntur.
1087 3259 1212 3297 monerer
1236 3243 1264 3312 V]
1295 3243 1311 3298 9
1334 3243 1459 3298 fueerent

223 3331 393 3400 quod'nuno
415 3333 509 3388 morbo
542 3331 570 3402 Vl
602 3333 635 3388 10
658 3333 706 3388 red
729 3336 757 3388 et
780 3333 843 3388 dete
866 3335 889 3388 8
915 3333 962 3388 sed
989 3334 1022 3388 de
1046 3335 1075 3388 1ο
1098 3333 1131 3403 P,
1158 3333 1276 3400 sorta-m
1303 3335 1457 3402 leyoudum:

223 3439 279 3475 non
297 3420 330 3476 de
349 3439 393 3477 me
411 3425 523 3478 tontum
542 3424 678 3487 locuntur,
698 3423 745 3477 red
765 3426 793 3478 et
812 3423 845 3477 de
863 3417 899 3488 1ο1
927 3422 974 3476 sed
998 3425 1027 3477 et
1051 3421 1085 3477 de
1107 3422 1186 3476 bonis
1204 3422 1278 3477 mule
1296 3422 1457 3490 loquuntur.

222 3512 291 3566 bene
319 3511 393 3566 enirn
421 3511 453 3580 111
490 3513 518 3567 11
550 3513 623 3568 mole
650 3512 685 3568 de
710 3529 755 3567 mo
783 3512 911 3567 locuntur
938 3512 987 3581 qui
1019 3513 1088 3567 bene
1115 3511 1192 3580 loqui
1220 3511 1346 3565 nesciunt
1369 3509 1453 3580 HM!

222 3599 330 3656 iaciunt
353 3601 427 3656 enim
450 3618 506 3656 non
531 3601 563 3670 111
593 3603 624 3656 12
647 3619 787 3656 mereunt·
806 3599 838 3670 Ρ1
861 3611 923 3669 poet
946 3601 1035 3655 nolent
1058 3603 1134 3655 Hild.
1154 3603 1216 3655 odd.
1236 3602 1311 3655 loeo:
1340 3617 1372 3654 ex
1401 3617 1458 3668 quo

222 3689 301 3759 (leues
328 3691 427 3759 aequo)
459 3691 552 3746 animo
579 3691 718 3746 audienda
744 3693 809 3746 sunt
836 3689 1029 3760 imperitorum
1055 3689 1192 3745 conuiuia:
1222 3693 1251 3744 et
1278 3689 1312 3744 od
1339 3690 1458 3744 honesto

222 3779 337 3834 uadenti
360 3779 574 3835 contemnendus
597 3783 639 3836 est
662 3780 715 3835 iste
738 3783 920 3850 oontemptus.
957 3799 999 3848 oy.
1022 3788 1047 3834 ot
1070 3783 1098 3834 iu
1124 3780 1254 3834 Vaticano
1278 3781 1397 3848 Reyiuuo
1421 3783 1455 3833 84

221 3869 269 3922 hor
291 3872 460 3924 enuntiatum
482 3873 618 3924 adicitur:
645 3869 810 3938 quibusdum
833 3869 907 3924 enim
930 3869 1043 3924 cunibus
1066 3868 1105 3924 oio
1127 3867 1256 3923 innatum
1280 3873 1321 3923 eet
1343 3871 1377 3923 nt
1399 3885 1455 3923 nou

221 3973 270 4026 pro
288 3957 410 4022 feritate,
429 3957 476 4012 ted
495 3975 544 4028 pro
563 3959 761 4014 eonsuetudine
780 3959 892 4014 latrent.
917 3967 980 4029 poet
996 3961 1066 4028 quod
1079 3960 1154 4012 haud
1168 3959 1247 4011 dubie
1260 3959 1454 4026 interpolatum

222 4048 346 4102 Hooeiur
363 4065 398 4102 ox
416 4049 486 4102 libro
505 4051 536 4104 do
554 4051 673 4103 moribus
692 4047 747 4116 (42)
766 4050 831 4103 laec
848 4051 927 4102 odd„-
949 4047 1074 4102 hominen
1098 4047 1132 4101 de
1155 4051 1183 4101 te
1201 4046 1275 4101 mole
1294 4047 1452 4116 loquuntur.

221 4135 245 4190 ei
263 4135 370 4202 merito,
394 4153 449 4191 nou
468 4136 540 4206 quod
559 4137 712 4205 loquuntur
730 4137 876 4192 molentum
895 4140 945 4204 est,
968 4135 1015 4190 secl
1040 4136 1113 4205 quod
1135 4153 1192 4191 non
1214 4135 1401 4191 mentiuntur:
1430 4136 1454 4190 si

221 4223 369 4290 immerito,
388 4225 548 4281 innocentio
566 4243 629 4280 meu
646 4244 720 4281 nuno
733 4226 854 4281 maxime
867 4225 983 4298 gaudeo.
1004 4228 1120 4295 apparet
1134 4225 1208 4280 enim
1223 4225 1285 4280 illos
1300 4225 1453 4280 obiectums

221 4333 287 4370 veru
313 4313 336 4369 oi
363 4317 482 4384 possent,
511 4333 579 4384 quoe
606 4333 664 4370 eom
691 4325 797 4370 tautum
826 4318 856 4370 ob
880 4333 990 4370 caueam
1014 4332 1066 4369 uon
1090 4319 1187 4384 recepi,
1211 4333 1243 4368 ue
1265 4323 1453 4383 excerptorum

220 4407 354 4459 rationum
372 4405 569 4474 perturbemini
593 4405 624 4458 13
644 4405 768 4460 exuluuis
787 4403 816 4473 81
837 4403 947 4460 fecerim
965 4401 1016 4473 ”VI
1036 4403 1154 4458 trenrire
1176 4421 1231 4458 non
1255 4421 1363 4473 monum
1383 4402 1453 4470 (nou

219 4511 306 4563 supro
325 4493 405 4560 uere.)
424 4495 446 4550 S
463 4512 518 4548 non
536 4512 647 4564 porrum
665 4494 783 4550 transire
800 4493 832 4564 Ρ1
856 4496 889 4548 14
907 4497 999 4563 potest
1013 4493 1039 4562 (o
1052 4511 1122 4548 oorr.
1135 4511 1170 4547 eu
1183 4495 1210 4558 1)
1229 4491 1258 4560 81
1280 4495 1313 4548 15
1328 4493 1453 4548 exuluuin

221 4582 248 4651 81
273 4601 448 4652 quocumque
472 4581 501 4654 81
533 4585 565 4638 16
588 4588 691 4638 terrum
713 4585 794 4639 renio
812 4582 861 4654 191
890 4583 1065 4638 inmeauenio
1085 4581 1113 4652 81
1145 4583 1176 4637 17
1201 4581 1338 4638 etaltera
1361 4583 1384 4635 V
1405 4583 1453 4637 sed

221 4671 311 4726 alteru
328 4669 378 4741 1191
399 4671 487 4726 altero
506 4671 660 4727 Saturius
678 4671 710 4739 Ρ1
