3546 5236
775 440 816 504 tu

180 632 259 715 (868
276 631 408 716 sqq.)⁷²)
433 639 466 697 et
479 631 639 700 Prisciani
663 633 704 700 de
728 633 842 699 metris
861 632 1005 699 Terentii
1028 631 1172 698 libellum
1195 631 1298 717 ipsius
1322 631 1410 697 illias

180 738 341 824 epistulae
363 739 427 804 XX
452 742 471 805 3
503 739 619 806 eadem
641 761 718 826 pars
743 761 839 824 quam
860 741 887 805 F
902 739 930 806 0
945 740 977 805 M
1001 747 1210 806 servaverunt
1234 737 1410 825 legitur⁷³).

264 900 281 953 2
300 904 363 970 post
377 903 539 955 Introrsnnr
554 902 719 956 vocabulum
737 919 783 956 sex
801 901 858 955 fere
876 901 1035 955 litterarum
1053 900 1187 970 scriptum
1206 903 1273 964 erat,
1293 918 1411 968 querum

180 990 299 1044 alteram
321 1009 341 1052 0,
372 990 501 1045 ultimam
524 1009 538 1045 s
560 991 645 1045 fuisse
668 993 789 1055 constat;
822 991 912 1059 prima
938 990 1050 1045 videtur
1072 990 1128 1043 fere
1155 1009 1169 1043 0
1193 990 1288 1052 101000;
1315 989 1408 1043 varias

178 1079 324 1148 supplendi
346 1081 406 1134 vias
430 1084 526 1149 patere
555 1079 678 1149 apparet!
708 1083 724 1134 4
752 1083 814 1149 post
836 1082 933 1134 trabere
956 1080 1066 1134 videtur
1093 1080 1149 1134 iere
1177 1083 1202 1133 si
1220 1089 1258 1133 est
1282 1078 1411 1148 (quarum

177 1167 334 1223 litterarum
358 1169 448 1238 prims.
472 1170 619 1224 admodum
648 1170 754 1224 incerta
782 1169 834 1238 est)
862 1169 999 1234 extitisse;
1032 1170 1108 1224 vario
1136 1170 1216 1222 modo
1243 1169 1411 1224 sententiam

178 1259 283 1312 absolvi
311 1277 388 1328 posse
412 1263 625 1313 consentaneum
648 1258 696 1328 001)
732 1260 801 1313 5-6
829 1261 880 1314 hoc
908 1259 1045 1314 distichon
1073 1278 1090 1314 a
1114 1259 1243 1328 Prospero
1269 1258 1411 1326 Aquitano

178 1345 276 1417 (epigr.
299 1348 372 1401 LXX
398 1347 479 1415 [alias
502 1347 614 1416 LXVII]
639 1350 709 1403 5-6
734 1349 774 1402 ed.
800 1349 904 1418 Migne)
927 1351 1072 1403 mutuatus
1098 1351 1140 1402 est
1163 1345 1251 1418 poeta}
1284 1349 1298 1399 t
1329 1348 1412 1401 verba

178 1439 267 1491 studio
285 1440 397 1504 florenta
416 1439 526 1507 scripsit
544 1441 626 1507 poeta
643 1438 800 1492 recordatus
814 1438 924 1492 Boethii
936 1437 1034 1507 philos.
1051 1437 1150 1491 consol.
1165 1438 1178 1490 l
1192 1439 1216 1502 l,
1233 1437 1254 1506 1)
1277 1438 1309 1490 11
1329 1437 1413 1491 verbs

177 1527 286 1580 Pectore
305 1525 443 1594 c(on)istor
460 1527 491 1580 in
509 1545 604 1581 rasura
624 1527 728 1596 scripta
745 1523 817 1595 0001)
845 1529 879 1582 12
898 1529 1039 1580 minimum
1058 1527 1087 1580 in
1103 1544 1199 1580 rasura
1213 1526 1345 1595 scriptum
1360 1527 1409 1598 001)

180 1616 214 1669 19
234 1615 269 1669 ad
287 1617 422 1671 vocabula
440 1618 532 1683 faune
551 1619 579 1672 01
598 1620 715 1671 mendax
733 1617 803 1671 conf.
819 1633 840 1671 e.
855 1635 882 1686 g.
898 1616 1021 1686 Prospsri
1035 1616 1173 1685 Aquitani
1192 1615 1280 1685 epigr.
1296 1615 1409 1669 LXVIII

180 1707 209 1758 et
229 1705 316 1759 LXIX
335 1705 375 1760 ed.
395 1704 496 1775 Mignel
518 1707 553 1759 20
576 1709 752 1778 officiperdus
775 1710 921 1760 mutuatus
939 1709 981 1760 cst
1007 1709 1090 1775 poeta
1112 1725 1129 1760 a
1152 1706 1264 1760 Catonis
1287 1704 1412 1759 distichis

179 1795 218 1848 lV
233 1797 267 1848 42
286 1795 328 1848 ed.
344 1795 481 1849 Baehrens
500 1796 589 1862 (Post.
605 1796 653 1851 lat.
669 1796 736 1850 min.
751 1796 804 1850 vol.
817 1794 879 1864 ΙΙΙ))
909 1797 1013 1849 23-21
1034 1794 1151 1849 totidem
1169 1794 1259 1848 verbis
1277 1795 1412 1862 leguntur

179 1884 209 1937 in
232 1883 345 1939 Catonis
369 1884 495 1938 distichis
518 1885 532 1938 I
553 1886 588 1938 20
611 1885 652 1939 ed.
679 1883 822 1954 Baehrenst
857 1886 891 1938 26
915 1885 988 1939 11000
1015 1888 1221 1953 pentametrum
1250 1901 1267 1937 a
1295 1883 1412 1937 Boethio

181 1973 278 2043 philos.
299 1975 398 2028 consol.
417 1974 430 2027 I
454 1975 474 2037 l,
495 1976 511 2027 2
530 1977 674 2028 mutuatus
693 1976 735 2029 est
753 1977 842 2044 poeta.

272 2060 307 2130 ²¹)
326 2079 497 2132 summopere
516 2063 663 2118 dolendum
687 2067 728 2118 est
753 2063 826 2132 quod
843 2061 926 2132 pauci
945 2065 1056 2116 tantum
1076 2062 1156 2116 modo
1176 2079 1269 2116 versus
1288 2060 1412 2116 Terentii

181 2153 252 2206 inO
278 2153 380 2208 servin
403 2156 476 2207 sunt.
515 2156 631 2223 apparet
654 2153 728 2208 eninr
751 2155 824 2207 hunc
847 2153 967 2207 codicem
991 2151 1128 2206 artissime
1155 2155 1305 2220 cognatum
1328 2150 1412 2205 fuisse

181 2259 242 2296 cum
270 2242 444 2296 celeberrimo
467 2242 558 2297 codice
582 2241 743 2297 Victoriano
771 2242 857 2308 (nune
876 2241 1062 2296 Laurentiano
1080 2241 1223 2295 XXXVIII
1244 2241 1286 2305 24,
1306 2239 1412 2308 dequo

182 2331 215 2385 cf.
235 2331 468 2400 Umpfenbechiua
487 2332 516 2386 10
536 2332 659 2387 Terentii
678 2332 800 2386 editione
818 2350 844 2401 p.
865 2331 957 2386 XVIII
976 2330 1055 2399 squ),
1084 2330 1220 2398 siquidem
1245 2331 1275 2382 in
1295 2333 1412 2398 utroque

181 2423 243 2490 post
262 2421 385 2476 Terentii
404 2421 512 2476 fabulas
538 2423 657 2491 scriptus
680 2424 721 2476 est
744 2422 878 2476 Prisciani
901 2420 1012 2474 libellus
1036 2420 1069 2474 de
1092 2420 1188 2474 metris
1212 2419 1334 2474 Terentii
1357 2437 1412 2473 non

181 2510 297 2579 integer,
317 2511 463 2579 secusque
478 2511 513 2564 ad
527 2511 624 2580 plat,
648 2511 816 2576 1201111011,
836 2528 953 2578 eumque
972 2509 1075 2579 excipit
1093 2509 1211 2564 Senecae
1231 2509 1359 2579 epistula,
1379 2509 1412 2562 de

182 2617 237 2668 qua
264 2600 367 2670 agitur,
392 2600 451 2670 pari
476 2601 556 2655 modo
579 2601 720 2655 mutilata.
757 2601 787 2654 in
807 2601 930 2656 Terentii
953 2599 1044 2654 codice
1068 2600 1217 2654 Decurtato
1241 2599 1289 2666 qui
1312 2598 1414 2652 dieitur

181 2687 221 2754 (id
248 2693 290 2744 est
317 2690 347 2743 in
371 2690 508 2745 Vaticano
530 2691 597 2746 1610
626 2707 694 2746 saec.
715 2691 761 2756 XI,
791 2709 873 2758 quem
901 2707 963 2744 cum
991 2689 1152 2743 victoriano
1179 2691 1327 2758 cognatum
1356 2705 1413 2742 esse

181 2780 303 2846 constat)
322 2779 416 2834 omnia
434 2797 506 2848 quae
524 2780 591 2834 olim
609 2783 672 2849 post
690 2781 814 2848 Hecyrae
832 2797 941 2834 versum
959 2780 1012 2834 309
1031 2779 1166 2834 extabant
1184 2778 1296 2848 periisse
1315 2781 1414 2832 notum

182 2873 224 2924 001
242 2869 289 2936 (cf.
310 2869 542 2939 Umpfenhachius
562 2870 580 2923 l.
600 2889 621 2925 c.
641 2888 668 2939 p.
687 2869 783 2938 XXII).

274 2955 309 3025 ⁷³)
332 2962 394 3026 post
418 2958 531 3012 ultimos
550 2959 673 3028 Hecyrae
695 2976 788 3013 versus
811 2958 879 3013 haec
902 2959 1046 3028 leguntur:
1074 2961 1156 3012 Ponti
1178 2975 1291 3026 namque
1314 2965 1413 3012 natans

182 3049 240 3102 titis
258 3045 333 3113 (0101)
347 3050 504 3116 pertinpere
523 3057 634 3116 temptat
653 3051 807 3102 Herbarum
826 3052 915 3114 fessus
934 3065 1045 3115 corpere
1064 3065 1169 3101 000000
1188 3050 1284 3101 nitens.
1315 3049 1413 3101 Callio-

180 3140 246 3204 pius
264 3140 385 3192 recensui
403 3141 558 3192 novissima.
592 3137 647 3192 tria
665 3138 767 3192 ultima
785 3139 870 3192 verba
888 3139 1136 3192 010001000011010
1150 3139 1321 3206 repetuntur.
1350 3139 1413 3206 post

183 3225 317 3280 Prisciani
345 3227 470 3281 libellum
499 3229 528 3281 et
555 3227 673 3283 Senecae
701 3228 850 3296 epistulam
878 3231 1030 3295 sequuntur
1058 3228 1138 3290 haec,
1172 3243 1242 3294 quae
1270 3229 1414 3295 tamquam

182 3316 286 3370 scholia
314 3316 349 3371 sd
376 3317 584 3386 inscriptionem
613 3318 763 3372 satirarum
789 3317 928 3372 luvenalis
956 3317 1081 3386 proxima
1107 3317 1236 3371 columna
1260 3319 1413 3370 exaratam:

182 3406 230 3461 D·
252 3406 346 3460 IVNII
363 3435 369 3447 ·
391 3407 587 3460 IVUENALIS
611 3407 837 3462 SATYRARVM
861 3407 959 3460 LIBRI
983 3407 1092 3460 adiecta
1111 3423 1167 3460 0000
1185 3405 1242 3460 iam
1262 3423 1294 3460 ex
1313 3405 1415 3459 litteris

182 3498 201 3549 d
225 3498 240 3550 0
263 3513 277 3548 0
305 3496 470 3566 praepositis
498 3500 622 3566 apparet.
668 3497 772 3551 subicio
800 3514 834 3552 00.
860 3496 906 3550 hic
932 3495 1005 3550 sicut
1036 3495 1065 3549 in
1089 3495 1180 3549 codice
1207 3495 1309 3564 scripta
1336 3497 1413 3548 sunt:

179 3678 274 3744 prinae
304 3683 382 3730 01010
410 3679 505 3730 tacuit.
550 3679 639 3730 media
668 3695 732 3730 0010
759 3679 930 3730 declamauit.
977 3678 1141 3744 temporibus
1170 3677 1274 3728 clandii
1305 3676 1415 3728 neronis

182 3769 373 3833 100101010νί0,-
394 3769 566 3834 primumque
589 3769 618 3819 in
637 3769 767 3835 paridem
787 3769 987 3835 pantomimum
1005 3768 1188 3834 imperatoris.
1227 3765 1274 3832 qui
1292 3765 1415 3829 fautores

182 3857 280 3910 multos
304 3856 421 3910 11010001.
458 3856 507 3910 laos
529 3873 626 3910 unaue
649 3858 739 3911 edidit.
777 3858 847 3925 quod
868 3873 921 3910 non
944 3858 1011 3909 dant
1029 3871 1155 3922 proceres
1178 3855 1252 3907 datii
1270 3855 1372 3907 histria
1391 3860 1415 3906 et

181 3953 268 3998 001010
278 3953 393 4014 propter
405 3962 470 4014 0000
484 3961 655 4000 0010000100
669 3963 722 4000 000
736 3949 846 4007 0000101
861 3963 920 3999 eum
934 3963 1009 3998 roma
1025 3947 1106 4012 00001
1121 3945 1170 3997 sub
1183 3951 1292 4010 optentu
1306 3944 1416 3998 miliciae

182 4037 329 4102 dignitatis
346 4038 534 4104 octogenarius
552 4045 627 4090 esset.
660 4038 784 4104 factoque
798 4037 927 4104 principe
946 4037 1027 4088 nnius
1041 4035 1166 4088 cohortis.
1194 4035 1343 4086 destinauit
1356 4049 1415 4084 eum

181 4127 218 4178 ad
237 4127 348 4178 ultimas
368 4124 400 4192 (ti
418 4142 501 4193 supra
519 4129 638 4192 versum)
653 4133 751 4194 partes
769 4129 864 4194 opipti
888 4127 960 4178 Vnde
979 4123 1073 4192 (supra
1096 4141 1113 4176 n
1138 4121 1263 4176 litteram
1288 4120 1416 4190 ltposuit

182 4213 263 4266 102.
287 4213 389 4268 saeculi
415 4215 470 4269 sere
493 4215 569 4281 Xlll)
593 4217 637 4268 aa:
659 4233 718 4268 curu
742 4232 794 4269 non
815 4223 907 4284 posset
931 4232 1022 4267 carcre
1045 4215 1178 4268 consuetis
1204 4213 1365 4280 spectaculis
1391 4218 1416 4264 et

181 4305 261 4358 ludis.
300 4306 347 4372 qui
371 4305 394 4370 (i
411 4303 442 4357 in
460 4322 473 4358 0
493 4303 615 4359 mutavit
633 4323 668 4357 m.
688 4305 724 4370 2.)
752 4323 844 4358 romae
866 4306 961 4371 fiebant
986 4321 1087 4371 000010
1111 4311 1135 4356 01
1159 4303 1229 4356 talio
1245 4304 1337 4369 periit.
1370 4299 1414 4367 [cf.

181 4393 304 4448 Iuvenal.
325 4393 358 4448 ed
373 4394 404 4447 Ο.
418 4393 489 4448 lehn
504 4411 527 4448 a.
546 4395 610 4448 1851
632 4412 659 4463 p.
673 4395 726 4448 388
745 4412 820 4448 num.
836 4394 876 4446 Ill
890 4397 918 4448 01
932 4411 958 4462 p.
974 4394 1027 4446 390
1040 4411 1114 4446 0010.
1128 4391 1179 4446 1111
1193 4390 1286 4458 medi.
1313 4391 1415 4461 Satyra

181 4492 240 4538 0101
263 4487 339 4554 apud
362 4487 487 4554 antiquos
509 4502 594 4552 penus
617 4486 704 4538 100010
728 4502 796 4552 quaa
818 4487 847 4538 in
873 4485 982 4552 templis
1006 4485 1116 4538 deorum
1136 4483 1302 4536 multimodis
1320 4489 1417 4548 satyra

181 4576 284 4628 dicitur
303 4577 384 4641 qnasi
403 4581 500 4628 satura
519 4591 548 4629 00
567 4576 637 4642 quod
655 4576 808 4627 sacietatem
827 4575 920 4627 multis
935 4574 1065 4640 presan.
1102 4573 1166 4625 11100
1188 4574 1269 4626 etiam
1293 4586 1322 4624 eo
1347 4571 1417 4638 quod

181 4666 301 4718 crimina
330 4666 474 4718 multonem
501 4673 607 4732 carpat.
649 4665 708 4717 ideo
734 4667 872 4734 satyricus
895 4664 962 4716 liber
985 4670 1009 4715 et
1032 4664 1122 4730 satyri
1146 4678 1174 4716 00
1197 4663 1267 4729 quod
1289 4663 1417 4729 00100010

181 4749 315 4821 factisque
328 4756 450 4806 saturati
459 4755 617 4806 1100000010
626 4755 759 4806 uidentur.
780 4755 795 4806 0
812 4754 914 4806 1100001
923 4753 1081 4806 dicabantur
1091 4753 1166 4820 apud
1176 4753 1303 4818 antiquos
1314 4751 1361 4818 qui
1369 4751 1417 4804 troc
