3560 5242
358 663 428 722 ται,
462 644 521 727 τῆς
553 635 653 727 ἀρχῆς
685 641 739 707 καὶ

360 741 528 826 δυνάμεως
556 737 598 808 τὰ
621 671 764 832 opperiar

360 842 394 908 ἐν
408 843 536 924 τούτοις
551 843 737 925 δεικνύντες,
759 796 763 896 Ι

358 942 388 1012 εἰ
425 947 478 1014 καὶ
510 947 557 1034 μὴ
595 897 763 1038 νοοῦντεςὶ

359 1053 454 1116 codro
473 1048 644 1135 πράττετε.
668 1049 738 1116 Καὶ

359 1157 425 1218 τῶν
448 1147 529 1239 παρ’
551 1147 626 1236 ὑμῖν
647 1145 738 1219 ἄντο-

358 1253 570 1342 opponerem
586 1248 739 1341 αἰτοκρα·

360 1355 466 1444 τόρων
487 1350 560 1438 τὰς
582 1353 739 1436 εἰκόνας

359 1457 427 1524 ἐπὶ
447 1457 567 1546 τούτῳ
587 1464 638 1548 τῷ
655 1458 740 1547 σχή-

359 1587 457 1646 ματι
526 1555 739 1629 ἀνατίθετε

360 1665 414 1730 καὶ
437 1657 534 1743 θεοὺς
557 1658 614 1730 διὰ
635 1689 738 1750 γραμ-

357 1765 471 1850 μάτων
508 1765 737 1850 ε’νιονομάζετε.

443 1872 555 1936 Iustini
582 1871 678 1952 igitur
706 1871 853 1954 expositio
876 1874 941 1934 tres
965 1870 1184 1952 complectitur
1206 1871 1328 1953 partes,
1358 1889 1437 1952 quas
1460 1871 1584 1934 litteris

357 1979 394 2050 A,
417 1974 503 2050 B‚C
533 1973 743 2055 signavimus:
776 1974 878 2056 prima
908 1972 1142 2036 demonstratur
1172 1972 1420 2053 navigationem,
1449 1973 1587 2054 agricul-

358 2083 478 2152 turam,
507 2077 653 2160 opificum
682 2079 783 2140 artem
809 2076 841 2138 in
865 2075 954 2158 signo
976 2075 1078 2138 crucis
1100 2075 1202 2157 posita
1225 2093 1309 2148 esse;
1338 2076 1438 2139 altera
1459 2076 1493 2138 in
1516 2093 1584 2139 cor·

358 2198 432 2263 pore
460 2179 598 2243 humano
628 2179 714 2242 cerni
741 2179 842 2242 crucis
871 2178 1014 2259 signum,
1045 2177 1141 2242 tertia
1167 2177 1199 2240 in
1227 2177 1286 2241 hoc
1313 2177 1402 2260 signo
1430 2178 1488 2241 niti
1510 2176 1586 2241 reli·

358 2282 483 2364 gionem
505 2282 720 2346 Romanorum
743 2283 949 2344 castrensem.
993 2281 1206 2345 Tertullianus
1230 2283 1337 2344 autem
1360 2283 1449 2363 parte
1471 2282 1583 2364 priore,

359 2401 455 2466 quam
477 2403 534 2448 nos
557 2408 579 2446 α
602 2383 806 2467 appellamus,
828 2383 965 2448 ostendit
987 2401 1006 2446 a
1027 2384 1159 2464 paganis
1183 2383 1302 2465 ligneos
1318 2383 1392 2447 deos
1407 2383 1583 2448 colentibus

359 2487 481 2552 adorari
510 2504 632 2563 cruces,
665 2485 776 2550 deinde
806 2487 852 2568 (β)
879 2487 995 2550 transit
1022 2486 1061 2550 ad
1089 2485 1274 2567 religionem
1295 2485 1509 2550 Romanorum
1531 2505 1584 2552 ca-

359 2592 526 2654 strensem.
570 2589 729 2654 Minucius
758 2588 891 2671 denique
920 2592 1088 2671 postquam
1111 2587 1222 2652 eodem
1246 2588 1353 2653 ordine
1376 2607 1437 2671 quo
1459 2589 1584 2652 Tertul-

358 2691 461 2755 lianus
489 2691 666 2772 ligneorum
694 2691 823 2756 deorum
846 2692 967 2756 cultum
991 2691 1037 2774 (a)
1062 2694 1094 2755 et
1116 2690 1298 2774 religionem
1321 2695 1513 2756 castrensem
1535 2693 1581 2773 (b)

358 2795 509 2876 respexit,
540 2793 627 2858 addit
649 2795 691 2874 (c)
713 2813 827 2858 navem
855 2813 928 2859 cum
951 2795 1029 2858 velis
1051 2795 1247 2858 tumentibus
1269 2795 1436 2860 vehentem
1458 2795 1508 2859 vel
1531 2813 1586 2858 er·

358 2896 467 2980 pansis
505 2896 654 2979 palmulis
692 2897 865 2972 labentem,
902 2897 1012 2977 iugum
1047 2899 1203 2974 erectum,
1240 2896 1400 2962 hominem
1432 2897 1585 2980 porrectis

358 2999 506 3064 manibus
528 2998 632 3064 Deum
654 3002 857 3063 venerantem
881 3017 973 3064 cruce
996 2998 1173 3081 significari.

443 3101 558 3166 Iustini
584 3101 723 3183 vestigiis
752 3119 811 3165 nec
833 3099 989 3166 Minucius
1019 3102 1180 3184 ingressus
1208 3105 1337 3167 estnec
1359 3101 1584 3166 Tertullianus.

358 3203 441 3269 Nam
465 3223 567 3287 neque
590 3205 645 3281 eis,
666 3222 745 3288 quae
767 3204 799 3267 in
823 3206 891 3268 aet
905 3228 927 3268 α
944 3205 1102 3286 leguntur,
1126 3205 1241 3269 similia
1257 3205 1341 3288 apud
1356 3205 1516 3270 Iustinum
1532 3223 1585 3269 ex-

358 3309 458 3384 stant,
486 3325 588 3389 neque
612 3308 671 3384 eis,
695 3326 775 3389 quae
797 3308 830 3370 in
852 3311 880 3371 A
902 3311 935 3372 et
957 3307 983 3371 B
1006 3307 1124 3372 tradita
1145 3309 1230 3384 sunt,
1254 3307 1370 3372 similia
1393 3308 1491 3372 habet
1505 3306 1585 3371 Ter-

360 3409 513 3473 tullianus
542 3413 598 3474 aut
619 3410 789 3488 Minucius,
818 3411 878 3474 nisi
906 3410 988 3493 quod
1011 3411 1062 3475 hic
1085 3411 1161 3475 dicit
1182 3410 1215 3474 in
1236 3409 1308 3474 navi
1331 3411 1458 3493 signum
1480 3410 1584 3474 erucis

359 3512 456 3588 cerni,
485 3513 583 3594 quod,
613 3513 762 3594 quoniam
791 3513 875 3596 apud
898 3513 975 3578 alios
999 3514 1164 3597 scriptores
1187 3513 1415 3578 ecclesiasticos
1438 3513 1585 3578 similiter

359 3614 505 3692 docetur,
519 3619 542 3694 ¹)
582 3633 694 3697 parum
731 3615 828 3679 habet
860 3616 1056 3680 auctoritatis
1095 3617 1134 3681 ad
1166 3615 1296 3680 Minucii
1338 3618 1497 3681 auctorem
1535 3617 1585 3680 in·

359 3717 594 3798 vestigandum
628 3736 731 3799 neque
761 3717 932 3783 Minuciam
958 3719 1093 3783 hominis
1120 3719 1270 3802 porrectis
1298 3719 1445 3784 manibus
1473 3719 1580 3784 Deum

360 3819 518 3884 adorantis
540 3821 607 3885 ulla
629 3821 668 3886 ab
691 3820 813 3886 Iustino
835 3822 915 3886 ratio
937 3821 1046 3885 habita
1068 3824 1123 3887 est.
1167 3821 1279 3903 laque
1302 3823 1401 3885 restat
1422 3820 1490 3886 sola
1510 3821 1585 3886 reli·

359 3923 460 4002 gionis
484 3924 652 3988 castrensis
673 3924 791 3989 mentio
817 3925 862 4004 (in
884 3925 904 3988 b
927 3927 959 3990 et
980 3927 1029 4005 β),
1053 3925 1188 4006 quaein
1211 3924 1235 3990 C
1258 3923 1352 3998 redit;
1374 3943 1484 3989 verum
1508 3942 1583 3988 can-

359 4025 450 4088 tabra
479 4026 536 4104 (sio
558 4026 578 4090 b
602 4032 634 4090 et
655 4030 690 4106 β)
719 4027 824 4092 omisit
848 4026 1004 4104 Iustinus,
1039 4028 1121 4110 quod
1152 4045 1251 4109 genus
1274 4027 1435 4108 signorum
1456 4029 1584 4109 praeter

360 4127 533 4192 dlinucium
566 4133 598 4193 et
624 4129 855 4194 Tertullianum
887 4131 966 4195 nulli
999 4131 1165 4213 scriptores
1192 4130 1296 4194 Latini
1324 4133 1379 4193 aut
1409 4127 1521 4194 Graeci
1547 4130 1582 4192 in

361 4231 457 4296 simili
480 4235 667 4312 argumento
690 4235 1023 4322 commemoraverunt.

446 4331 512 4398 Neo
535 4352 607 4399 vero
622 4333 779 4400 Minucius
801 4335 917 4419 pendet
937 4355 953 4400 e
968 4335 1171 4412 Tertulliano,
1195 4335 1310 4418 quippe
1326 4335 1378 4417 qui
1393 4353 1452 4399 nec
1466 4352 1581 4398 narem

360 4469 568 4486 x——a

430 4576 452 4638 ¹)
471 4571 541 4626 Vide
558 4573 640 4627 clem.
659 4574 736 4627 Alex.
756 4573 842 4628 Protr.
858 4575 898 4638 12,
915 4573 986 4628 1181
1003 4589 1029 4642 p.
1045 4575 1104 4639 119,
1121 4573 1139 4626 8
1158 4572 1236 4627 Dind.
1255 4573 1367 4627 etPott.
1382 4572 1456 4642 adn.;
1476 4571 1497 4626 l.
1512 4573 1581 4627 Gro-

361 4657 454 4711 novius
472 4657 510 4711 M.
530 4657 594 4711 liin.
616 4658 671 4712 l'el.
692 4659 750 4713 Oet
774 4659 860 4728 Lugd.
879 4659 940 4714 Bat.
961 4661 1029 4712 1709
1046 4676 1071 4728 p.
1090 4660 1149 4712 304.
