3548 5256
942 398 985 462 70

349 592 465 655 P11t55
494 589 637 663 Βοιώτιος
664 597 770 679 νόμος·
798 592 847 656 ἐπὶ
873 600 935 656 τῶν
962 589 964 676 ξ
990 590 1030 655 S:
1060 590 1203 664 Βοιώτιος
1225 597 1332 677 νόμος·
1360 591 1408 655 ἐπὶ
1435 600 1497 657 τῶν
1520 594 1587 664 τὰς

349 702 404 771 τὰς
428 703 481 784 μὲν
505 697 606 784 ἀρχὰς
625 695 827 783 ἠρεμοῦντων,
851 694 934 764 ὔστε-
961 677 963 791 2
990 696 1090 784 ἀρχὰς
1127 696 1332 784 ἠρεμυίιντων,
1379 693 1503 782 ὕστερον
1549 699 1586 761 δὲ

348 827 399 888 ρον
427 807 459 867 δὲ
485 815 550 876 τοῖς
580 815 688 876 κακοῖς
718 805 933 882 ἐπιτεινόντων,
961 812 963 889 γ
989 805 1203 870 ἐπιτεινόντων.
1250 803 1423 892 Σοφοκλῆς·

348 909 390 983 ὣς
413 933 483 998 φησι
506 909 666 1000 Σοφοκλῆς
691 910 763 994 (frg.
778 914 843 977 878
864 910 934 990 N.)·
960 912 963 997 ί
989 910 1063 976 ὅταν
1078 935 1123 985 τις
1141 910 1228 996 ἀείδῃ
1242 914 1296 977 τὸν
1311 910 1453 976 Βοιώτιον
1468 917 1585 995 νόμον·

393 1016 467 1084 ὅταν
481 1040 525 1090 τις
534 1017 594 1102 ᾅδῃ
610 1022 663 1084 τὸν
673 1017 816 1085 Βοιώτιον
831 1024 933 1103 νόμον.
960 1016 963 1105 Ι
988 1021 1032 1082 τὰ
1051 1027 1175 1102 πρῶτα
1193 1023 1256 1105 μὲν
1274 1021 1451 1104 σχολαῖον
1474 1015 1585 1083 εὔτο-

346 1123 463 1210 εἴρνγται
494 1128 525 1190 δὲ
556 1123 576 1210 ἡ
608 1126 768 1212 παροιμία,
800 1130 935 1210 παρόσον
960 1190 962 1228 ι
989 1148 1049 1198 νυς
1072 1123 1137 1190 ἀεί.

348 1229 476 1296 Βοιωτοὶ
499 1237 643 1316 πρότερον
667 1231 732 1314 βίον
752 1230 868 1297 ἄλυπον
882 1237 935 1298 καὶ
988 1239 1129 1297 τάττεται
1156 1233 1187 1296 δὲ
1214 1236 1268 1296 καὶ
1294 1235 1375 1296 κατὰ
1397 1239 1459 1297 τῶν
1483 1231 1585 1318 ἀνοή-

348 1336 462 1424 ἤρεμον
508 1340 632 1424 ἔχοντες
673 1343 750 1424 μετὰ
790 1341 934 1426 τελευτὴν
960 1392 962 1419 ,
988 1361 1049 1411 τως
1072 1341 1272 1424 διακειμένων.

350 1440 448 1508 Λαΐου
472 1447 596 1517 πολλοῖς
618 1457 726 1519 κακοῖς
751 1451 932 1531 περιέπεσον.

348 1550 386 1614 In
415 1550 478 1615 den
505 1550 698 1617 verderbten
724 1553 858 1619 Worten
886 1556 925 1616 τὰ
953 1550 1168 1637 πρῶτα-ἀεί
1195 1550 1303 1619 steekt
1328 1551 1493 1617 vielleieht
1521 1551 1582 1617 ein

349 1676 448 1721 neuer
471 1657 630 1722 Trimeter
654 1657 713 1724 dee
738 1657 931 1743 Sophoklee.

440 1781 478 1846 In
502 1781 560 1848 der
574 1781 760 1866 Erkldrung
783 1782 841 1850 des
858 1782 1072 1869 Spriehworts
1096 1785 1303 1868 δειλότερος
1325 1780 1355 1846 εἴ
1377 1790 1439 1846 τυῖ
1462 1804 1584 1864 παρα-

348 1893 551 1962 κόπτοντος
585 1890 706 1955 stimmt
734 1890 757 1954 S
790 1891 834 1956 im
867 1891 1081 1975 allgemeinen
1114 1890 1173 1955 mit
1200 1889 1227 1954 B
1255 1891 1320 1956 339
1354 1887 1420 1954 und
1448 1887 1474 1952 L
1507 1885 1581 1974 (Ps.

348 1995 432 2061 Plut.
459 1999 527 2080 75),
555 2015 590 2062 er
611 1995 670 2062 het
692 1998 770 2063 aber
794 1997 888 2062 einen
911 1997 1039 2082 Zusatz,
1068 1996 1127 2062 der
1153 1996 1188 2060 in
1210 1995 1328 2063 beiden
1351 1993 1445 2060 fehlt:
1480 1997 1583 2060 δειλό-

347 2123 436 2187 τερος
458 2101 484 2166 εἶ
506 2113 559 2168 τοῖν
577 2107 842 2188 παρακόπτοντος·
859 2103 1003 2190 Ἴστρος
1024 2105 1061 2169 ἐν
1084 2115 1164 2176 ταῖς
1188 2100 1407 2189 Ἡρακλέους
1432 2098 1583 2190 [ἁν]ἐπι-

347 2211 515 2297 φανείαις
537 2212 632 2294 λέγει
656 2209 700 2275 ὅτι
724 2213 908 2300 φοβοόμενός
931 2235 975 2286 τις
997 2215 1050 2277 τδν
1073 2209 1229 2296 Ἡρακλέα
1251 2212 1359 2276 κατέδ)
1372 2207 1416 2281 εἰς
1430 2211 1581 2294 σπήλαιον

348 2320 401 2379 καὶ
427 2320 608 2404 παρακόψας
635 2323 687 2383 καὶ
713 2315 784 2384 ἰδὼν
813 2321 860 2382 διὰ
889 2319 1003 2384 δειλίαν
1032 2317 1187 2404 ἀπέψυξεν.
1229 2318 1430 2389 ἐντετόπωται
1458 2311 1510 2381 οὖν
1532 2329 1581 2399 τῷ

348 2422 427 2505 λίθῳ
456 2422 683 2510 ἀνθρωποειδὴς
709 2423 798 2491 εἰκὼν
830 2429 883 2489 καί
914 2431 971 2512 τὴν
1003 2429 1140 2514 κεφαλὴν
1167 2421 1304 2511 ὑπερέχει
1331 2432 1386 2488 τοῦ
1418 2422 1579 2508 σπγλαίαν,

347 2532 483 2594 καλείτω
517 2533 547 2594 δὲ
579 2536 789 2616 παρακόπτων.
845 2533 916 2598 Das
949 2531 1037 2598 citat
1070 2551 1129 2598 aue
1162 2531 1264 2597 Istron
1295 2529 1380 2596 reiht
1412 2528 1479 2595 sieh
1513 2526 1580 2593 den

349 2635 486 2719 dbrigen
506 2637 634 2703 Οἰταῖον
653 2639 686 2704 in
710 2638 818 2706 dieser
837 2639 948 2706 Partie
972 2639 1031 2706 des
1055 2638 1175 2704 dritten
1189 2636 1318 2704 Buehee
1343 2636 1402 2703 dee
1416 2635 1581 2702 Zenobiou

351 2739 584 2828 (Philosophen
608 2744 674 2810 und
698 2746 882 2813 Historiker
910 2746 968 2813 der
991 2743 1296 2811 alexandrinisehen
1320 2743 1405 2830 Zeit)
1433 2739 1580 2828 pessend

346 2869 407 2914 en:
432 2850 496 2934 vgl.
520 2851 654 2917 Cresius
677 2853 770 2918 Auel.
794 2853 863 2919 erit
885 2874 917 2938 p.
933 2857 973 2919 81
1000 2873 1068 2936 sqq.
1093 2852 1162 2920 85⁵.
1211 2850 1303 2918 Aueh
1326 2850 1385 2916 der
1406 2847 1494 2914 Titel
1517 2846 1579 2914 dee

348 2955 487 3022 Werkes
511 2955 696 3042 Ἡρακλέους
720 2961 886 3045 ἐπιφάνειαι
910 2960 954 3027 iet
976 2980 1049 3028 neu.

438 3063 501 3129 Die
514 3063 700 3147 Erkldrung
724 3065 783 3132 dee
799 3067 1014 3151 Spriehworts
1036 3066 1119 3141 Διδς
1142 3065 1329 3151 Κόρινθος
1347 3065 1391 3131 ist
1405 3064 1438 3128 in
1452 3063 1576 3128 Pm21

346 3170 415 3234 und
445 3171 471 3234 B
500 3173 565 3236 344
601 3172 651 3237 bie
683 3173 744 3238 auf
767 3173 820 3239 die
848 3173 959 3239 Worte
991 3175 1039 3239 ἐπὶ
1073 3183 1135 3240 τῖυν
1162 3178 1202 3238 τὰ
1234 3170 1312 3237 αὐτὰ
1344 3175 1493 3251 λεγόντων
1524 3173 1581 3234 καὶ

348 3285 542 3362 πραττόντων
570 3299 654 3362 ganz
682 3279 902 3364 ausgefallen3
934 3281 969 3346 in
1000 3281 1052 3345 Μ]
1070 3281 1111 3354 ξς]
1138 3280 1182 3346 ist
1211 3280 1259 3346 sie
1292 3278 1384 3345 stark
1415 3275 1578 3343 verklirzt-

351 3383 373 3449 S
397 3385 440 3452 ist
463 3385 611 3452 ziemlieh
635 3387 849 3454 aussdhrlieh:
873 3386 944 3462 Διὸς
964 3387 1132 3473 Κόρινθος·
1158 3388 1291 3453 ἐπὶτῶν
1314 3391 1354 3452 τὰ
1377 3383 1455 3450 αὐτὰ
1477 3387 1581 3463 λεγόν-

348 3515 408 3557 των
430 3498 483 3557 καὶ
506 3502 709 3579 πραττόντων.
756 3501 828 3583 φασὶ
856 3500 913 3580 γὰρ
942 3493 1093 3580 Μεγαρεῖς
1120 3493 1291 3580 Κορινθίων
1319 3493 1463 3565 ἀποίκους
1486 3489 1579 3563 ὄντας

347 3604 401 3664 καὶ
424 3604 523 3666 πολλὰ
546 3607 722 3689 πόισχυντας
747 3603 927 3688 ἀποστῆναι·
958 3609 1153 3690 πεμφθέντας
1181 3604 1212 3666 δὲ
1238 3599 1296 3668 {me
1318 3609 1380 3666 τῶν
1403 3597 1579 3684 Κορινθίων

348 3710 483 3791 πρέσβεις
506 3709 703 3798 ἀφικομένας
724 3711 773 3774 ἐπὶ
796 3713 874 3774 τέλει
897 3719 959 3776 τῶν
982 3714 1080 3791 λόγων
1103 3707 1194 3774 εἰπεῖν
1213 3709 1253 3781 ὡς
1267 3708 1316 3773 ἐπὶ
1329 3719 1392 3780 τοῖς
1407 3711 1580 3792 λεγομένας

349 3812 432 3878 ἔσται
456 3812 530 3880 καθ’
555 3812 637 3902 ὑμῶν
661 3815 677 3880 ὁ
701 3814 770 3889 Διδς
795 3815 962 3902 Κόρινθος·
986 3817 1032 3906 ἐφ’
1058 3815 1081 3900 ᾧ
1100 3817 1170 3888 τοὺς
1184 3814 1341 3898 Μεγαρέας
1357 3816 1427 3886 τους
1441 3813 1579 3897 πρέσβεις

345 3924 533 3985 καταλεῦσαι
562 3925 709 4005 βοῶντας,
739 3936 807 3989 παῖε
835 3928 888 3990 τὸν
915 3921 1175 4009 ΔιδςΚόρινθυν.
1223 3923 1250 3987 οἱ
1273 3924 1303 3986 δὲ
1326 3923 1374 3986 ἐπὶ
1397 3929 1458 3986 τῶν
1482 3915 1581 3984 οὐδενὶ

347 4031 428 4092 τέλει
452 4027 653 4096 ἀπειλουντων
682 4035 770 4117 φασὶν
799 4029 938 4118 εἰρῆσθαι
964 4036 1020 4118 τὴν
1050 4029 1218 4115 παροιμίαν.
1266 4029 1354 4094 ἄλλοι
1382 4030 1413 4092 δὲ
1441 4027 1490 4090 ἐπὶ
1517 4036 1579 4090 τῶν

346 4142 573 4222 σεμνυνομένων
606 4143 669 4221 μέν,
702 4148 807 4211 κακῶς
845 4141 875 4202 δὲ
913 4137 1196 4224 ἀπαλλαττομένων.
1257 4135 1329 4218 Vgl.
1361 4133 1459 4200 sehoL
1492 4131 1577 4199 Plat.

349 4239 489 4326 Euthyd.
514 4244 624 4309 292&
648 4244 747 4310 schol.
771 4243 864 4308 Pind.
889 4245 982 4315 Nem.
1006 4243 1067 4308 VH
1093 4245 1164 4310 155.

440 4350 501 4415 Die
537 4350 722 4434 Erkldrung
759 4350 817 4416 des
851 4371 910 4416 aus
943 4349 1174 4416 lexikaliseher
1206 4347 1321 4426 Quelle
1354 4343 1577 4413 stemmenden

350 4456 540 4523 Auedrueks
569 4460 712 4547 σιλφίου
740 4461 870 4544 λειμών
899 4456 939 4543 (Β
964 4459 1043 4539 837)
1071 4456 1115 4523 iet
1142 4456 1176 4522 in
1199 4455 1286 4520 ΑΒΚ
1314 4453 1388 4521 sehr
1415 4452 1577 4520 verkdrzt

352 4563 414 4628 Die
428 4564 480 4629 bei
491 4564 673 4649 Hesyebios
688 4565 854 4649 gegebene
864 4563 1050 4648 Erkldrung
1065 4563 1170 4630 erhdlt
1184 4563 1256 4630 eine
1266 4563 1463 4646 Ergdnzung
1477 4557 1579 4623 durch

354 4670 408 4737 die
432 4671 624 4755 (allerdings
647 4672 887 4737 verstdmmelte
910 4671 975 4736 und
999 4670 1181 4752 verderbte)
1205 4668 1389 4752 Erklerung
1411 4668 1445 4734 in
1469 4665 1505 4731 S:
