3568 5238
646 460 647 463 ’
801 463 842 522 25

220 683 372 747 Asconius
388 683 465 747 nihil
486 687 581 766 neget
589 686 623 764 1),
645 683 705 748 6161
729 683 941 750 defensionem
962 703 995 749 re
1017 703 1090 750 vera
1112 686 1271 767 peractam
1293 703 1375 759 esse,
1408 684 1439 747 id

221 786 302 866 quod
325 785 457 850 fortasse
480 805 517 850 er
540 787 675 869 epistula
697 787 752 851 illa
774 787 853 851 falso
876 788 1045 870 collegerat
1067 787 1290 866 Fenestellae).
1327 785 1438 868 laque

218 907 285 952 rem
307 889 339 950 in
362 907 512 971 suspenso
536 889 711 970 relinquere
736 892 893 972 praestat,
921 889 1106 973 praesertim
1130 907 1202 952 oum
1227 891 1345 970 quanta
1368 909 1437 952 eau-

220 990 304 1055 tiuue
327 991 359 1055 in
381 991 430 1054 his
453 992 546 1056 rebus
569 1011 647 1074 opus
671 993 722 1067 sit,
746 993 842 1056 etiam
864 993 935 1057 inde
960 993 1090 1067 eluceat,
1119 993 1201 1073 quod
1224 992 1377 1056 Ascomus
1399 1010 1439 1055 ne

220 1093 371 1176 epistulas
406 1094 547 1176 quidem,
571 1113 649 1177 quas
673 1094 711 1157 ad
736 1094 905 1160 familiares
928 1113 1038 1160 vocare
1061 1095 1292 1169 consuevimus,
1326 1093 1439 1158 excitat

222 1199 277 1259 aut
299 1196 424 1279 saepius
447 1197 584 1274 adhibet,
609 1216 801 1279 quamquam
823 1199 892 1262 illas
916 1201 985 1262 tum
1008 1197 1108 1262 editas
1128 1197 1223 1260 brisso
1247 1199 1381 1260 constat.

305 1401 418 1465 Restat
451 1405 487 1466 61
516 1421 757 1468 commemorem
788 1404 1007 1486 interpretem,
1045 1402 1248 1484 quantumvis
1282 1400 1439 1466 Ciceronis

220 1504 314 1568 fidem
331 1509 425 1587 atque
442 1507 660 1570 auctoritatem
683 1507 901 1589 amplectatur,
923 1505 1082 1570 nonnullis
1105 1509 1212 1569 tamen
1235 1503 1310 1568 locis
1332 1504 1378 1567 ita
1400 1505 1438 1567 ab

221 1626 256 1671 eo
280 1607 468 1691 discrepare,
504 1611 542 1672 ut
563 1612 717 1672 oratorem
741 1613 796 1673 aut
818 1628 921 1674 errare
950 1610 1054 1690 aperte
1078 1608 1162 1672 dinat
1191 1609 1230 1689 (p.
1255 1608 1282 1682 2,
1306 1607 1357 1670 23.
1381 1607 1438 1678 24;

220 1711 250 1783 4,
275 1711 303 1772 1.
328 1711 360 1791 2)
384 1713 438 1774 aut
459 1731 572 1795 parum
596 1715 686 1776 caute
710 1716 916 1793 accurateque
938 1711 1023 1793 loqui
1046 1709 1088 1794 (p.
1102 1713 1131 1788 5,
1145 1711 1269 1783 6-18;
1295 1710 1438 1786 11,24-

223 1814 279 1887 27;
298 1815 347 1890 12,
365 1816 438 1876 15-
449 1816 504 1888 22;
530 1815 579 1892 61,
596 1815 668 1876 25-
681 1815 731 1892 62,
747 1816 801 1896 24)
814 1818 869 1880 661
884 1814 1119 1879 Ciceronianam
1132 1811 1342 1876 narrationem
1358 1813 1439 1876 norit

224 1915 351 1996 quidem
374 1917 428 1981 sed
451 1919 582 1982 reticeat
604 1918 786 1999 diversaque
809 1918 932 1981 referat.
956 1916 1065 1998 Neque
1083 1934 1206 1998 semper
1221 1915 1352 1980 feliciter
1375 1915 1439 1997 egit

219 2019 383 2094 Asconius,
408 2040 480 2084 curn
493 2021 674 2086 Ciceronem
691 2021 872 2103 corrigerem
896 2039 970 2083 nam
994 2019 1075 2101 quod
1087 2019 1283 2083 Placentiam
1306 2020 1437 2082 oratoris

219 2122 412 2204 temporibus
434 2125 640 2207 municipium
663 2124 759 2188 fuisse
783 2123 910 2204 negarit
933 2125 972 2204 (p.
990 2123 1019 2198 2,
1042 2123 1092 2184 23.
1117 2123 1173 2195 24;
1197 2125 1226 2198 4,
1252 2124 1279 2185 l.
1298 2123 1343 2204 2),
1366 2141 1438 2186 cum

220 2223 298 2287 haec
330 2244 452 2307 quoque
486 2228 561 2291 urbs
594 2228 663 2308 lege
699 2226 781 2290 Iulia
819 2226 979 2290 civitatem
1012 2224 1188 2288 Romanam
1223 2225 1397 2308 accepisset
1406 2230 1439 2307 ³),

220 2345 321 2390 errore
344 2331 456 2411 captus
479 2332 544 2406 est,
580 2329 634 2410 qui
656 2348 691 2393 eo
713 2328 804 2392 facile
826 2329 1011 2413 explicatur,
1040 2328 1120 2410 quod
1144 2328 1314 2394 Caesarum
1337 2329 1438 2392 aetate

218 2429 380 2495 Placentia
401 2451 510 2496 rursus
532 2433 564 2496 in
585 2431 775 2496 coloniarum
798 2433 866 2495 erat
888 2433 1056 2510 66166164).
1088 2445 1093 2454 ·

304 2533 374 2597 Nou
402 2554 521 2599 errasse
550 2535 739 2611 Ciceronem,
775 2553 847 2597 cum
880 2553 912 2597 se
940 2535 973 2596 iu
1002 2534 1035 2599 C.
1064 2534 1189 2598 Rabirio
1216 2535 1437 2616 perduellionis

217 2655 268 2700 rec
288 2637 406 2700 XXXX
429 2638 554 2721 annisa)
577 2641 649 2702 ante
665 2637 863 2701 consulatum
880 2656 973 2700 suum
988 2637 1203 2718 interpositam
1219 2637 1438 2700 auctoritatem

219 2739 405 2804 sustinuisse
418 2741 501 2805 dicat
513 2742 558 2822 (in
571 2740 633 2804 Pis.
647 2740 675 2816 2,
687 2737 731 2824 4),
757 2739 811 2804 sed
825 2731 1150 2824 summatim'tcrnpus
1167 2739 1437 2822 comprehendisse

218 2845 300 2904 recte
316 2845 423 2906 monet
438 2845 591 2908 Asconius
610 2843 649 2927 (p.
663 2843 692 2918 5,
705 2843 833 2922 6-13),
857 2842 1004 2922 quoniam
1020 2841 1127 2906 Cicero
1143 2843 1208 2924 ipse
1225 2842 1331 2920 6111111)
1354 2846 1436 2908 recte

286 2994 306 3062 ¹)
325 2994 358 3048 cf.
382 2995 446 3048 Aac.
471 3010 497 3062 p.
524 2995 566 3060 76,
585 2995 683 3061 0-16,
719 2993 859 3063 praeterea
887 2993 1005 3047 cundem
1032 2998 1060 3047 et
1082 2993 1241 3049 Ciceronem
1272 2994 1346 3065 apud
1373 2996 1437 3051 Asc.

217 3094 243 3147 p.
262 3079 304 3144 76,
322 3081 354 3134 17
366 3081 433 3146 -78,
451 3081 475 3132 6.

287 3164 308 3232 2)
327 3163 439 3218 Asconii
450 3163 588 3218 6611166116
604 3163 671 3234 quin
689 3180 753 3218 vera
770 3165 815 3232 sit,
833 3165 954 3219 dubitari
971 3181 1026 3218 non
1046 3168 1152 3234 potest:
1172 3165 1206 3219 cI.
1225 3165 1321 3232 Pocth,
1339 3165 1374 3220 de
1387 3166 1438 3220 Fe·

217 3248 332 3304 nestella
347 3249 524 3304 historiarum
537 3249 670 3319 scriptore
681 3254 709 3303 et
720 3249 873 3303 carminum
892 3267 918 3320 p.
931 3251 978 3316 47;
997 3249 1155 3304 Bruecirner
1173 3249 1192 3303 1.
1204 3267 1227 3304 6.
1246 3267 1274 3320 p.
1287 3251 1437 3315 184-188;

217 3333 312 3405 Lange
329 3334 363 3388 Β.
382 3335 416 3388 Α.
435 3334 495 3388 111²
514 3353 539 3406 p.
558 3335 621 3400 227;
652 3335 683 3389 C.
701 3334 777 3390 John
805 3335 877 3389 Mus.
906 3335 994 3389 Rhen.
1018 3334 1123 3388 XXXI
1152 3353 1179 3405 p.
1197 3336 1249 3390 420
1270 3337 1346 3401 n.1;
1377 3337 1436 3391 Jos.

217 3421 335 3492 Ogdrelr,
353 3439 432 3476 wana
451 3421 501 3474 hat
514 3420 608 3475 Cicero
626 3419 670 3474 dic
688 3420 784 3475 beiden
803 3427 892 3475 ersten
905 3418 986 3475 Catil.
1000 3420 1095 3475 Reden
1105 3421 1253 3491 gehalten?
1269 3421 1438 3492 (Rudolpha

216 3509 392 3576 wert.¹⁸⁷⁸l„)
411 3525 436 3578 p.
456 3508 502 3572 17;
521 3506 551 3560 P.
565 3505 726 3560 Koetscbau
745 3505 762 3560 l.
781 3523 803 3560 c.
827 3524 853 3576 p.
872 3507 889 3562 5
911 3524 938 3560 6.
957 3507 986 3572 5;
1005 3507 1038 3560 Ε.
1057 3524 1081 3559 v.
1102 3507 1183 3562 Stern
1198 3508 1214 3561 l.
1234 3525 1258 3562 6.
1277 3525 1303 3578 p.
1316 3509 1350 3562 47
1364 3525 1436 3578 sqq.;

218 3591 305 3646 Aliter
321 3592 427 3647 iudicat
444 3594 592 3648 Drumann
610 3591 641 3644 II
660 3609 686 3662 p.
704 3593 756 3646 202
773 3609 800 3646 6.
818 3593 865 3658 52;
884 3593 912 3646 'V
931 3610 957 3662 p.
975 3593 1028 3646 410
1044 3610 1085 3663 sq.

284 3681 306 3746 ⁸)
323 3678 357 3733 cf.
376 3678 504 3734 Niebuhr
521 3677 555 3732 R.
574 3677 608 3733 G.
628 3677 673 3731 11¹
690 3694 716 3747 p.
735 3679 769 3732 78
786 3695 842 3748 sq.;
864 3678 1043 3748 Marquardt,
1061 3679 1150 3734 Roem.
1171 3679 1437 3749 Staatsrerualtung

217 3763 280 3834 I¹p.
298 3765 339 3820 61,
368 3764 400 3820 Ο.
412 3763 572 3819 Hirschfeld
582 3771 642 3831 (zur
651 3763 816 3818 Geschichte
833 3763 881 3818 des
899 3763 976 3818 16116.
987 3763 1090 3820 Rechts
1108 3783 1134 3836 p.
1153 3767 1170 3820 5
1187 3783 1214 3819 6.
1232 3767 1258 3834 8)
1277 3781 1340 3819 cum
1360 3763 1437 3820 scho-

215 3849 311 3904 liastae
329 3851 451 3921 (p.3,9.
472 3852 513 3917 10)
537 3849 621 3904 verba
643 3849 682 3904 616
699 3851 829 3920 suppleat
853 3855 978 3921 ‘eamque
1001 3850 1136 3905 coloniam
1162 3850 1231 3920 (scil.
1255 3850 1435 3917 Placentiam)

217 3935 288 3990 LIII
308 3938 398 4006 [annia
415 3941 479 4008 post
490 3936 601 3991 civitate
613 3935 752 4006 Romana]
768 3935 925 4008 d[ona]tanr
943 3951 1002 3991 essa
1018 3935 1182 3990 Invenimua’
1200 3936 1255 3990 iam
1269 3952 1344 3991 anno
1355 3939 1438 4004 ω’1,,5

215 4027 279 4092 post
302 4022 408 4077 bellum
436 4021 571 4093 Ligurum
598 4021 688 4076 fauste
723 4022 879 4078 confectum
898 4021 1054 4077 Placentiae
1087 4021 1225 4076 civitatem
1255 4023 1350 4077 datam
1378 4039 1445 4090 esse¹

213 4108 350 4179 opinatur.

284 4194 383 4262 4).1111.
408 4193 526 4259 Beloch,
553 4193 601 4247 der
623 4193 680 4248 Ital.
706 4193 787 4248 Rund
811 4203 891 4249 unter
914 4195 1000 4248 Rome
1024 4195 1196 4265 HegemonIe
1219 4195 1339 4266 (lipsiae
1357 4195 1435 4264 1880)

215 4296 241 4349 p.
261 4279 294 4333 12
311 4297 338 4334 n.
356 4282 390 4334 36
413 4287 441 4334 61
464 4297 489 4350 p.
508 4279 566 4334 145.
609 4278 772 4349 Marquardt
798 4279 823 4348 (1.
842 4297 865 4335 e.
888 4297 915 4351 p.
934 4281 992 4335 152.
1017 4281 1077 4336 153.
1101 4282 1151 4335 118
1174 4287 1244 4352 sqq.)
1271 4281 1306 4335 dc
1332 4279 1384 4335 hac
1407 4297 1435 4335 re

214 4364 343 4419 dubitare
356 4365 470 4421 videtur.

282 4455 304 4513 1)
323 4451 415 4506 Etiam
426 4451 481 4506 Dio
493 4451 642 4506 XXXVII
662 4453 704 4518 26,
724 4455 737 4506 1
756 4452 872 4506 eandem
890 4469 973 4523 quam
992 4459 1085 4508 orator
1105 4459 1133 4506 et
1150 4451 1288 4507 Asconius
1305 4453 1436 4522 temporis

213 4537 285 4590 inter
297 4537 478 4592 Saturninum
489 4537 664 4592 interfectum
676 4544 704 4592 et
717 4537 861 4592 Rabirium
876 4544 1036 4592 accusatum
1048 4539 1206 4608 interpositi
1222 4539 1355 4592 rationem
1365 4538 1435 4592 iniit.

283 4625 304 4690 ο)
322 4622 377 4677 Pro
405 4624 435 4678 C.
460 4623 529 4678 Bab.
549 4623 623 4694 perd.
642 4640 688 4677 reo
705 4625 730 4690 7,
748 4624 793 4684 201
817 4624 846 4678 in
865 4623 945 4680 Catil.
970 4623 1028 4692 12,
1045 4626 1075 4690 4;
1100 4623 1220 4698 PhiIIpp.
1239 4624 1315 4678 VIII
1339 4625 1364 4692 5,
1387 4625 1434 4690 15;

215 4707 292 4762 Brut.
310 4711 352 4777 62,
369 4710 428 4764 224.
