3560 5242
816 433 856 488 iiii

408 651 635 726 nin.34,11.
860 650 942 713 Τ111.
970 647 1059 731 Apol.
1088 648 1130 711 48
1159 666 1190 730 p.
1221 646 1292 722 147,
1317 647 1357 708 14
1381 663 1450 726 sqq.

273 755 329 816 δὀἱ
344 755 494 836 dernerpit
510 760 539 815 11
555 756 709 830 noscitur,
726 758 816 813 ostro
904 754 979 812 Luco
994 749 1114 814 cotidie
1134 749 1299 831 interfecta
1314 745 1451 828 resplen-

228 858 383 920 lchuniur
405 863 434 918 et
456 855 600 932 redeunt,
862 855 913 916 det
942 858 974 918 11
1000 849 1149 916 tenebrae
1178 851 1245 932 pari
1274 850 1338 914 vice
1362 850 1452 913 dece

271 961 362 1024 fiores
386 958 533 1022 occidunt
555 960 587 1022 et
609 959 816 1033 νεοίοεεεαατ,
862 956 963 1020 dendo
979 953 1160 1030 succedunt,
1177 953 1285 1015 sidero
1301 951 1451 1032 defunctu

228 1066 300 1146 post
319 1063 442 1126 senium
459 1059 589 1124 arbusta
604 1058 817 1132 frondescunt,
861 1060 1033 1134 vivescunt,
1057 1059 1229 1139 tempore
1244 1055 1298 1118 ubi
1315 1053 1454 1117 finiun-

269 1165 388 1226 remina
416 1182 477 1224 νιοα
500 1164 563 1224 nisi
585 1169 738 1243 corrupta
760 1180 816 1222 re·
863 1164 937 1236 tur,
960 1158 1125 1242 incipiunt,

226 1269 407 1329 virescunt:
905 1262 1057 1326 fructus
1080 1265 1342 1325 consummantur
1357 1262 1390 1323 11
1403 1275 1454 1323 re*

268 1369 314 1432 111
335 1387 447 1452 corpus
469 1367 501 1429 in
525 1368 682 1450 sepulcro,
707 1370 818 1430 1111-
861 1365 968 1442 dsunt,

226 1472 338 1536 bores
383 1472 414 1533 in
460 1469 608 1534 hiberno:
653 1469 817 1533 occultant
904 1471 988 1531 11111
1020 1469 1141 1529 cornino
1179 1486 1241 1527 νιονι
1280 1465 1343 1527 nisi
1375 1465 1454 1526 εον·-1

226 1573 359 1638 virorem
387 1573 530 1637 ariditate
561 1571 702 1636 mentita.
741 1571 815 1652 quid
860 1577 957 1651 rupta
990 1571 1022 1632 11
1054 1569 1249 1633 dissoluta
1285 1565 1452 1631 fecundius

226 1675 372 1750 11111111,
401 1680 438 1739 ut
467 1674 565 1738 cruda
588 1673 690 1737 adhuc
712 1673 815 1737 hieme
835 1653 839 1762 Ι
859 1679 1006 1754 sui-poci,

225 1777 399 1842 revivescat
421 1777 605 1841 1111111111
632 1768 838 1929 exspectan-p
902 1773 1008 1838 omnia
1063 1773 1221 1857 pereundo
1275 1774 1453 1846 servantur,

226 1881 302 1944 dum
318 1880 408 1944 nohis
424 1881 520 1944 etiam
536 1879 672 1961 corporis
689 1897 742 1942 ver
756 1881 813 1941 111.
834 1934 837 1962 ,
858 1878 964 1941 omnia
986 1878 1024 1940 de
1041 1877 1172 1940 interitu
1188 1873 1407 1940 reformantur.

311 1982 473 2065 Theophili
497 1982 592 2044 rerba
613 1979 667 2062 (ad
692 1981 796 2044 Autol.
820 1981 835 2043 ’1
861 1982 913 2059 13)
939 1983 1014 2043 sunt
1037 1979 1129 2043 haec:

234 2095 237 2104 '
312 2079 352 2149 Εἰ
380 2081 440 2170 γάρ
463 2081 586 2165 βούλει,
614 2079 813 2168 κατανόησον
834 2080 892 2168 τὴν
914 2085 987 2145 τῶν
1010 2079 1151 2165 καιρῶν
1173 2077 1227 2143 καὶ
1250 2073 1374 2164 ἡμερῶν
1395 2075 1454 2142 καὶ

226 2189 348 2252 νυκτῶν
369 2179 531 2272 τελευτὴν,
556 2185 631 2262 πῶς
653 2183 706 2248 καί
730 2177 812 2249 aiud
834 2183 998 2270 τελευτᾷ
1020 2182 1074 2247 καὶ
1098 2175 1281 2247 ἀνίσταται.
1307 2225 1310 2234 ·

316 2285 358 2353 Τι’
388 2287 425 2353 δὲ
458 2287 513 2352 καὶ
547 2281 614 2368 οίγὶ
648 2281 667 2372 ἡ
701 2291 763 2350 τῶν
793 2282 994 2372 σπερμάτων
1027 2284 1079 2350 καὶ
1112 2288 1271 2366 καρπῶν
1302 2280 1451 2370 γινομένη

226 2388 458 2472 ἐξανάστασις,
482 2389 535 2454 καὶ
558 2391 653 2454 wico
675 2384 723 2467 εἰς
744 2381 802 2475 τὴν
823 2393 938 2474 χρῆσιν
959 2391 1024 2453 τῶν
1045 2379 1251 2472 άνθριόπων,·
1266 2424 1307 2434 -
1331 2380 1370 2451 Ei
1392 2377 1454 2472 γάρ

225 2491 313 2575 τύχοι
338 2489 460 2573 εἰπεῖν,
484 2489 601 2570 κόκκος
623 2487 713 2556 σίτου
736 2485 755 2577 ἢ
780 2494 844 2556 τῶν
861 2491 988 2556 λοιπῶν
1005 2488 1213 2577 σπερμάτων,
1237 2481 1324 2553 ἒπάν
1339 2487 1453 2574 βληθῇ

225 2591 272 2675 τίς
297 2593 357 2682 τὴν
378 2600 449 2681 γῆν,
484 2599 617 2677 πρῶτον
639 2587 846 2681 ἀποθνήσκει
870 2593 923 2658 καί
947 2591 1093 2672 λύεται,
1123 2584 1194 2656 είτα
1216 2587 1372 2678 ἐγείρεται
1395 2589 1452 2655 καὶ

223 2694 346 2784 γίνεται
377 2694 505 2778 στάγες.
541 2733 577 2742 -
606 2691 652 2759 Ἡ
677 2694 713 2760 δὲ
741 2699 819 2762 τῶν
846 2693 1022 2781 δένδρων
1048 2693 1103 2760 καὶ
1130 2687 1313 2778 ἀκροδρύων
1339 2691 1452 2780 φύσις,

225 2806 298 2878 πῶς
320 2793 389 2881 ούχὶ
412 2793 495 2864 κατὰ
518 2798 717 2885 πρόσταγμα
739 2803 818 2863 θεοῦ
840 2795 876 2879 ἐξ
897 2791 1038 2885 ἀφανοῦς
1054 2797 1108 2862 καὶ
1125 2789 1268 2882 ἀοράτου
1283 2787 1367 2860 κατὰ
1381 2817 1454 2858 και·

226 2895 301 2990 ροὶς
324 2899 545 2989 προφέρουσιν
566 2895 654 2979 τούς
676 2899 870 2988 καρπούς,
885 2894 960 2966 ’Ἔτι
982 2894 1045 2986 μὴν
1068 2897 1170 2965 ἐνίοτε
1191 2897 1246 2962 καὶ
1271 2893 1452 2984 στρουθίον-

225 2997 246 3090 ii
266 2997 333 3068 cris
354 3004 484 3069 λοιπῶν
506 3007 673 3083 πετεινῶν,
697 2996 861 3069 καταπιὸν
884 3005 1019 3089 σπέρμα
1040 2999 1163 3090 μηλέας
1178 2993 1197 3087 ’ἢ
1214 3003 1312 3086 σοκης
1327 2991 1347 3081 ξ’
1361 3021 1451 3077 τινος

227 3102 351 3193 ἑτέρου,
382 3093 484 3191 ν’,λὲτεν
509 3102 570 3168 ε’πί
592 3128 665 3169 τινα
692 3103 794 3191 λόφον
823 3103 978 3193 πετριόδη
1006 3099 1027 3192 ἢ
1048 3103 1155 3190 τάφον
1177 3101 1232 3168 καὶ
1255 3095 1449 3188 ἀφιύδειαεν,

225 3200 350 3273 κάκεῖνο
380 3206 579 3292 δραξάμενον
605 3202 706 3294 ἀνέφυ
733 3206 874 3294 δένδρον,
910 3206 949 3274 τό
981 3231 1064 3274 ποτε
1091 3204 1288 3272 καταποθὲν
1315 3203 1369 3268 καὶ
1392 3195 1452 3267 διά

224 3309 384 3396 τοσαύτης
405 3315 593 3396 θερμασίας
615 3307 751 3376 διελθόν
773 3360 780 3374 .
805 3361 812 3376 .
837 3361 844 3375 .

307 3407 347 3477 Εἰ
370 3411 406 3477 δέ
430 3413 483 3476 καὶ
507 3409 780 3495 θαυμασιώτερον
803 3410 916 3496 θέαμα
938 3411 1048 3491 θέλεις
1070 3410 1267 3478 θεάσασθαι
1283 3407 1450 3496 γινόμενον

224 3508 310 3604 πρὸς
338 3508 510 3596 ἀπόδειξιν
538 3507 760 3594 ἀναστάσειος,
792 3509 828 3579 ού
856 3513 956 3599 μόνον
982 3519 1046 3580 τῶν
1068 3511 1223 3601 ἐπιγείων
1246 3511 1450 3600 πραγμάτιον

224 3611 307 3683 ἀλλά
329 3618 381 3683 καί
399 3622 462 3682 τῶν
482 3615 515 3682 ἐν
530 3609 662 3706 σίρανηῖ,
685 3617 888 3706 κατανόησον
903 3611 959 3706 τὴν
975 3611 1157 3683 ἀνάστασιν
1171 3621 1229 3701 τῆς
1243 3615 1377 3703 σελήνης
1392 3608 1453 3700 τὴν

224 3720 307 3788 κατά
333 3725 420 3807 μῆνα
447 3719 628 3808 γενομένην,
659 3724 733 3800 πῶς
758 3719 873 3808 φθίνει
902 3713 1109 3808 ἀποθνήσκει
1140 3714 1312 3784 ἀνίσταται
1336 3714 1448 3782 πάλιν.

301 3819 377 3890 Ἔτι
409 3817 546 3890 ἀκοισον
578 3824 632 3887 καὶ
667 3821 700 3888 ἕν
726 3826 777 3890 σοὶ
809 3817 896 3911 einp
925 3819 1016 3910 ἔργον
1039 3819 1250 3901 ἀναστάσεως
1271 3817 1448 3908 γενόμενον,

224 3920 283 3994 κάν
305 3919 443 4013 ἀγνοεῖς,
467 3915 493 3992 ὦ
516 3917 684 4014 ἄνθρωπε,
722 3921 818 4006 ’Ίσως
838 3924 899 4012 γάρ
923 3949 1007 3993 ποτε
1030 3925 1117 4014 νόσιμ
1139 3921 1333 4012 περιπεσών
1354 3917 1446 3989 ἀντιό-

224 4028 322 4109 λεσάς
344 4053 404 4096 σοι·
424 4028 484 4108 τὰς
505 4027 627 4116 σάρκας
648 4028 783 4117 κοίτην
805 4022 895 4110 ἰσχὺν
917 4029 970 4094 καὶ
989 4023 1027 4096 τὸ
1047 4021 1143 4108 εἶδος,
1167 4025 1276 4106 ἐλέους
1292 4025 1328 4092 δὲ
1344 4023 1455 4106 τιγών·

224 4127 317 4221 παρὰ
339 4137 419 4198 θεοῦ
440 4133 494 4198 καὶ
517 4129 636 4212 ὶάσειος
657 4129 759 4197 πάλιν
781 4125 948 4215 ἀπέλαβές
971 4152 1028 4196 σου
1049 4123 1089 4196 τὸ
1114 4136 1207 4213 σῶμα
1228 4129 1283 4196 καὶ
1305 4122 1345 4195 τὸ
1360 4121 1448 4206 εἶδος

223 4237 278 4304 καί
301 4229 358 4323 τίγν
380 4231 468 4318 ίσχίν
490 4288 497 4302 .
521 4286 528 4300 .
553 4285 560 4302 .

308 4341 499 4424 Theophilus
522 4341 632 4424 igitur,
660 4345 696 4405 ut
725 4341 985 4405 resurrectionem
1009 4343 1206 4404 mortuorum
1229 4337 1295 4401 iore
1318 4336 1447 4399 demon·

225 4447 317 4522 stret,
351 4445 490 4527 primum
518 4445 644 4528 respicit
673 4449 850 4527 temporum
878 4449 911 4508 et
938 4445 1059 4508 dierum
1088 4446 1119 4506 et
1141 4441 1280 4506 noctium
1300 4439 1447 4503 interitus

225 4553 319 4630 atque
342 4551 439 4611 ortus.
483 4547 604 4612 Deinde
627 4549 742 4612 transit
764 4548 804 4612 od
828 4548 949 4611 semina
972 4551 1004 4611 et
1026 4549 1148 4611 fructus
1171 4545 1227 4621 111,
1250 4548 1286 4608 11
1307 4544 1447 4627 primunr

228 4651 265 4716 de
290 4651 473 4726 seminibus,
496 4651 607 4715 deinde
631 4651 668 4715 de
692 4651 854 4715 arboribus
878 4655 910 4714 11
934 4651 1087 4714 fructibus
1111 4649 1205 4714 rerba
1221 4649 1325 4713 faciat.
1364 4649 1446 4712 'ium
