3480 5230
862 395 1081 488 ...J-

387 643 390 650 ’
454 615 649 683 Aristoteles
672 619 776 682 totam
800 615 964 682 actionem
986 616 1020 682 in
1050 636 1116 682 unu
1138 635 1216 681 voce
1238 614 1339 699 ponit
1350 619 1374 697 ¹)
1409 613 1475 682 Sed
1504 613 1594 682 haud

368 722 436 788 scio
470 744 512 788 an
539 721 760 805 Chrysippum
788 721 821 787 in
850 722 910 788 ills
934 721 1094 790 divisione
1122 723 1279 807 praeierit
1306 721 1344 802 is,
1377 721 1433 806 qui
1464 721 1594 808 primus

368 825 566 911 peculiarem
591 824 711 890 librum
736 826 930 893 deuotione
954 828 1153 912 composuit,
1181 827 1436 913 Theophrastus,
1446 831 1470 904 ⁸)
1502 825 1594 890 nisus
1693 834 1698 853 ¹

1699 1697 1702 1842 i

1700 2870 1702 3007 i

366 929 490 1010 verbis
513 951 597 1015 quse
619 929 775 1014 leguntur
796 931 906 1060 apud
908 935 1011 998 huon.
1035 931 1132 1016 VIp.
1156 939 1196 999 35
1212 953 1259 1016 sq.
1282 931 1347 997 We
1373 927 1595 1017 Θεόφραστος

366 1058 385 1100 o
374 1027 628 1122 φιλόσοφος(
611 1031 732 1119 ομοίως
754 1034 855 1123 φησιν
877 1029 959 1102 εἶναι
980 1033 1131 1122 μέγιστον
1146 1038 1297 1124 ῥητορικῇ
1318 1026 1403 1123 πρὸς
1416 1032 1455 1101 τὸ
1471 1037 1594 1100 πεῖσαι

360 1129 426 1224 σὴν
450 1132 638 1225 ὑπόκρισιν,
669 1134 716 1218 εἷς
737 1131 796 1218 τὰς
818 1131 919 1226 ἆρχόις
940 1131 1113 1228 ἀναφέρων
1135 1135 1191 1205 καί
1211 1131 1253 1205 τὰ
1281 1137 1381 1226 πάδη
1401 1141 1459 1225 τῆς
1486 1140 1597 1260 ιψυχνς

368 1246 420 1320 (nt
442 1240 636 1307 Aristoteles
659 1242 912 1325 significaverat)
934 1242 989 1309 καὶ
1012 1240 1070 1329 τὴν
1091 1240 1286 1330 κατανόησιν
1307 1239 1439 1324 τούτων,
1469 1235 1517 1319 ὠς
1540 1239 1593 1304 καὶ

366 1347 408 1432 τῇ
428 1339 486 1434 ὅλῃ
510 1342 677 1435 ἐπιστήμῃ
700 1338 920 1432 σύμφωνον
893 1369 976 1412 ειναι
998 1345 1056 1433 σὴν
1077 1344 1202 1436 κίνησιν
1216 1349 1271 1411 τοῖν
1287 1343 1441 1429 σώματος
1455 1343 1514 1409 καὶ
1538 1335 1594 1409 τόν
1699 1419 1700 1438 ¹

364 1444 457 1514 τόνον
479 1451 537 1534 τῆς
561 1453 666 1535 ψυχῆς
693 1449 805 1532 (immo
828 1453 960 1537 pruris).
1006 1450 1145 1515 Videtur
1164 1449 1263 1532 igitur
1278 1449 1480 1533 Chrysippus
1508 1467 1591 1510 unus

367 1551 408 1616 de
431 1551 471 1616 iis
495 1550 612 1616 Stoicis
635 1551 747 1635 fuisse,
780 1553 836 1636 qui
864 1546 1039 1640 ὑπόκρισιν
1067 1557 1220 1637 quartam
1247 1552 1432 1618 rhetoricae
1459 1555 1592 1634 partem

367 1675 437 1720 esse
459 1653 668 1742 voluerint.³)

452 1757 629 1823 Praeterea
662 1758 795 1842 scripsit
826 1758 879 1825 hio
915 1759 1129 1845 philosophus
1156 1759 1277 1825 librum
1305 1757 1383 1846 περὶ
1410 1754 1533 1840 λέξεων
1559 1761 1593 1820 et
1699 1743 1700 1808 i

366 1859 466 1924 stium
482 1859 601 1925 librum
623 1861 700 1950 περὶ
719 1860 779 1940 τὰς
805 1861 904 1943 λέξεις
925 1861 981 1929 καὶ
1001 1854 1058 1928 τὸν
1078 1855 1149 1928 κατ’
1173 1856 1273 1942 αὐτὰς
1294 1859 1433 1947 λόγονῆ
1470 1861 1590 1926 Nescio
1699 1873 1700 1880 ’

368 1969 478 2028 utrum
503 1965 535 2028 in
559 1964 611 2030 his
633 1964 727 2030 libris
751 1987 793 2029 sn
820 1965 853 2029 in
881 1971 951 2031 arte
978 1965 1142 2032 rhetorica
1169 1966 1380 2050 praeceperit
1401 1964 1475 2044 illu,
1504 1984 1590 2048 quse

366 2067 488 2131 Fronto
512 2067 552 2132 de
576 2068 763 2153 eloquentia
778 2091 809 2152 p.
828 2077 886 2136 146
903 2069 986 2135 Nab.
1002 2068 1118 2133 tradit:
1142 2068 1282 2152 „evigila
1297 2075 1331 2135 et
1346 2067 1492 2134 adtende
1507 2065 1589 2151 quid

367 2171 506 2253 cupiat
528 2172 598 2254 ipse
615 2171 825 2256 Chrysippus.
871 2173 955 2237 Num
975 2179 1148 2238 contentus
1165 2179 1215 2238 est
1237 2173 1365 2252 docere,
1386 2193 1456 2238 rem
1479 2177 1589 2237 osten·

366 2272 454 2351 dere,
480 2272 626 2353 definire,
657 2275 854 2360 explanare?
891 2275 963 2340 Non
991 2280 1042 2340 est
1071 2281 1258 2342 contentus:
1288 2297 1402 2342 rerum
1432 2281 1534 2359 anget
1555 2274 1587 2337 in

366 2384 525 2460 quantum
548 2382 665 2461 potest,
689 2384 881 2462 exaggerat,
915 2379 1115 2462 praemunit,
1149 2379 1261 2458 iterat,
1290 2379 1416 2458 differt,
1438 2377 1587 2454 recurrit,

365 2480 556 2565 interroget,
582 2479 748 2554 describit,
774 2482 898 2562 dividit,
920 2499 1079 2564 personas
1099 2482 1202 2565 fingit,
1225 2484 1405 2549 orationem
1422 2503 1515 2547 susm
1532 2477 1587 2544 ulii

366 2584 601 2650 accommodat:
622 2588 724 2649 ταῦτα
737 2583 773 2650 δὲ
784 2581 870 2652 ἔστιν
881 2578 989 2666 αόξειν
1007 2585 1229 2666 διασκευάζειν
1241 2583 1474 2672 ἐξεργάζεσθαι
1487 2581 1587 2650 πάλιν

365 2685 468 2775 λέγειν
483 2685 700 2774 ἐιιαναφέρειν
712 2687 902 2775 saponem
915 2692 1196 2775 προσωιιοιιοιεῖν.
1221 2689 1361 2754 Videsne
1374 2688 1417 2754 ab
1432 2709 1471 2753 eo
1485 2707 1587 2772 paene

366 2791 474 2855 omnis
513 2795 680 2854 oratorum
714 2813 806 2856 arma
840 2793 998 2858 tractari?
1042 2792 1148 2875 Igitur
1180 2794 1207 2857 si
1236 2793 1307 2876 ipse
1341 2791 1584 2876 Chrysippus

368 2894 419 2959 his
442 2894 600 2960 utendum
629 2915 701 2960 esse
734 2897 916 2961 ostendit
943 2900 1030 2980 eqs.“
1079 2895 1197 2959 Primis
1225 2901 1258 2960 et
1290 2896 1446 2960 extremis
1479 2893 1585 2960 verbis

366 3003 478 3082 aperte
501 2996 649 3082 postulet
665 2998 795 3077 Fronto,
819 3004 857 3064 nt
879 2999 1049 3064 credamus
1074 2997 1289 3082 Chrysippum
1314 2998 1355 3064 de
1378 2999 1429 3062 his
1457 2995 1584 3062 dicendi

367 3099 492 3181 formis,
527 3122 611 3183 qnae
645 3122 756 3166 omnes
787 3101 856 3166 sere
889 3102 1031 3185 posteris
1058 3101 1179 3184 figurae
1208 3107 1297 3180 sunt,
1331 3100 1432 3167 verba
1462 3101 1585 3166 fecisse.

367 3205 480 3287 Neque
504 3203 679 3286 quicquum
703 3204 824 3285 obstat,
847 3226 888 3269 ne
904 3202 965 3269 hoc
983 3226 1093 3268 verum
1110 3225 1181 3270 esse
1196 3212 1362 3288 putemus;
1386 3223 1583 3289 quamquam

367 3314 457 3372 certo
479 3307 582 3373 statui
610 3308 723 3392 nequit
751 3308 877 3373 Graeco
905 3305 1063 3372 vocabula
1091 3307 1205 3374 eudem
1239 3309 1303 3372 iam
1334 3307 1518 3392 Chrysippo
1552 3306 1582 3368 in

366 3431 426 3475 usn
449 3410 560 3478 fnisse.

453 3512 604 3578 Ceterum
642 3514 675 3579 in
713 3513 785 3580 loco
822 3516 880 3582 illo
912 3513 1132 3580 Frontoniuno
1165 3513 1293 3579 Graeco
1326 3512 1485 3578 vocabule
1524 3533 1582 3578 non

367 3636 547 3699 congruere
576 3639 648 3683 cnm
679 3618 805 3687 Latinis
833 3622 899 3687 iam
922 3617 1132 3687 Heindorfius
1160 3617 1287 3700 vidit.⁵)
1330 3615 1395 3682 Sed
1422 3637 1488 3680 uon
1515 3623 1583 3682 tun-

367 3794 397 3843 st
413 3790 534 3860 corporis
553 3794 684 3857 motum·‘;
704 3789 757 3842 Cic.
776 3789 809 3842 de
828 3789 879 3842 inv.
899 3788 959 3856 193
978 3789 1057 3843 Dion.
1076 3790 1110 3844 de
1128 3789 1154 3842 vi
1172 3789 1249 3843 Dem.
1269 3805 1291 3844 c.
1309 3790 1357 3842 53:
1375 3785 1471 3854 διττὴν
1488 3785 1518 3840 δὲ
1537 3787 1583 3854 τὴν

367 3873 450 3944 φύσιν
468 3873 550 3944 αὐτῆς
568 3865 656 3928 οὖσαν
673 3875 791 3947 ὁρῶν-·
802 3879 848 3926 καὶ
869 3874 921 3944 γὰρ
938 3875 974 3926 τὰ
999 3873 1082 3939 πάδη
1104 3873 1139 3927 τὰ
1157 3875 1203 3940 τῆς
1226 3875 1316 3943 φωνῆς
1338 3877 1384 3925 καὶ
1402 3873 1437 3926 uri
1457 3873 1582 3945 σχήματα

366 3961 417 4012 ταῦ
435 3959 570 4029 soporos.

437 4048 458 4116 ¹)
477 4063 522 4102 arn
541 4048 609 4102 rhet.
630 4047 670 4102 III
690 4052 741 4116 lp.
759 4049 811 4101 172
829 4049 933 4103 Rocm.:
952 4050 1030 4099 ἔστιν
1039 4044 1149 4111 dieder}
1163 4048 1214 4112 μὲν
1231 4048 1261 4097 ἐν
1278 4047 1312 4116 τῇ
1328 4047 1407 4118 φωνῇ
1416 4085 1423 4110 ,
1450 4048 1509 4103 πῶς
1518 4043 1583 4116 αὐτῇ

368 4127 411 4182 δεῖ
426 4133 556 4200 χρῆσθαι
573 4134 642 4202 πρός
660 4137 779 4186 ἕκαστον
796 4133 900 4202 πάθας,
920 4132 981 4185 σίσν
997 4131 1067 4185 πότε
1084 4128 1188 4205 μεγάλῃ
1207 4136 1252 4184 καὶ
1271 4131 1340 4184 πότι
1356 4134 1443 4201 μικρᾷ
1461 4137 1508 4184 καὶ
1518 4135 1583 4202 μέσῃ

369 4221 416 4269 καὶ
435 4220 493 4274 πῶς
509 4225 566 4274 ταῖς
584 4219 689 4288 τόνοις,
715 4219 776 4272 οἷον
793 4216 870 4284 ὀξείᾳ
891 4224 939 4271 καί
953 4223 1054 4290 βαρείᾳ
1073 4222 1119 4271 καὶ
1137 4221 1215 4289 μέσῃ,
1234 4221 1281 4270 καὶ
1305 4215 1422 4288 ῥυθμοῖς
1443 4223 1501 4270 σι’σι
1518 4215 1583 4286 πρός

367 4305 479 4356 ἕκαστα.

439 4391 460 4453 ⁹)
481 4391 557 4459 Diog.
575 4391 606 4445 L.
625 4393 648 4444 V
667 4393 708 4444 48.

438 4479 459 4538 ³)
478 4476 556 4545 Dicg.
574 4478 606 4531 L.
625 4477 736 4531 vl143.

438 4561 460 4626 ⁴)
479 4561 558 4630 Diog.
577 4564 608 4618 L.
627 4563 676 4617 VH
698 4565 753 4617 192.

438 4649 459 4712 ⁵)
478 4647 513 4702 ci.
532 4649 648 4724 Spengel
666 4651 818 4723 Συναγωγή
836 4652 944 4721 τεχνῶν
962 4665 988 4723 p.
1006 4652 1023 4702 8
1041 4667 1066 4704 n.
1088 4650 1127 4706 13.
